{
  "ticker": "GTX",
  "name": "Garrett Motion Inc.",
  "quarters": [
    {
      "date": "2020-12-31T00:00:00",
      "quarter_label": "2020-12 (Q4)",
      "revenue": 1008000000,
      "gross_profit": 178000000,
      "operating_income": null,
      "net_income": 26000000,
      "opex": null,
      "cogs": 830000000,
      "rd": null,
      "sga": 62000000,
      "fcf": 160000000,
      "ocf": 161000000,
      "capex": -1000000,
      "gross_margin": 0.1765873015873016,
      "op_margin": null,
      "fcf_margin": 0.15873015873015872
    },
    {
      "date": "2021-03-31T00:00:00",
      "quarter_label": "2021-03 (Q1)",
      "revenue": 997000000,
      "gross_profit": 196000000,
      "operating_income": null,
      "net_income": -105000000,
      "opex": null,
      "cogs": 801000000,
      "rd": null,
      "sga": 55000000,
      "fcf": 14000000,
      "ocf": 32000000,
      "capex": -18000000,
      "gross_margin": 0.19658976930792377,
      "op_margin": null,
      "fcf_margin": 0.014042126379137413,
      "fcf_margin_change": -0.14468803235102132
    },
    {
      "date": "2021-06-30T00:00:00",
      "quarter_label": "2021-06 (Q2)",
      "revenue": 935000000,
      "gross_profit": 193000000,
      "operating_income": null,
      "net_income": 409000000,
      "opex": null,
      "cogs": 742000000,
      "rd": null,
      "sga": 51000000,
      "fcf": -445000000,
      "ocf": -423000000,
      "capex": -22000000,
      "gross_margin": 0.20641711229946524,
      "op_margin": null,
      "fcf_margin": -0.47593582887700536,
      "fcf_margin_change": -0.4899779552561428
    },
    {
      "date": "2021-09-30T00:00:00",
      "quarter_label": "2021-09 (Q3)",
      "revenue": 839000000,
      "gross_profit": 163000000,
      "operating_income": null,
      "net_income": 63000000,
      "opex": null,
      "cogs": 676000000,
      "rd": null,
      "sga": 60000000,
      "fcf": -89000000,
      "ocf": -55000000,
      "capex": -34000000,
      "gross_margin": 0.19427890345649582,
      "op_margin": null,
      "fcf_margin": -0.10607866507747318,
      "fcf_margin_change": 0.36985716379953215
    },
    {
      "date": "2021-12-31T00:00:00",
      "quarter_label": "2021-12 (Q4)",
      "revenue": 862000000,
      "gross_profit": 155000000,
      "operating_income": null,
      "net_income": 128000000,
      "opex": null,
      "cogs": 707000000,
      "rd": null,
      "sga": 50000000,
      "fcf": 138000000,
      "ocf": 136000000,
      "capex": 2000000,
      "gross_margin": 0.17981438515081208,
      "op_margin": null,
      "fcf_margin": 0.16009280742459397,
      "rev_growth_yoy": -0.14484126984126985,
      "fcf_margin_change": 0.2661714725020672
    },
    {
      "date": "2022-03-31T00:00:00",
      "quarter_label": "2022-03 (Q1)",
      "revenue": 901000000,
      "gross_profit": 175000000,
      "operating_income": null,
      "net_income": 88000000,
      "opex": null,
      "cogs": 726000000,
      "rd": null,
      "sga": 53000000,
      "fcf": 44000000,
      "ocf": 73000000,
      "capex": -29000000,
      "gross_margin": 0.19422863485016648,
      "op_margin": null,
      "fcf_margin": 0.048834628190899,
      "rev_growth_yoy": -0.09628886659979939,
      "rev_growth_yoy_accel": 0.04855240324147046,
      "fcf_margin_change": -0.11125817923369496
    },
    {
      "date": "2022-06-30T00:00:00",
      "quarter_label": "2022-06 (Q2)",
      "revenue": 859000000,
      "gross_profit": 169000000,
      "operating_income": null,
      "net_income": 85000000,
      "opex": null,
      "cogs": 690000000,
      "rd": null,
      "sga": 54000000,
      "fcf": 81000000,
      "ocf": 104000000,
      "capex": -23000000,
      "gross_margin": 0.19674039580908032,
      "op_margin": null,
      "fcf_margin": 0.09429569266589057,
      "rev_growth_yoy": -0.08128342245989305,
      "rev_growth_yoy_accel": 0.015005444139906343,
      "fcf_margin_change": 0.04546106447499156
    },
    {
      "date": "2022-09-30T00:00:00",
      "quarter_label": "2022-09 (Q3)",
      "revenue": 945000000,
      "gross_profit": 178000000,
      "operating_income": null,
      "net_income": 105000000,
      "opex": null,
      "cogs": 767000000,
      "rd": null,
      "sga": 57000000,
      "fcf": 35000000,
      "ocf": 61000000,
      "capex": -26000000,
      "gross_margin": 0.18835978835978837,
      "op_margin": null,
      "fcf_margin": 0.037037037037037035,
      "rev_growth_yoy": 0.1263408820023838,
      "rev_growth_yoy_accel": 0.20762430446227687,
      "fcf_margin_change": -0.05725865562885353
    },
    {
      "date": "2022-12-31T00:00:00",
      "quarter_label": "2022-12 (Q4)",
      "revenue": 898000000,
      "gross_profit": 161000000,
      "operating_income": null,
      "net_income": 112000000,
      "opex": null,
      "cogs": 737000000,
      "rd": null,
      "sga": 52000000,
      "fcf": 124000000,
      "ocf": 137000000,
      "capex": -13000000,
      "gross_margin": 0.17928730512249444,
      "op_margin": null,
      "fcf_margin": 0.13808463251670378,
      "rev_growth_yoy": 0.04176334106728538,
      "rev_growth_yoy_accel": -0.08457754093509842,
      "fcf_margin_change": 0.10104759547966674
    },
    {
      "date": "2023-03-31T00:00:00",
      "quarter_label": "2023-03 (Q1)",
      "revenue": 970000000,
      "gross_profit": 189000000,
      "operating_income": null,
      "net_income": 81000000,
      "opex": null,
      "cogs": 781000000,
      "rd": null,
      "sga": 56000000,
      "fcf": 84000000,
      "ocf": 92000000,
      "capex": -8000000,
      "gross_margin": 0.19484536082474227,
      "op_margin": null,
      "fcf_margin": 0.0865979381443299,
      "rev_growth_yoy": 0.07658157602663707,
      "rev_growth_yoy_accel": 0.034818234959351685,
      "fcf_margin_change": -0.05148669437237388
    },
    {
      "date": "2023-06-30T00:00:00",
      "quarter_label": "2023-06 (Q2)",
      "revenue": 1011000000,
      "gross_profit": 202000000,
      "operating_income": null,
      "net_income": 71000000,
      "opex": null,
      "cogs": 809000000,
      "rd": null,
      "sga": 63000000,
      "fcf": 139000000,
      "ocf": 164000000,
      "capex": -25000000,
      "gross_margin": 0.19980217606330367,
      "op_margin": null,
      "fcf_margin": 0.13748763600395647,
      "rev_growth_yoy": 0.1769499417927823,
      "rev_growth_yoy_accel": 0.10036836576614525,
      "fcf_margin_change": 0.050889697859626576
    },
    {
      "date": "2023-09-30T00:00:00",
      "quarter_label": "2023-09 (Q3)",
      "revenue": 960000000,
      "gross_profit": 176000000,
      "operating_income": null,
      "net_income": 57000000,
      "opex": null,
      "cogs": 784000000,
      "rd": null,
      "sga": 59000000,
      "fcf": 50000000,
      "ocf": 74000000,
      "capex": -24000000,
      "gross_margin": 0.18333333333333332,
      "op_margin": null,
      "fcf_margin": 0.052083333333333336,
      "rev_growth_yoy": 0.015873015873015872,
      "rev_growth_yoy_accel": -0.16107692591976644,
      "fcf_margin_change": -0.08540430267062313
    },
    {
      "date": "2023-12-31T00:00:00",
      "quarter_label": "2023-12 (Q4)",
      "revenue": 945000000,
      "gross_profit": 189000000,
      "operating_income": null,
      "net_income": 52000000,
      "opex": null,
      "cogs": 756000000,
      "rd": null,
      "sga": 69000000,
      "fcf": 109000000,
      "ocf": 135000000,
      "capex": -26000000,
      "gross_margin": 0.2,
      "op_margin": null,
      "fcf_margin": 0.11534391534391535,
      "rev_growth_yoy": 0.052338530066815145,
      "rev_growth_yoy_accel": 0.03646551419379927,
      "fcf_margin_change": 0.06326058201058202
    },
    {
      "date": "2024-03-31T00:00:00",
      "quarter_label": "2024-03 (Q1)",
      "revenue": 915000000,
      "gross_profit": 172000000,
      "operating_income": null,
      "net_income": 66000000,
      "opex": null,
      "cogs": 743000000,
      "rd": null,
      "sga": 64000000,
      "fcf": 52000000,
      "ocf": 84000000,
      "capex": -32000000,
      "gross_margin": 0.18797814207650274,
      "op_margin": null,
      "fcf_margin": 0.05683060109289618,
      "rev_growth_yoy": -0.05670103092783505,
      "rev_growth_yoy_accel": -0.1090395609946502,
      "fcf_margin_change": -0.05851331425101917
    },
    {
      "date": "2024-06-30T00:00:00",
      "quarter_label": "2024-06 (Q2)",
      "revenue": 890000000,
      "gross_profit": 185000000,
      "operating_income": null,
      "net_income": 64000000,
      "opex": null,
      "cogs": 705000000,
      "rd": null,
      "sga": 61000000,
      "fcf": 109000000,
      "ocf": 126000000,
      "capex": -17000000,
      "gross_margin": 0.20786516853932585,
      "op_margin": null,
      "fcf_margin": 0.12247191011235956,
      "rev_growth_yoy": -0.11968348170128586,
      "rev_growth_yoy_accel": -0.0629824507734508,
      "fcf_margin_change": 0.06564130901946338
    },
    {
      "date": "2024-09-30T00:00:00",
      "quarter_label": "2024-09 (Q3)",
      "revenue": 826000000,
      "gross_profit": 166000000,
      "operating_income": null,
      "net_income": 52000000,
      "opex": null,
      "cogs": 660000000,
      "rd": null,
      "sga": 53000000,
      "fcf": 47000000,
      "ocf": 67000000,
      "capex": -20000000,
      "gross_margin": 0.2009685230024213,
      "op_margin": null,
      "fcf_margin": 0.05690072639225181,
      "rev_growth_yoy": -0.13958333333333334,
      "rev_growth_yoy_accel": -0.01989985163204748,
      "fcf_margin_change": -0.06557118372010774
    },
    {
      "date": "2024-12-31T00:00:00",
      "quarter_label": "2024-12 (Q4)",
      "revenue": 844000000,
      "gross_profit": 182000000,
      "operating_income": null,
      "net_income": 100000000,
      "opex": null,
      "cogs": 662000000,
      "rd": null,
      "sga": 62000000,
      "fcf": 109000000,
      "ocf": 131000000,
      "capex": -22000000,
      "gross_margin": 0.2156398104265403,
      "op_margin": null,
      "fcf_margin": 0.12914691943127962,
      "rev_growth_yoy": -0.10687830687830688,
      "rev_growth_yoy_accel": 0.03270502645502646,
      "fcf_margin_change": 0.07224619303902781
    },
    {
      "date": "2025-03-31T00:00:00",
      "quarter_label": "2025-03 (Q1)",
      "revenue": 878000000,
      "gross_profit": 179000000,
      "operating_income": null,
      "net_income": 62000000,
      "opex": null,
      "cogs": 699000000,
      "rd": null,
      "sga": 59000000,
      "fcf": 30000000,
      "ocf": 56000000,
      "capex": -26000000,
      "gross_margin": 0.20387243735763097,
      "op_margin": null,
      "fcf_margin": 0.03416856492027335,
      "rev_growth_yoy": -0.040437158469945354,
      "rev_growth_yoy_accel": 0.06644114840836152,
      "fcf_margin_change": -0.09497835451100628
    },
    {
      "date": "2025-06-30T00:00:00",
      "quarter_label": "2025-06 (Q2)",
      "revenue": 913000000,
      "gross_profit": 181000000,
      "operating_income": null,
      "net_income": 87000000,
      "opex": null,
      "cogs": 732000000,
      "rd": null,
      "sga": 59000000,
      "fcf": 143000000,
      "ocf": 158000000,
      "capex": -15000000,
      "gross_margin": 0.1982475355969332,
      "op_margin": null,
      "fcf_margin": 0.1566265060240964,
      "rev_growth_yoy": 0.025842696629213482,
      "rev_growth_yoy_accel": 0.06627985509915883,
      "fcf_margin_change": 0.12245794110382305
    },
    {
      "date": "2025-09-30T00:00:00",
      "quarter_label": "2025-09 (Q3)",
      "revenue": 902000000,
      "gross_profit": 186000000,
      "operating_income": null,
      "net_income": 77000000,
      "opex": null,
      "cogs": 716000000,
      "rd": null,
      "sga": 57000000,
      "fcf": 90000000,
      "ocf": 100000000,
      "capex": -10000000,
      "gross_margin": 0.20620842572062084,
      "op_margin": null,
      "fcf_margin": 0.09977827050997783,
      "rev_growth_yoy": 0.09200968523002422,
      "rev_growth_yoy_accel": 0.06616698860081073,
      "fcf_margin_change": -0.056848235514118564
    }
  ],
  "signals": [
    {
      "quarter": "2025-09 (Q3)",
      "signal": "YoY REVENUE GROWTH ACCELERATION",
      "detail": "YoY growth: +9.2% vs prior quarter YoY: +2.6% (accel: +6.6%)",
      "severity": "MEDIUM"
    },
    {
      "quarter": "2025-06 (Q2)",
      "signal": "FCF MARGIN EXPANSION",
      "detail": "FCF margin: +3.4% -> +15.7% (+12.2%)",
      "severity": "MEDIUM"
    },
    {
      "quarter": "2025-06 (Q2)",
      "signal": "YoY REVENUE GROWTH ACCELERATION",
      "detail": "YoY growth: +2.6% vs prior quarter YoY: -4.0% (accel: +6.6%)",
      "severity": "MEDIUM"
    },
    {
      "quarter": "2025-03 (Q1)",
      "signal": "YoY REVENUE GROWTH ACCELERATION",
      "detail": "YoY growth: -4.0% vs prior quarter YoY: -10.7% (accel: +6.6%)",
      "severity": "MEDIUM"
    },
    {
      "quarter": "2024-12 (Q4)",
      "signal": "FCF MARGIN EXPANSION",
      "detail": "FCF margin: +5.7% -> +12.9% (+7.2%)",
      "severity": "MEDIUM"
    },
    {
      "quarter": "2024-06 (Q2)",
      "signal": "FCF MARGIN EXPANSION",
      "detail": "FCF margin: +5.7% -> +12.2% (+6.6%)",
      "severity": "MEDIUM"
    },
    {
      "quarter": "2024-06 (Q2)",
      "signal": "YoY REVENUE GROWTH DECELERATION",
      "detail": "YoY growth: -12.0% vs prior quarter YoY: -5.7% (decel: -6.3%)",
      "severity": "WARNING"
    },
    {
      "quarter": "2024-03 (Q1)",
      "signal": "YoY REVENUE GROWTH DECELERATION",
      "detail": "YoY growth: -5.7% vs prior quarter YoY: +5.2% (decel: -10.9%)",
      "severity": "WARNING"
    },
    {
      "quarter": "2023-12 (Q4)",
      "signal": "FCF MARGIN EXPANSION",
      "detail": "FCF margin: +5.2% -> +11.5% (+6.3%)",
      "severity": "MEDIUM"
    },
    {
      "quarter": "2023-09 (Q3)",
      "signal": "YoY REVENUE GROWTH DECELERATION",
      "detail": "YoY growth: +1.6% vs prior quarter YoY: +17.7% (decel: -16.1%)",
      "severity": "WARNING"
    },
    {
      "quarter": "2023-06 (Q2)",
      "signal": "FCF MARGIN EXPANSION",
      "detail": "FCF margin: +8.7% -> +13.7% (+5.1%)",
      "severity": "MEDIUM"
    },
    {
      "quarter": "2023-06 (Q2)",
      "signal": "YoY REVENUE GROWTH ACCELERATION",
      "detail": "YoY growth: +17.7% vs prior quarter YoY: +7.7% (accel: +10.0%)",
      "severity": "MEDIUM"
    },
    {
      "quarter": "2022-12 (Q4)",
      "signal": "FCF MARGIN EXPANSION",
      "detail": "FCF margin: +3.7% -> +13.8% (+10.1%)",
      "severity": "MEDIUM"
    },
    {
      "quarter": "2022-12 (Q4)",
      "signal": "YoY REVENUE GROWTH DECELERATION",
      "detail": "YoY growth: +4.2% vs prior quarter YoY: +12.6% (decel: -8.5%)",
      "severity": "WARNING"
    },
    {
      "quarter": "2022-09 (Q3)",
      "signal": "YoY REVENUE GROWTH ACCELERATION",
      "detail": "YoY growth: +12.6% vs prior quarter YoY: -8.1% (accel: +20.8%)",
      "severity": "HIGH"
    },
    {
      "quarter": "2021-12 (Q4)",
      "signal": "FCF TURNED POSITIVE",
      "detail": "FCF margin: -10.6% -> +16.0%",
      "severity": "HIGH"
    },
    {
      "quarter": "2021-09 (Q3)",
      "signal": "FCF MARGIN EXPANSION",
      "detail": "FCF margin: -47.6% -> -10.6% (+37.0%)",
      "severity": "MEDIUM"
    }
  ],
  "data_quality": {
    "n_quarters": 20,
    "coverage": {
      "revenue": [
        20,
        20
      ],
      "gross_profit": [
        20,
        20
      ],
      "op_income": [
        0,
        20
      ],
      "fcf": [
        20,
        20
      ]
    },
    "gaps": [],
    "warnings": [
      "op_income: no data"
    ]
  },
  "market_cap": null,
  "source": "SEC EDGAR",
  "last_updated": "2026-02-02T21:15:42.091105",
  "sector": "Consumer Cyclical",
  "industry": "Auto Parts"
}