{
  "ticker": "GTY",
  "name": "GETTY REALTY CORP.",
  "sector": "Real Estate",
  "industry": "REIT - Retail",
  "quarters": [
    {
      "date": "2021-03-31T00:00:00",
      "quarter_label": "2021-03 (Q1)",
      "revenue": 37280000,
      "gross_profit": null,
      "operating_income": 23992000,
      "net_income": 17927000,
      "opex": null,
      "cogs": null,
      "rd": null,
      "sga": null,
      "fcf": 19407000,
      "ocf": 19407000,
      "capex": null,
      "gross_margin": null,
      "op_margin": 0.6435622317596567,
      "fcf_margin": 0.5205740343347639
    },
    {
      "date": "2021-06-30T00:00:00",
      "quarter_label": "2021-06 (Q2)",
      "revenue": 38678000,
      "gross_profit": null,
      "operating_income": 18837000,
      "net_income": 12890000,
      "opex": null,
      "cogs": null,
      "rd": null,
      "sga": null,
      "fcf": 20597000,
      "ocf": 20597000,
      "capex": null,
      "gross_margin": null,
      "op_margin": 0.487021045555613,
      "fcf_margin": 0.5325249495837427,
      "fcf_margin_change": 0.011950915248978844
    },
    {
      "date": "2021-09-30T00:00:00",
      "quarter_label": "2021-09 (Q3)",
      "revenue": 40096000,
      "gross_profit": null,
      "operating_income": 20037000,
      "net_income": 14011000,
      "opex": null,
      "cogs": null,
      "rd": null,
      "sga": null,
      "fcf": 18684000,
      "ocf": 18684000,
      "capex": null,
      "gross_margin": null,
      "op_margin": 0.4997256584197925,
      "fcf_margin": 0.46598164405426973,
      "fcf_margin_change": -0.06654330552947302
    },
    {
      "date": "2021-12-31T00:00:00",
      "quarter_label": "2021-12 (Q4)",
      "revenue": 39354000,
      "gross_profit": null,
      "operating_income": 23591000,
      "net_income": 18032000,
      "opex": null,
      "cogs": null,
      "rd": null,
      "sga": null,
      "fcf": 28130000,
      "ocf": 28130000,
      "capex": null,
      "gross_margin": null,
      "op_margin": 0.5994562179193983,
      "fcf_margin": 0.7147939218376785,
      "fcf_margin_change": 0.2488122777834088
    },
    {
      "date": "2022-03-31T00:00:00",
      "quarter_label": "2022-03 (Q1)",
      "revenue": 39321000,
      "gross_profit": null,
      "operating_income": 25195000,
      "net_income": 18749000,
      "opex": null,
      "cogs": null,
      "rd": null,
      "sga": null,
      "fcf": 20830000,
      "ocf": 20830000,
      "capex": null,
      "gross_margin": null,
      "op_margin": 0.640751761145444,
      "fcf_margin": 0.5297423768469774,
      "incr_op_margin_yoy": 0.5894169524742773,
      "rev_growth_yoy": 0.054747854077253216,
      "fcf_margin_change": -0.1850515449907011
    },
    {
      "date": "2022-06-30T00:00:00",
      "quarter_label": "2022-06 (Q2)",
      "revenue": 41179000,
      "gross_profit": null,
      "operating_income": 37339000,
      "net_income": 30680000,
      "opex": null,
      "cogs": null,
      "rd": null,
      "sga": null,
      "fcf": 22579000,
      "ocf": 22579000,
      "capex": null,
      "gross_margin": null,
      "op_margin": 0.906748585444037,
      "fcf_margin": 0.5483134607445542,
      "incr_op_margin_yoy": 7.3978408636545385,
      "rev_growth_yoy": 0.06466208180360929,
      "rev_growth_yoy_accel": 0.00991422772635607,
      "fcf_margin_change": 0.01857108389757678
    },
    {
      "date": "2022-09-30T00:00:00",
      "quarter_label": "2022-09 (Q3)",
      "revenue": 41966000,
      "gross_profit": null,
      "operating_income": 20175000,
      "net_income": 13302000,
      "opex": null,
      "cogs": null,
      "rd": null,
      "sga": null,
      "fcf": 24462000,
      "ocf": 24462000,
      "capex": null,
      "gross_margin": null,
      "op_margin": 0.48074631844826765,
      "fcf_margin": 0.5829004432159367,
      "incr_op_margin_yoy": 0.07379679144385026,
      "rev_growth_yoy": 0.04663806863527534,
      "rev_growth_yoy_accel": -0.01802401316833395,
      "fcf_margin_change": 0.03458698247138248
    },
    {
      "date": "2022-12-31T00:00:00",
      "quarter_label": "2022-12 (Q4)",
      "revenue": 43123000,
      "gross_profit": null,
      "operating_income": 34584000,
      "net_income": 27312000,
      "opex": null,
      "cogs": null,
      "rd": null,
      "sga": null,
      "fcf": 25215000,
      "ocf": 25215000,
      "capex": null,
      "gross_margin": null,
      "op_margin": 0.8019850195951117,
      "fcf_margin": 0.5847227697516406,
      "incr_op_margin_yoy": 2.91668877686389,
      "rev_growth_yoy": 0.09577171316765767,
      "rev_growth_yoy_accel": 0.04913364453238234,
      "fcf_margin_change": 0.001822326535703911
    },
    {
      "date": "2023-03-31T00:00:00",
      "quarter_label": "2023-03 (Q1)",
      "revenue": 43020000,
      "gross_profit": null,
      "operating_income": 21351000,
      "net_income": 14082000,
      "opex": null,
      "cogs": null,
      "rd": null,
      "sga": null,
      "fcf": 22420000,
      "ocf": 22420000,
      "capex": null,
      "gross_margin": null,
      "op_margin": 0.49630404463040445,
      "fcf_margin": 0.5211529521152952,
      "incr_op_margin_yoy": -1.039199783725331,
      "rev_growth_yoy": 0.09407186999313344,
      "rev_growth_yoy_accel": -0.0016998431745242348,
      "fcf_margin_change": -0.0635698176363454
    },
    {
      "date": "2023-06-30T00:00:00",
      "quarter_label": "2023-06 (Q2)",
      "revenue": 44698000,
      "gross_profit": null,
      "operating_income": 20622000,
      "net_income": 13524000,
      "opex": null,
      "cogs": null,
      "rd": null,
      "sga": null,
      "fcf": 26106000,
      "ocf": 26106000,
      "capex": null,
      "gross_margin": null,
      "op_margin": 0.46136292451563826,
      "fcf_margin": 0.5840529777618685,
      "incr_op_margin_yoy": -4.750497300369423,
      "rev_growth_yoy": 0.08545617912042545,
      "rev_growth_yoy_accel": -0.008615690872707985,
      "fcf_margin_change": 0.06290002564657327
    },
    {
      "date": "2023-09-30T00:00:00",
      "quarter_label": "2023-09 (Q3)",
      "revenue": 50486000,
      "gross_profit": null,
      "operating_income": 24027000,
      "net_income": 16033000,
      "opex": null,
      "cogs": null,
      "rd": null,
      "sga": null,
      "fcf": 25951000,
      "ocf": 25951000,
      "capex": null,
      "gross_margin": null,
      "op_margin": 0.4759141148041041,
      "fcf_margin": 0.5140236897357683,
      "incr_op_margin_yoy": 0.45211267605633804,
      "rev_growth_yoy": 0.2030214935900491,
      "rev_growth_yoy_accel": 0.11756531446962364,
      "fcf_margin_change": -0.0700292880261002
    },
    {
      "date": "2023-12-31T00:00:00",
      "quarter_label": "2023-12 (Q4)",
      "revenue": 47642000,
      "gross_profit": null,
      "operating_income": 25147000,
      "net_income": 16512000,
      "opex": null,
      "cogs": null,
      "rd": null,
      "sga": null,
      "fcf": 30821000,
      "ocf": 30821000,
      "capex": null,
      "gross_margin": null,
      "op_margin": 0.5278325846941774,
      "fcf_margin": 0.6469291801351749,
      "incr_op_margin_yoy": -2.0882938703252933,
      "rev_growth_yoy": 0.10479326577464462,
      "rev_growth_yoy_accel": -0.09822822781540447,
      "fcf_margin_change": 0.13290549039940658
    },
    {
      "date": "2024-03-31T00:00:00",
      "quarter_label": "2024-03 (Q1)",
      "revenue": 48970000,
      "gross_profit": null,
      "operating_income": 25740000,
      "net_income": 16723000,
      "opex": null,
      "cogs": null,
      "rd": null,
      "sga": null,
      "fcf": 29951000,
      "ocf": 29951000,
      "capex": null,
      "gross_margin": null,
      "op_margin": 0.5256279354706963,
      "fcf_margin": 0.6116193587910966,
      "incr_op_margin_yoy": 0.7376470588235294,
      "rev_growth_yoy": 0.1383077638307764,
      "rev_growth_yoy_accel": 0.03351449805613177,
      "fcf_margin_change": -0.03530982134407823
    },
    {
      "date": "2024-06-30T00:00:00",
      "quarter_label": "2024-06 (Q2)",
      "revenue": 49937000,
      "gross_profit": null,
      "operating_income": 26193000,
      "net_income": 16711000,
      "opex": null,
      "cogs": null,
      "rd": null,
      "sga": null,
      "fcf": 29729000,
      "ocf": 29729000,
      "capex": null,
      "gross_margin": null,
      "op_margin": 0.524520896329375,
      "fcf_margin": 0.5953301159460921,
      "incr_op_margin_yoy": 1.0633708723038748,
      "rev_growth_yoy": 0.11720882366101391,
      "rev_growth_yoy_accel": -0.02109894016976248,
      "fcf_margin_change": -0.016289242845004548
    },
    {
      "date": "2024-09-30T00:00:00",
      "quarter_label": "2024-09 (Q3)",
      "revenue": 51467000,
      "gross_profit": null,
      "operating_income": 25181000,
      "net_income": 15335000,
      "opex": null,
      "cogs": null,
      "rd": null,
      "sga": null,
      "fcf": 34633000,
      "ocf": 34633000,
      "capex": null,
      "gross_margin": null,
      "op_margin": 0.4892649659004799,
      "fcf_margin": 0.6729166261876542,
      "rev_growth_yoy": 0.019431129422017985,
      "rev_growth_yoy_accel": -0.09777769423899593,
      "fcf_margin_change": 0.07758651024156216
    },
    {
      "date": "2024-12-31T00:00:00",
      "quarter_label": "2024-12 (Q4)",
      "revenue": 53016000,
      "gross_profit": null,
      "operating_income": 32656000,
      "net_income": 22295000,
      "opex": null,
      "cogs": null,
      "rd": null,
      "sga": null,
      "fcf": 36191000,
      "ocf": 36191000,
      "capex": null,
      "gross_margin": null,
      "op_margin": 0.6159649917006187,
      "fcf_margin": 0.6826429757054474,
      "incr_op_margin_yoy": 1.3972832154819501,
      "rev_growth_yoy": 0.11279963057806137,
      "rev_growth_yoy_accel": 0.0933685011560434,
      "fcf_margin_change": 0.009726349517793165
    },
    {
      "date": "2025-03-31T00:00:00",
      "quarter_label": "2025-03 (Q1)",
      "revenue": 52330000,
      "gross_profit": null,
      "operating_income": 26424000,
      "net_income": 14786000,
      "opex": null,
      "cogs": null,
      "rd": null,
      "sga": null,
      "fcf": 28677000,
      "ocf": 28677000,
      "capex": null,
      "gross_margin": null,
      "op_margin": 0.5049493598318364,
      "fcf_margin": 0.5480030575195872,
      "incr_op_margin_yoy": 0.20357142857142857,
      "rev_growth_yoy": 0.06861343679803962,
      "rev_growth_yoy_accel": -0.044186193780021754,
      "fcf_margin_change": -0.13463991818586019
    },
    {
      "date": "2025-06-30T00:00:00",
      "quarter_label": "2025-06 (Q2)",
      "revenue": 53257000,
      "gross_profit": null,
      "operating_income": 24865000,
      "net_income": 14014000,
      "opex": null,
      "cogs": null,
      "rd": null,
      "sga": null,
      "fcf": 34735000,
      "ocf": 34735000,
      "capex": null,
      "gross_margin": null,
      "op_margin": 0.46688698199297746,
      "fcf_margin": 0.6522147323356554,
      "incr_op_margin_yoy": -0.4,
      "rev_growth_yoy": 0.06648376954963253,
      "rev_growth_yoy_accel": -0.0021296672484070883,
      "fcf_margin_change": 0.10421167481606819
    },
    {
      "date": "2025-09-30T00:00:00",
      "quarter_label": "2025-09 (Q3)",
      "revenue": 55591000,
      "gross_profit": null,
      "operating_income": 34751000,
      "net_income": 23348000,
      "opex": null,
      "cogs": null,
      "rd": null,
      "sga": null,
      "fcf": 30535000,
      "ocf": 30535000,
      "capex": null,
      "gross_margin": null,
      "op_margin": 0.625119173967009,
      "fcf_margin": 0.5492795596409491,
      "incr_op_margin_yoy": 2.3205625606207567,
      "rev_growth_yoy": 0.08012901470845396,
      "rev_growth_yoy_accel": 0.013645245158821429,
      "fcf_margin_change": -0.10293517269470631
    },
    {
      "date": "2025-12-31T00:00:00",
      "quarter_label": "2025-12 (Q4)",
      "revenue": 60549000,
      "gross_profit": null,
      "operating_income": 40745000,
      "net_income": 27044000,
      "opex": null,
      "cogs": null,
      "rd": null,
      "sga": null,
      "fcf": 33499000,
      "ocf": 33499000,
      "capex": null,
      "gross_margin": null,
      "op_margin": 0.6729260598853821,
      "fcf_margin": 0.5532543890072503,
      "incr_op_margin_yoy": 1.0738085756006903,
      "rev_growth_yoy": 0.14208918062471707,
      "rev_growth_yoy_accel": 0.061960165916263105,
      "fcf_margin_change": 0.003974829366301225
    }
  ],
  "signals": [
    {
      "quarter": "2025-12 (Q4)",
      "signal": "YoY REVENUE GROWTH ACCELERATION",
      "detail": "YoY growth: +14.2% vs prior quarter YoY: +8.0% (accel: +6.2%)",
      "severity": "MEDIUM"
    },
    {
      "quarter": "2025-12 (Q4)",
      "signal": "INCREMENTAL MARGIN (YoY)",
      "detail": "YoY Incr OPM: +107.4% vs year-ago OPM: +61.6%",
      "severity": "HIGH"
    },
    {
      "quarter": "2025-09 (Q3)",
      "signal": "INCREMENTAL MARGIN (YoY)",
      "detail": "YoY Incr OPM: +232.1% vs year-ago OPM: +48.9%",
      "severity": "HIGH"
    },
    {
      "quarter": "2025-06 (Q2)",
      "signal": "FCF MARGIN EXPANSION",
      "detail": "FCF margin: +54.8% -> +65.2% (+10.4%)",
      "severity": "MEDIUM"
    },
    {
      "quarter": "2024-12 (Q4)",
      "signal": "YoY REVENUE GROWTH ACCELERATION",
      "detail": "YoY growth: +11.3% vs prior quarter YoY: +1.9% (accel: +9.3%)",
      "severity": "MEDIUM"
    },
    {
      "quarter": "2024-12 (Q4)",
      "signal": "INCREMENTAL MARGIN (YoY)",
      "detail": "YoY Incr OPM: +139.7% vs year-ago OPM: +52.8%",
      "severity": "HIGH"
    },
    {
      "quarter": "2024-09 (Q3)",
      "signal": "FCF MARGIN EXPANSION",
      "detail": "FCF margin: +59.5% -> +67.3% (+7.8%)",
      "severity": "MEDIUM"
    },
    {
      "quarter": "2024-09 (Q3)",
      "signal": "YoY REVENUE GROWTH DECELERATION",
      "detail": "YoY growth: +1.9% vs prior quarter YoY: +11.7% (decel: -9.8%)",
      "severity": "WARNING"
    },
    {
      "quarter": "2024-06 (Q2)",
      "signal": "INCREMENTAL MARGIN (YoY)",
      "detail": "YoY Incr OPM: +106.3% vs year-ago OPM: +46.1%",
      "severity": "HIGH"
    },
    {
      "quarter": "2024-03 (Q1)",
      "signal": "INCREMENTAL MARGIN (YoY)",
      "detail": "YoY Incr OPM: +73.8% vs year-ago OPM: +49.6%",
      "severity": "HIGH"
    },
    {
      "quarter": "2023-12 (Q4)",
      "signal": "FCF MARGIN EXPANSION",
      "detail": "FCF margin: +51.4% -> +64.7% (+13.3%)",
      "severity": "MEDIUM"
    },
    {
      "quarter": "2023-12 (Q4)",
      "signal": "YoY REVENUE GROWTH DECELERATION",
      "detail": "YoY growth: +10.5% vs prior quarter YoY: +20.3% (decel: -9.8%)",
      "severity": "WARNING"
    },
    {
      "quarter": "2023-09 (Q3)",
      "signal": "YoY REVENUE GROWTH ACCELERATION",
      "detail": "YoY growth: +20.3% vs prior quarter YoY: +8.5% (accel: +11.8%)",
      "severity": "MEDIUM"
    },
    {
      "quarter": "2023-06 (Q2)",
      "signal": "FCF MARGIN EXPANSION",
      "detail": "FCF margin: +52.1% -> +58.4% (+6.3%)",
      "severity": "MEDIUM"
    },
    {
      "quarter": "2022-12 (Q4)",
      "signal": "INCREMENTAL MARGIN (YoY)",
      "detail": "YoY Incr OPM: +291.7% vs year-ago OPM: +59.9%",
      "severity": "HIGH"
    },
    {
      "quarter": "2022-06 (Q2)",
      "signal": "INCREMENTAL MARGIN (YoY)",
      "detail": "YoY Incr OPM: +739.8% vs year-ago OPM: +48.7%",
      "severity": "HIGH"
    },
    {
      "quarter": "2021-12 (Q4)",
      "signal": "FCF MARGIN EXPANSION",
      "detail": "FCF margin: +46.6% -> +71.5% (+24.9%)",
      "severity": "MEDIUM"
    }
  ],
  "data_quality": {
    "n_quarters": 20,
    "coverage": {
      "revenue": [
        20,
        20
      ],
      "gross_profit": [
        0,
        20
      ],
      "op_income": [
        20,
        20
      ],
      "fcf": [
        20,
        20
      ]
    },
    "gaps": [],
    "warnings": [
      "gross_profit: no data"
    ]
  },
  "market_cap": null,
  "source": "SEC EDGAR",
  "last_updated": "2026-02-13T11:35:11.584900"
}