{
  "ticker": "GWAV",
  "name": "GREENWAVE TECHNOLOGY SOLUTIONS, INC.",
  "quarters": [
    {
      "date": "2019-12-31T00:00:00",
      "quarter_label": "2019-12 (Q4)",
      "revenue": 45,
      "gross_profit": null,
      "operating_income": null,
      "net_income": null,
      "opex": null,
      "cogs": null,
      "rd": null,
      "sga": null,
      "fcf": null,
      "ocf": null,
      "capex": null,
      "gross_margin": null,
      "op_margin": null,
      "fcf_margin": null
    },
    {
      "date": "2020-09-30T00:00:00",
      "quarter_label": "2020-09 (Q3)",
      "revenue": 2316,
      "gross_profit": null,
      "operating_income": -205922,
      "net_income": 64679222,
      "opex": 208238,
      "cogs": null,
      "rd": null,
      "sga": null,
      "fcf": -224518,
      "ocf": -224518,
      "capex": null,
      "gross_margin": null,
      "op_margin": -88.91278065630397,
      "fcf_margin": -96.94214162348878
    },
    {
      "date": "2020-12-31T00:00:00",
      "quarter_label": "2020-12 (Q4)",
      "revenue": 4648,
      "gross_profit": null,
      "operating_income": -466170,
      "net_income": 32692499,
      "opex": 470818,
      "cogs": null,
      "rd": null,
      "sga": null,
      "fcf": -320781,
      "ocf": -320781,
      "capex": null,
      "gross_margin": null,
      "op_margin": -100.2947504302926,
      "fcf_margin": -69.01484509466437,
      "rev_growth_yoy": 102.28888888888889,
      "op_leverage_ratio": 0.798524657211139,
      "fcf_margin_change": 27.927296528824414
    },
    {
      "date": "2021-03-31T00:00:00",
      "quarter_label": "2021-03 (Q1)",
      "revenue": 1527,
      "gross_profit": 1230,
      "operating_income": -301748,
      "net_income": -26055097,
      "opex": 303275,
      "cogs": 297,
      "rd": null,
      "sga": null,
      "fcf": -225541,
      "ocf": -225541,
      "capex": null,
      "gross_margin": 0.8055009823182712,
      "op_margin": -197.6083824492469,
      "fcf_margin": -147.70203012442698,
      "fcf_margin_change": -78.68718502976262
    },
    {
      "date": "2021-06-30T00:00:00",
      "quarter_label": "2021-06 (Q2)",
      "revenue": 79,
      "gross_profit": 79,
      "operating_income": -499286,
      "net_income": 37442987,
      "opex": 499365,
      "cogs": null,
      "rd": null,
      "sga": null,
      "fcf": -160117,
      "ocf": -160117,
      "capex": null,
      "gross_margin": 1.0,
      "op_margin": -6320.0759493670885,
      "fcf_margin": -2026.7974683544303,
      "fcf_margin_change": -1879.0954382300033
    },
    {
      "date": "2021-09-30T00:00:00",
      "quarter_label": "2021-09 (Q3)",
      "revenue": 54,
      "gross_profit": 54,
      "operating_income": -395258,
      "net_income": 5879458,
      "opex": 395312,
      "cogs": null,
      "rd": null,
      "sga": null,
      "fcf": -4611,
      "ocf": -4611,
      "capex": null,
      "gross_margin": 1.0,
      "op_margin": -7319.592592592592,
      "fcf_margin": -85.38888888888889,
      "rev_growth_yoy": -0.9766839378238342,
      "fcf_margin_change": 1941.4085794655414
    },
    {
      "date": "2021-12-31T00:00:00",
      "quarter_label": "2021-12 (Q4)",
      "revenue": 8096376,
      "gross_profit": 2858191,
      "operating_income": -1731272,
      "net_income": -18899769,
      "opex": 4589166,
      "cogs": 5238185,
      "rd": null,
      "sga": null,
      "fcf": -2096944,
      "ocf": -2096944,
      "capex": null,
      "gross_margin": 0.3530210306438337,
      "op_margin": -0.21383295439836292,
      "fcf_margin": -0.25899785286651705,
      "incr_op_margin_yoy": -0.15634509711646263,
      "rev_growth_yoy": 1740.9053356282272,
      "rev_growth_yoy_accel": 1741.882019566051,
      "op_leverage_ratio": 14132.555606476632,
      "fcf_margin_change": 85.12989103602237
    },
    {
      "date": "2022-03-31T00:00:00",
      "quarter_label": "2022-03 (Q1)",
      "revenue": 9921238,
      "gross_profit": 4264258,
      "operating_income": -197695,
      "net_income": -5175475,
      "opex": 4461953,
      "cogs": 5656980,
      "rd": null,
      "sga": null,
      "fcf": -915529,
      "ocf": 53764,
      "capex": -969293,
      "gross_margin": 0.4298110780126432,
      "op_margin": -0.01992644466345833,
      "fcf_margin": -0.0922797134793057,
      "incr_op_margin_yoy": 0.010489519301519973,
      "rev_growth_yoy": 6496.208906352324,
      "rev_growth_yoy_accel": 4755.303570724097,
      "op_leverage_ratio": Infinity,
      "fcf_margin_change": 0.16671813938721136
    },
    {
      "date": "2022-06-30T00:00:00",
      "quarter_label": "2022-06 (Q2)",
      "revenue": 10704151,
      "gross_profit": 4065758,
      "operating_income": -963755,
      "net_income": -14135147,
      "opex": 5029513,
      "cogs": 6638393,
      "rd": null,
      "sga": null,
      "fcf": -913056,
      "ocf": 512474,
      "capex": -1425530,
      "gross_margin": 0.3798300304246455,
      "op_margin": -0.09003563197118576,
      "fcf_margin": -0.08529924512462501,
      "incr_op_margin_yoy": -0.043391804539431346,
      "rev_growth_yoy": 135494.58227848102,
      "rev_growth_yoy_accel": 128998.37337212868,
      "op_leverage_ratio": 0.6203843700946414,
      "fcf_margin_change": 0.006980468354680691
    },
    {
      "date": "2022-09-30T00:00:00",
      "quarter_label": "2022-09 (Q3)",
      "revenue": 7347223,
      "gross_profit": 2484889,
      "operating_income": -3294162,
      "net_income": -8577535,
      "opex": 5779051,
      "cogs": 4862334,
      "rd": null,
      "sga": null,
      "fcf": -3750479,
      "ocf": -2633495,
      "capex": -1116984,
      "gross_margin": 0.3382079188286513,
      "op_margin": -0.44835470490006907,
      "fcf_margin": -0.5104621160947477,
      "incr_op_margin_yoy": -0.3945606804471219,
      "rev_growth_yoy": 136058.6851851852,
      "rev_growth_yoy_accel": 564.1029067041818,
      "fcf_margin_change": -0.4251628709701227
    },
    {
      "date": "2022-12-31T00:00:00",
      "quarter_label": "2022-12 (Q4)",
      "revenue": 6005813,
      "gross_profit": 1625948,
      "operating_income": -6427380,
      "net_income": -7155132,
      "opex": 8053258,
      "cogs": 4379865,
      "rd": null,
      "sga": null,
      "fcf": -2966136,
      "ocf": -541916,
      "capex": -2424220,
      "gross_margin": 0.27072904201312964,
      "op_margin": -1.0701931611923314,
      "fcf_margin": -0.49387751500088334,
      "incr_op_margin_yoy": 2.2463365131785076,
      "rev_growth_yoy": -0.2582097224733634,
      "rev_growth_yoy_accel": -136058.94339490766,
      "fcf_margin_change": 0.016584601093864337
    },
    {
      "date": "2023-03-31T00:00:00",
      "quarter_label": "2023-03 (Q1)",
      "revenue": 9043422,
      "gross_profit": 4726611,
      "operating_income": -1935176,
      "net_income": -4025675,
      "opex": 6661787,
      "cogs": 4316811,
      "rd": null,
      "sga": null,
      "fcf": -916300,
      "ocf": -203965,
      "capex": -712335,
      "gross_margin": 0.5226573524933371,
      "op_margin": -0.21398713893922014,
      "fcf_margin": -0.10132226495678295,
      "rev_growth_yoy": -0.08847847415816454,
      "rev_growth_yoy_accel": 0.16973124831519884,
      "op_leverage_ratio": Infinity,
      "fcf_margin_change": 0.3925552500441004
    },
    {
      "date": "2023-06-30T00:00:00",
      "quarter_label": "2023-06 (Q2)",
      "revenue": 9416274,
      "gross_profit": 3298854,
      "operating_income": -2090277,
      "net_income": -2265062,
      "opex": 5389131,
      "cogs": 6117420,
      "rd": null,
      "sga": null,
      "fcf": 1143674,
      "ocf": 1257761,
      "capex": -114087,
      "gross_margin": 0.35033538743668674,
      "op_margin": -0.22198557518610865,
      "fcf_margin": 0.12145717085123053,
      "incr_op_margin_yoy": 0.8747124143066457,
      "rev_growth_yoy": -0.12031566071891175,
      "rev_growth_yoy_accel": -0.031837186560747216,
      "op_leverage_ratio": Infinity,
      "fcf_margin_change": 0.2227794358080135
    },
    {
      "date": "2023-09-30T00:00:00",
      "quarter_label": "2023-09 (Q3)",
      "revenue": 8181948,
      "gross_profit": 2930947,
      "operating_income": -13485557,
      "net_income": -16492020,
      "opex": 16416504,
      "cogs": 5251001,
      "rd": null,
      "sga": null,
      "fcf": -3640796,
      "ocf": -3640796,
      "capex": null,
      "gross_margin": 0.35822117177963,
      "op_margin": -1.6482085928681043,
      "fcf_margin": -0.44497911744244767,
      "rev_growth_yoy": 0.11361095205630753,
      "rev_growth_yoy_accel": 0.23392661277521928,
      "fcf_margin_change": -0.5664362882936782
    },
    {
      "date": "2023-12-31T00:00:00",
      "quarter_label": "2023-12 (Q4)",
      "revenue": 9026338,
      "gross_profit": 3526991,
      "operating_income": -2003752,
      "net_income": -4153233,
      "opex": 5530743,
      "cogs": 5499347,
      "rd": null,
      "sga": null,
      "fcf": 753690,
      "ocf": 753690,
      "capex": null,
      "gross_margin": 0.3907443971187429,
      "op_margin": -0.22198947125622817,
      "fcf_margin": 0.08349897821242679,
      "incr_op_margin_yoy": 1.4645228892328321,
      "rev_growth_yoy": 0.502933574521884,
      "rev_growth_yoy_accel": 0.3893226224655765,
      "op_leverage_ratio": Infinity,
      "fcf_margin_change": 0.5284780956548745
    },
    {
      "date": "2024-03-31T00:00:00",
      "quarter_label": "2024-03 (Q1)",
      "revenue": 8504777,
      "gross_profit": 3264261,
      "operating_income": -2811724,
      "net_income": -8062514,
      "opex": 6075985,
      "cogs": 5240516,
      "rd": null,
      "sga": null,
      "fcf": -3460823,
      "ocf": -3460823,
      "capex": null,
      "gross_margin": 0.3838150018513125,
      "op_margin": -0.33060525866815793,
      "fcf_margin": -0.40692695411061336,
      "rev_growth_yoy": -0.05956207727561536,
      "rev_growth_yoy_accel": -0.5624956517974994,
      "fcf_margin_change": -0.49042593232304016
    },
    {
      "date": "2024-06-30T00:00:00",
      "quarter_label": "2024-06 (Q2)",
      "revenue": 7881895,
      "gross_profit": 2283855,
      "operating_income": -8961172,
      "net_income": 7323323,
      "opex": 11245027,
      "cogs": 5598040,
      "rd": null,
      "sga": null,
      "fcf": -10623979,
      "ocf": -10623979,
      "capex": null,
      "gross_margin": 0.2897596326771671,
      "op_margin": -1.1369311567839968,
      "fcf_margin": -1.3478965401086922,
      "incr_op_margin_yoy": 4.477964701028886,
      "rev_growth_yoy": -0.16294969751305027,
      "rev_growth_yoy_accel": -0.10338762023743492,
      "fcf_margin_change": -0.9409695859980789
    },
    {
      "date": "2024-09-30T00:00:00",
      "quarter_label": "2024-09 (Q3)",
      "revenue": 8505187,
      "gross_profit": 3545279,
      "operating_income": -4436596,
      "net_income": -4797666,
      "opex": 7981875,
      "cogs": 4959908,
      "rd": null,
      "sga": null,
      "fcf": -671224,
      "ocf": -671224,
      "capex": null,
      "gross_margin": 0.4168372782397377,
      "op_margin": -0.5216341510186666,
      "fcf_margin": -0.07891937002678483,
      "rev_growth_yoy": 0.03950636205461096,
      "rev_growth_yoy_accel": 0.20245605956766122,
      "op_leverage_ratio": Infinity,
      "fcf_margin_change": 1.2689771700819075
    },
    {
      "date": "2024-12-31T00:00:00",
      "quarter_label": "2024-12 (Q4)",
      "revenue": 8424000,
      "gross_profit": 3896083,
      "operating_income": -18052440,
      "net_income": -18380496,
      "opex": 21948523,
      "cogs": 4527917,
      "rd": null,
      "sga": null,
      "fcf": -2498697,
      "ocf": -2498697,
      "capex": null,
      "gross_margin": 0.4624979819563153,
      "op_margin": -2.142977207977208,
      "fcf_margin": -0.296616452991453,
      "rev_growth_yoy": -0.06673115941370686,
      "rev_growth_yoy_accel": -0.10623752146831782,
      "fcf_margin_change": -0.21769708296466816
    },
    {
      "date": "2025-03-31T00:00:00",
      "quarter_label": "2025-03 (Q1)",
      "revenue": 7333710,
      "gross_profit": 3486663,
      "operating_income": -3881507,
      "net_income": -4665739,
      "opex": 7368170,
      "cogs": 3847047,
      "rd": null,
      "sga": null,
      "fcf": -4371914,
      "ocf": -4161414,
      "capex": -210500,
      "gross_margin": 0.4754296256601365,
      "op_margin": -0.5292692238989543,
      "fcf_margin": -0.5961394710180795,
      "incr_op_margin_yoy": 0.9135113533213727,
      "rev_growth_yoy": -0.13769520353090975,
      "rev_growth_yoy_accel": -0.07096404411720289,
      "fcf_margin_change": -0.2995230180266265
    }
  ],
  "signals": [
    {
      "quarter": "2025-03 (Q1)",
      "signal": "YoY REVENUE GROWTH DECELERATION",
      "detail": "YoY growth: -13.8% vs prior quarter YoY: -6.7% (decel: -7.1%)",
      "severity": "WARNING"
    },
    {
      "quarter": "2024-12 (Q4)",
      "signal": "YoY REVENUE GROWTH DECELERATION",
      "detail": "YoY growth: -6.7% vs prior quarter YoY: +4.0% (decel: -10.6%)",
      "severity": "WARNING"
    },
    {
      "quarter": "2024-09 (Q3)",
      "signal": "FCF MARGIN EXPANSION",
      "detail": "FCF margin: -134.8% -> -7.9% (+126.9%)",
      "severity": "MEDIUM"
    },
    {
      "quarter": "2024-09 (Q3)",
      "signal": "GROSS MARGIN INFLECTION",
      "detail": "GM: +38.4% -> +29.0% -> +41.7% (reversal +12.7%)",
      "severity": "HIGH"
    },
    {
      "quarter": "2024-09 (Q3)",
      "signal": "YoY REVENUE GROWTH ACCELERATION",
      "detail": "YoY growth: +4.0% vs prior quarter YoY: -16.3% (accel: +20.2%)",
      "severity": "HIGH"
    },
    {
      "quarter": "2024-06 (Q2)",
      "signal": "YoY REVENUE GROWTH DECELERATION",
      "detail": "YoY growth: -16.3% vs prior quarter YoY: -6.0% (decel: -10.3%)",
      "severity": "WARNING"
    },
    {
      "quarter": "2024-03 (Q1)",
      "signal": "YoY REVENUE GROWTH DECELERATION",
      "detail": "YoY growth: -6.0% vs prior quarter YoY: +50.3% (decel: -56.2%)",
      "severity": "WARNING"
    },
    {
      "quarter": "2023-12 (Q4)",
      "signal": "FCF TURNED POSITIVE",
      "detail": "FCF margin: -44.5% -> +8.3%",
      "severity": "HIGH"
    },
    {
      "quarter": "2023-12 (Q4)",
      "signal": "YoY REVENUE GROWTH ACCELERATION",
      "detail": "YoY growth: +50.3% vs prior quarter YoY: +11.4% (accel: +38.9%)",
      "severity": "HIGH"
    },
    {
      "quarter": "2023-09 (Q3)",
      "signal": "YoY REVENUE GROWTH ACCELERATION",
      "detail": "YoY growth: +11.4% vs prior quarter YoY: -12.0% (accel: +23.4%)",
      "severity": "HIGH"
    },
    {
      "quarter": "2023-06 (Q2)",
      "signal": "FCF TURNED POSITIVE",
      "detail": "FCF margin: -10.1% -> +12.1%",
      "severity": "HIGH"
    },
    {
      "quarter": "2023-03 (Q1)",
      "signal": "FCF MARGIN EXPANSION",
      "detail": "FCF margin: -49.4% -> -10.1% (+39.3%)",
      "severity": "MEDIUM"
    },
    {
      "quarter": "2023-03 (Q1)",
      "signal": "GROSS MARGIN INFLECTION",
      "detail": "GM: +33.8% -> +27.1% -> +52.3% (reversal +25.2%)",
      "severity": "HIGH"
    },
    {
      "quarter": "2023-03 (Q1)",
      "signal": "YoY REVENUE GROWTH ACCELERATION",
      "detail": "YoY growth: -8.8% vs prior quarter YoY: -25.8% (accel: +17.0%)",
      "severity": "HIGH"
    },
    {
      "quarter": "2022-12 (Q4)",
      "signal": "YoY REVENUE GROWTH DECELERATION",
      "detail": "YoY growth: -25.8% vs prior quarter YoY: +13605868.5% (decel: -13605894.3%)",
      "severity": "WARNING"
    },
    {
      "quarter": "2022-09 (Q3)",
      "signal": "YoY REVENUE GROWTH ACCELERATION",
      "detail": "YoY growth: +13605868.5% vs prior quarter YoY: +13549458.2% (accel: +56410.3%)",
      "severity": "HIGH"
    },
    {
      "quarter": "2022-06 (Q2)",
      "signal": "YoY REVENUE GROWTH ACCELERATION",
      "detail": "YoY growth: +13549458.2% vs prior quarter YoY: +649620.9% (accel: +12899837.3%)",
      "severity": "HIGH"
    },
    {
      "quarter": "2022-03 (Q1)",
      "signal": "FCF MARGIN EXPANSION",
      "detail": "FCF margin: -25.9% -> -9.2% (+16.7%)",
      "severity": "MEDIUM"
    },
    {
      "quarter": "2022-03 (Q1)",
      "signal": "GROSS MARGIN INFLECTION",
      "detail": "GM: +100.0% -> +35.3% -> +43.0% (reversal +7.7%)",
      "severity": "HIGH"
    },
    {
      "quarter": "2022-03 (Q1)",
      "signal": "YoY REVENUE GROWTH ACCELERATION",
      "detail": "YoY growth: +649620.9% vs prior quarter YoY: +174090.5% (accel: +475530.4%)",
      "severity": "HIGH"
    },
    {
      "quarter": "2021-12 (Q4)",
      "signal": "FCF MARGIN EXPANSION",
      "detail": "FCF margin: -8538.9% -> -25.9% (+8513.0%)",
      "severity": "MEDIUM"
    },
    {
      "quarter": "2021-12 (Q4)",
      "signal": "OPERATING LEVERAGE",
      "detail": "Rev growth +14993188.9% vs OpEx growth +1060.9% (leverage: 14132.6x)",
      "severity": "MEDIUM"
    },
    {
      "quarter": "2021-12 (Q4)",
      "signal": "YoY REVENUE GROWTH ACCELERATION",
      "detail": "YoY growth: +174090.5% vs prior quarter YoY: -97.7% (accel: +174188.2%)",
      "severity": "HIGH"
    },
    {
      "quarter": "2021-09 (Q3)",
      "signal": "FCF MARGIN EXPANSION",
      "detail": "FCF margin: -202679.7% -> -8538.9% (+194140.9%)",
      "severity": "MEDIUM"
    },
    {
      "quarter": "2020-12 (Q4)",
      "signal": "FCF MARGIN EXPANSION",
      "detail": "FCF margin: -9694.2% -> -6901.5% (+2792.7%)",
      "severity": "MEDIUM"
    }
  ],
  "data_quality": {
    "n_quarters": 20,
    "coverage": {
      "revenue": [
        20,
        20
      ],
      "gross_profit": [
        17,
        20
      ],
      "op_income": [
        19,
        20
      ],
      "fcf": [
        19,
        20
      ]
    },
    "gaps": [
      [
        "2019-12 (Q4)",
        "2020-09 (Q3)",
        274
      ]
    ],
    "warnings": [
      "gap: 2Q missing between 2019-12 (Q4) and 2020-09 (Q3)"
    ]
  },
  "market_cap": null,
  "source": "SEC EDGAR",
  "last_updated": "2026-02-03T00:24:19.942919"
}