{
  "ticker": "GWRS",
  "name": "Global Water Resources, Inc.",
  "quarters": [
    {
      "date": "2020-12-31T00:00:00",
      "quarter_label": "2020-12 (Q4)",
      "revenue": 9751000,
      "gross_profit": null,
      "operating_income": 919000,
      "net_income": -258000,
      "opex": 8832000,
      "cogs": null,
      "rd": null,
      "sga": null,
      "fcf": 1228000,
      "ocf": 2869000,
      "capex": -1641000,
      "gross_margin": null,
      "op_margin": 0.09424674392370014,
      "fcf_margin": 0.1259358014562609
    },
    {
      "date": "2021-03-31T00:00:00",
      "quarter_label": "2021-03 (Q1)",
      "revenue": 9258000,
      "gross_profit": null,
      "operating_income": 1043000,
      "net_income": -217000,
      "opex": 8215000,
      "cogs": null,
      "rd": null,
      "sga": null,
      "fcf": 1532000,
      "ocf": 4801000,
      "capex": -3269000,
      "gross_margin": null,
      "op_margin": 0.11265932166774681,
      "fcf_margin": 0.16547850507669043,
      "fcf_margin_change": 0.039542703620429526
    },
    {
      "date": "2021-06-30T00:00:00",
      "quarter_label": "2021-06 (Q2)",
      "revenue": 10944000,
      "gross_profit": null,
      "operating_income": 2339000,
      "net_income": 1982000,
      "opex": 8605000,
      "cogs": null,
      "rd": null,
      "sga": null,
      "fcf": -576000,
      "ocf": 2563000,
      "capex": -3139000,
      "gross_margin": null,
      "op_margin": 0.21372441520467836,
      "fcf_margin": -0.05263157894736842,
      "op_leverage_ratio": 3.836042009405587,
      "fcf_margin_change": -0.21811008402405885
    },
    {
      "date": "2021-09-30T00:00:00",
      "quarter_label": "2021-09 (Q3)",
      "revenue": 11404000,
      "gross_profit": null,
      "operating_income": 2293000,
      "net_income": 1498000,
      "opex": 9111000,
      "cogs": null,
      "rd": null,
      "sga": null,
      "fcf": 2485000,
      "ocf": 7871000,
      "capex": -5386000,
      "gross_margin": null,
      "op_margin": 0.20106980007015082,
      "fcf_margin": 0.21790599789547527,
      "op_leverage_ratio": 0.7147959861775651,
      "fcf_margin_change": 0.2705375768428437
    },
    {
      "date": "2021-12-31T00:00:00",
      "quarter_label": "2021-12 (Q4)",
      "revenue": 10308000,
      "gross_profit": null,
      "operating_income": 1304000,
      "net_income": 346000,
      "opex": 9004000,
      "cogs": null,
      "rd": null,
      "sga": null,
      "fcf": -1305000,
      "ocf": 5151000,
      "capex": -6456000,
      "gross_margin": null,
      "op_margin": 0.12650368645712068,
      "fcf_margin": -0.12660069848661235,
      "rev_growth_yoy": 0.05712234642600759,
      "fcf_margin_change": -0.34450669638208764
    },
    {
      "date": "2022-03-31T00:00:00",
      "quarter_label": "2022-03 (Q1)",
      "revenue": 10029000,
      "gross_profit": null,
      "operating_income": 1363000,
      "net_income": 889000,
      "opex": 8666000,
      "cogs": null,
      "rd": null,
      "sga": null,
      "fcf": -798000,
      "ocf": 5371000,
      "capex": -6169000,
      "gross_margin": null,
      "op_margin": 0.13590587296839166,
      "fcf_margin": -0.07956924917738559,
      "rev_growth_yoy": 0.08327932598833442,
      "rev_growth_yoy_accel": 0.026156979562326828,
      "fcf_margin_change": 0.04703144930922676
    },
    {
      "date": "2022-06-30T00:00:00",
      "quarter_label": "2022-06 (Q2)",
      "revenue": 11707000,
      "gross_profit": null,
      "operating_income": 2462000,
      "net_income": 2107000,
      "opex": 9245000,
      "cogs": null,
      "rd": null,
      "sga": null,
      "fcf": -1964000,
      "ocf": 6505000,
      "capex": -8469000,
      "gross_margin": null,
      "op_margin": 0.21030152899974375,
      "fcf_margin": -0.1677628769112497,
      "rev_growth_yoy": 0.06971856725146199,
      "rev_growth_yoy_accel": -0.01356075873687243,
      "op_leverage_ratio": 2.5042313387893587,
      "fcf_margin_change": -0.0881936277338641
    },
    {
      "date": "2022-09-30T00:00:00",
      "quarter_label": "2022-09 (Q3)",
      "revenue": 11893000,
      "gross_profit": null,
      "operating_income": 2766000,
      "net_income": 1686000,
      "opex": 9127000,
      "cogs": null,
      "rd": null,
      "sga": null,
      "fcf": -2824000,
      "ocf": 7862000,
      "capex": -10686000,
      "gross_margin": null,
      "op_margin": 0.23257378289750275,
      "fcf_margin": -0.23745060119397965,
      "rev_growth_yoy": 0.042879691336373205,
      "rev_growth_yoy_accel": -0.02683887591508878,
      "op_leverage_ratio": Infinity,
      "fcf_margin_change": -0.06968772428272996
    },
    {
      "date": "2022-12-31T00:00:00",
      "quarter_label": "2022-12 (Q4)",
      "revenue": 11099000,
      "gross_profit": null,
      "operating_income": 1228000,
      "net_income": 824000,
      "opex": 9871000,
      "cogs": null,
      "rd": null,
      "sga": null,
      "fcf": -5062000,
      "ocf": 3598000,
      "capex": -8660000,
      "gross_margin": null,
      "op_margin": 0.11064059825209478,
      "fcf_margin": -0.4560771240652311,
      "rev_growth_yoy": 0.07673651532790066,
      "rev_growth_yoy_accel": 0.03385682399152745,
      "fcf_margin_change": -0.21862652287125145
    },
    {
      "date": "2023-03-31T00:00:00",
      "quarter_label": "2023-03 (Q1)",
      "revenue": 13128000,
      "gross_profit": null,
      "operating_income": 3777000,
      "net_income": 2466000,
      "opex": 9351000,
      "cogs": null,
      "rd": null,
      "sga": null,
      "fcf": -56000,
      "ocf": 6484000,
      "capex": -6540000,
      "gross_margin": null,
      "op_margin": 0.2877056672760512,
      "fcf_margin": -0.0042656916514320535,
      "incr_op_margin_yoy": 0.7789609551468215,
      "rev_growth_yoy": 0.3090038887227042,
      "rev_growth_yoy_accel": 0.23226737339480352,
      "op_leverage_ratio": Infinity,
      "fcf_margin_change": 0.45181143241379906
    },
    {
      "date": "2023-06-30T00:00:00",
      "quarter_label": "2023-06 (Q2)",
      "revenue": 13000000,
      "gross_profit": null,
      "operating_income": 3010000,
      "net_income": 1739000,
      "opex": 9990000,
      "cogs": null,
      "rd": null,
      "sga": null,
      "fcf": -982000,
      "ocf": 6171000,
      "capex": -7153000,
      "gross_margin": null,
      "op_margin": 0.23153846153846153,
      "fcf_margin": -0.07553846153846154,
      "incr_op_margin_yoy": 0.4238205723124517,
      "rev_growth_yoy": 0.11044674126590928,
      "rev_growth_yoy_accel": -0.1985571474567949,
      "fcf_margin_change": -0.07127276988702949
    },
    {
      "date": "2023-09-30T00:00:00",
      "quarter_label": "2023-09 (Q3)",
      "revenue": 14532000,
      "gross_profit": null,
      "operating_income": 3837000,
      "net_income": 2634000,
      "opex": 10695000,
      "cogs": null,
      "rd": null,
      "sga": null,
      "fcf": 5122000,
      "ocf": 10007000,
      "capex": -4885000,
      "gross_margin": null,
      "op_margin": 0.26403798513625104,
      "fcf_margin": 0.3524635287641068,
      "incr_op_margin_yoy": 0.40583554376657827,
      "rev_growth_yoy": 0.22189523248969983,
      "rev_growth_yoy_accel": 0.11144849122379055,
      "op_leverage_ratio": 1.6699050736497545,
      "fcf_margin_change": 0.42800199030256836
    },
    {
      "date": "2023-12-31T00:00:00",
      "quarter_label": "2023-12 (Q4)",
      "revenue": 12368000,
      "gross_profit": null,
      "operating_income": 1662000,
      "net_income": 1143000,
      "opex": 10706000,
      "cogs": null,
      "rd": null,
      "sga": null,
      "fcf": -1003000,
      "ocf": 2731000,
      "capex": -3734000,
      "gross_margin": null,
      "op_margin": 0.134379042690815,
      "fcf_margin": -0.08109637774902975,
      "incr_op_margin_yoy": 0.34200157604412923,
      "rev_growth_yoy": 0.11433462474096766,
      "rev_growth_yoy_accel": -0.10756060774873218,
      "fcf_margin_change": -0.4335599065131366
    },
    {
      "date": "2024-03-31T00:00:00",
      "quarter_label": "2024-03 (Q1)",
      "revenue": 11610000,
      "gross_profit": null,
      "operating_income": 1267000,
      "net_income": 691000,
      "opex": 10343000,
      "cogs": null,
      "rd": null,
      "sga": null,
      "fcf": 2307000,
      "ocf": 8068000,
      "capex": -5761000,
      "gross_margin": null,
      "op_margin": 0.109130060292851,
      "fcf_margin": 0.1987080103359173,
      "incr_op_margin_yoy": 1.6534914361001318,
      "rev_growth_yoy": -0.1156307129798903,
      "rev_growth_yoy_accel": -0.22996533772085798,
      "fcf_margin_change": 0.27980438808494706
    },
    {
      "date": "2024-06-30T00:00:00",
      "quarter_label": "2024-06 (Q2)",
      "revenue": 13510000,
      "gross_profit": null,
      "operating_income": 2797000,
      "net_income": 1730000,
      "opex": 10713000,
      "cogs": null,
      "rd": null,
      "sga": null,
      "fcf": -943000,
      "ocf": 5503000,
      "capex": -6446000,
      "gross_margin": null,
      "op_margin": 0.2070318282753516,
      "fcf_margin": -0.06980014803849001,
      "rev_growth_yoy": 0.03923076923076923,
      "rev_growth_yoy_accel": 0.15486148221065954,
      "op_leverage_ratio": 4.5747375282259,
      "fcf_margin_change": -0.26850815837440734
    },
    {
      "date": "2024-09-30T00:00:00",
      "quarter_label": "2024-09 (Q3)",
      "revenue": 14321000,
      "gross_profit": null,
      "operating_income": 3984000,
      "net_income": 2925000,
      "opex": 10337000,
      "cogs": null,
      "rd": null,
      "sga": null,
      "fcf": -4739000,
      "ocf": 2225000,
      "capex": -6964000,
      "gross_margin": null,
      "op_margin": 0.2781928636268417,
      "fcf_margin": -0.33091264576496054,
      "rev_growth_yoy": -0.014519680704651802,
      "rev_growth_yoy_accel": -0.05375044993542103,
      "op_leverage_ratio": Infinity,
      "fcf_margin_change": -0.26111249772647055
    },
    {
      "date": "2024-12-31T00:00:00",
      "quarter_label": "2024-12 (Q4)",
      "revenue": 13251000,
      "gross_profit": null,
      "operating_income": 1316000,
      "net_income": 443000,
      "opex": 11935000,
      "cogs": null,
      "rd": null,
      "sga": null,
      "fcf": -7164000,
      "ocf": 5989000,
      "capex": -13153000,
      "gross_margin": null,
      "op_margin": 0.09931325937665082,
      "fcf_margin": -0.540638442381707,
      "rev_growth_yoy": 0.07139391979301422,
      "rev_growth_yoy_accel": 0.08591360049766603,
      "fcf_margin_change": -0.20972579661674645
    },
    {
      "date": "2025-03-31T00:00:00",
      "quarter_label": "2025-03 (Q1)",
      "revenue": 12457000,
      "gross_profit": null,
      "operating_income": 1255000,
      "net_income": 591000,
      "opex": 11202000,
      "cogs": null,
      "rd": null,
      "sga": null,
      "fcf": -7739000,
      "ocf": 7477000,
      "capex": -15216000,
      "gross_margin": null,
      "op_margin": 0.10074656819458938,
      "fcf_margin": -0.6212571245083086,
      "rev_growth_yoy": 0.07295434969853574,
      "rev_growth_yoy_accel": 0.001560429905521521,
      "fcf_margin_change": -0.08061868212660162
    },
    {
      "date": "2025-06-30T00:00:00",
      "quarter_label": "2025-06 (Q2)",
      "revenue": 14241000,
      "gross_profit": null,
      "operating_income": 2620000,
      "net_income": 1612000,
      "opex": 11621000,
      "cogs": null,
      "rd": null,
      "sga": null,
      "fcf": -18829000,
      "ocf": 1350000,
      "capex": -20179000,
      "gross_margin": null,
      "op_margin": 0.18397584439294992,
      "fcf_margin": -1.322168387051471,
      "rev_growth_yoy": 0.0541080680977054,
      "rev_growth_yoy_accel": -0.018846281600830343,
      "op_leverage_ratio": 3.8288022012908174,
      "fcf_margin_change": -0.7009112625431625
    },
    {
      "date": "2025-09-30T00:00:00",
      "quarter_label": "2025-09 (Q3)",
      "revenue": 15519000,
      "gross_profit": null,
      "operating_income": 2922000,
      "net_income": 1717000,
      "opex": 12597000,
      "cogs": null,
      "rd": null,
      "sga": null,
      "fcf": -5585000,
      "ocf": 8649000,
      "capex": -14234000,
      "gross_margin": null,
      "op_margin": 0.18828532766286488,
      "fcf_margin": -0.35988143565951414,
      "incr_op_margin_yoy": -0.8864774624373957,
      "rev_growth_yoy": 0.08365337616088261,
      "rev_growth_yoy_accel": 0.029545308063177213,
      "op_leverage_ratio": 1.0685234332641496,
      "fcf_margin_change": 0.962286951391957
    }
  ],
  "signals": [
    {
      "quarter": "2025-09 (Q3)",
      "signal": "FCF MARGIN EXPANSION",
      "detail": "FCF margin: -132.2% -> -36.0% (+96.2%)",
      "severity": "MEDIUM"
    },
    {
      "quarter": "2025-06 (Q2)",
      "signal": "OPERATING LEVERAGE",
      "detail": "Rev growth +14.3% vs OpEx growth +3.7% (leverage: 3.8x)",
      "severity": "MEDIUM"
    },
    {
      "quarter": "2024-12 (Q4)",
      "signal": "YoY REVENUE GROWTH ACCELERATION",
      "detail": "YoY growth: +7.1% vs prior quarter YoY: -1.5% (accel: +8.6%)",
      "severity": "MEDIUM"
    },
    {
      "quarter": "2024-09 (Q3)",
      "signal": "YoY REVENUE GROWTH DECELERATION",
      "detail": "YoY growth: -1.5% vs prior quarter YoY: +3.9% (decel: -5.4%)",
      "severity": "WARNING"
    },
    {
      "quarter": "2024-06 (Q2)",
      "signal": "OPERATING LEVERAGE",
      "detail": "Rev growth +16.4% vs OpEx growth +3.6% (leverage: 4.6x)",
      "severity": "MEDIUM"
    },
    {
      "quarter": "2024-06 (Q2)",
      "signal": "YoY REVENUE GROWTH ACCELERATION",
      "detail": "YoY growth: +3.9% vs prior quarter YoY: -11.6% (accel: +15.5%)",
      "severity": "HIGH"
    },
    {
      "quarter": "2024-03 (Q1)",
      "signal": "FCF TURNED POSITIVE",
      "detail": "FCF margin: -8.1% -> +19.9%",
      "severity": "HIGH"
    },
    {
      "quarter": "2024-03 (Q1)",
      "signal": "YoY REVENUE GROWTH DECELERATION",
      "detail": "YoY growth: -11.6% vs prior quarter YoY: +11.4% (decel: -23.0%)",
      "severity": "WARNING"
    },
    {
      "quarter": "2024-03 (Q1)",
      "signal": "INCREMENTAL MARGIN (YoY)",
      "detail": "YoY Incr OPM: +165.3% vs year-ago OPM: +28.8%",
      "severity": "HIGH"
    },
    {
      "quarter": "2023-12 (Q4)",
      "signal": "YoY REVENUE GROWTH DECELERATION",
      "detail": "YoY growth: +11.4% vs prior quarter YoY: +22.2% (decel: -10.8%)",
      "severity": "WARNING"
    },
    {
      "quarter": "2023-12 (Q4)",
      "signal": "INCREMENTAL MARGIN (YoY)",
      "detail": "YoY Incr OPM: +34.2% vs year-ago OPM: +11.1%",
      "severity": "HIGH"
    },
    {
      "quarter": "2023-09 (Q3)",
      "signal": "FCF TURNED POSITIVE",
      "detail": "FCF margin: -7.6% -> +35.2%",
      "severity": "HIGH"
    },
    {
      "quarter": "2023-09 (Q3)",
      "signal": "OPERATING LEVERAGE",
      "detail": "Rev growth +11.8% vs OpEx growth +7.1% (leverage: 1.7x)",
      "severity": "MEDIUM"
    },
    {
      "quarter": "2023-09 (Q3)",
      "signal": "YoY REVENUE GROWTH ACCELERATION",
      "detail": "YoY growth: +22.2% vs prior quarter YoY: +11.0% (accel: +11.1%)",
      "severity": "MEDIUM"
    },
    {
      "quarter": "2023-09 (Q3)",
      "signal": "INCREMENTAL MARGIN (YoY)",
      "detail": "YoY Incr OPM: +40.6% vs year-ago OPM: +23.3%",
      "severity": "MEDIUM"
    },
    {
      "quarter": "2023-06 (Q2)",
      "signal": "YoY REVENUE GROWTH DECELERATION",
      "detail": "YoY growth: +11.0% vs prior quarter YoY: +30.9% (decel: -19.9%)",
      "severity": "WARNING"
    },
    {
      "quarter": "2023-06 (Q2)",
      "signal": "INCREMENTAL MARGIN (YoY)",
      "detail": "YoY Incr OPM: +42.4% vs year-ago OPM: +21.0%",
      "severity": "HIGH"
    },
    {
      "quarter": "2023-03 (Q1)",
      "signal": "FCF MARGIN EXPANSION",
      "detail": "FCF margin: -45.6% -> -0.4% (+45.2%)",
      "severity": "MEDIUM"
    },
    {
      "quarter": "2023-03 (Q1)",
      "signal": "YoY REVENUE GROWTH ACCELERATION",
      "detail": "YoY growth: +30.9% vs prior quarter YoY: +7.7% (accel: +23.2%)",
      "severity": "HIGH"
    },
    {
      "quarter": "2023-03 (Q1)",
      "signal": "INCREMENTAL MARGIN (YoY)",
      "detail": "YoY Incr OPM: +77.9% vs year-ago OPM: +13.6%",
      "severity": "HIGH"
    },
    {
      "quarter": "2022-06 (Q2)",
      "signal": "OPERATING LEVERAGE",
      "detail": "Rev growth +16.7% vs OpEx growth +6.7% (leverage: 2.5x)",
      "severity": "MEDIUM"
    },
    {
      "quarter": "2021-09 (Q3)",
      "signal": "FCF TURNED POSITIVE",
      "detail": "FCF margin: -5.3% -> +21.8%",
      "severity": "HIGH"
    },
    {
      "quarter": "2021-06 (Q2)",
      "signal": "OPERATING LEVERAGE",
      "detail": "Rev growth +18.2% vs OpEx growth +4.7% (leverage: 3.8x)",
      "severity": "MEDIUM"
    }
  ],
  "data_quality": {
    "n_quarters": 20,
    "coverage": {
      "revenue": [
        20,
        20
      ],
      "gross_profit": [
        0,
        20
      ],
      "op_income": [
        20,
        20
      ],
      "fcf": [
        20,
        20
      ]
    },
    "gaps": [],
    "warnings": [
      "gross_profit: no data"
    ]
  },
  "market_cap": null,
  "source": "SEC EDGAR",
  "last_updated": "2026-02-02T22:53:38.477290"
}