{
  "ticker": "GWW",
  "name": "W.W. Grainger, Inc.",
  "quarters": [
    {
      "date": "2020-12-31T00:00:00",
      "quarter_label": "2020-12 (Q4)",
      "revenue": 2941000000,
      "gross_profit": 1027000000,
      "operating_income": 275000000,
      "net_income": 168000000,
      "opex": 752000000,
      "cogs": 1914000000,
      "rd": null,
      "sga": 752000000,
      "fcf": 291000000,
      "ocf": 336000000,
      "capex": -45000000,
      "gross_margin": 0.3492009520571234,
      "op_margin": 0.09350561033662019,
      "fcf_margin": 0.09894593675620537
    },
    {
      "date": "2021-03-31T00:00:00",
      "quarter_label": "2021-03 (Q1)",
      "revenue": 3084000000,
      "gross_profit": 1093000000,
      "operating_income": 358000000,
      "net_income": 238000000,
      "opex": 735000000,
      "cogs": 1991000000,
      "rd": null,
      "sga": 735000000,
      "fcf": 221000000,
      "ocf": 294000000,
      "capex": -73000000,
      "gross_margin": 0.3544098573281453,
      "op_margin": 0.11608300907911803,
      "fcf_margin": 0.07166018158236057,
      "op_leverage_ratio": Infinity,
      "fcf_margin_change": -0.02728575517384481
    },
    {
      "date": "2021-06-30T00:00:00",
      "quarter_label": "2021-06 (Q2)",
      "revenue": 3207000000,
      "gross_profit": 1124000000,
      "operating_income": 334000000,
      "net_income": 225000000,
      "opex": 790000000,
      "cogs": 2083000000,
      "rd": null,
      "sga": 790000000,
      "fcf": 195000000,
      "ocf": 269000000,
      "capex": -74000000,
      "gross_margin": 0.3504833177424384,
      "op_margin": 0.10414717804801996,
      "fcf_margin": 0.0608044901777362,
      "op_leverage_ratio": 0.532985496993279,
      "fcf_margin_change": -0.010855691404624362
    },
    {
      "date": "2021-09-30T00:00:00",
      "quarter_label": "2021-09 (Q3)",
      "revenue": 3372000000,
      "gross_profit": 1250000000,
      "operating_income": 438000000,
      "net_income": 297000000,
      "opex": 812000000,
      "cogs": 2122000000,
      "rd": null,
      "sga": 812000000,
      "fcf": 111000000,
      "ocf": 161000000,
      "capex": -50000000,
      "gross_margin": 0.370699881376038,
      "op_margin": 0.1298932384341637,
      "fcf_margin": 0.03291814946619217,
      "op_leverage_ratio": 1.8475210477081385,
      "fcf_margin_change": -0.027886340711544035
    },
    {
      "date": "2021-12-31T00:00:00",
      "quarter_label": "2021-12 (Q4)",
      "revenue": 3359000000,
      "gross_profit": 1253000000,
      "operating_income": 417000000,
      "net_income": 283000000,
      "opex": 836000000,
      "cogs": 2106000000,
      "rd": null,
      "sga": 836000000,
      "fcf": 155000000,
      "ocf": 213000000,
      "capex": -58000000,
      "gross_margin": 0.3730276868115511,
      "op_margin": 0.12414409050312593,
      "fcf_margin": 0.0461446859184281,
      "incr_op_margin_yoy": 0.3397129186602871,
      "rev_growth_yoy": 0.1421285277116627,
      "fcf_margin_change": 0.013226536452235933
    },
    {
      "date": "2022-03-31T00:00:00",
      "quarter_label": "2022-03 (Q1)",
      "revenue": 3647000000,
      "gross_profit": 1383000000,
      "operating_income": 534000000,
      "net_income": 366000000,
      "opex": 849000000,
      "cogs": 2264000000,
      "rd": null,
      "sga": 849000000,
      "fcf": 286000000,
      "ocf": 343000000,
      "capex": -57000000,
      "gross_margin": 0.37921579380312587,
      "op_margin": 0.14642171647929805,
      "fcf_margin": 0.07842061968741432,
      "incr_op_margin_yoy": 0.31261101243339257,
      "rev_growth_yoy": 0.1825551232166018,
      "rev_growth_yoy_accel": 0.0404265955049391,
      "op_leverage_ratio": 5.513728902832803,
      "fcf_margin_change": 0.032275933768986215
    },
    {
      "date": "2022-06-30T00:00:00",
      "quarter_label": "2022-06 (Q2)",
      "revenue": 3837000000,
      "gross_profit": 1441000000,
      "operating_income": 534000000,
      "net_income": 371000000,
      "opex": 907000000,
      "cogs": 2396000000,
      "rd": null,
      "sga": 907000000,
      "fcf": 144000000,
      "ocf": 250000000,
      "capex": -106000000,
      "gross_margin": 0.3755538180870472,
      "op_margin": 0.13917122752150118,
      "fcf_margin": 0.03752931978107897,
      "incr_op_margin_yoy": 0.31746031746031744,
      "rev_growth_yoy": 0.19644527595884004,
      "rev_growth_yoy_accel": 0.013890152742238232,
      "op_leverage_ratio": 0.7626012877849531,
      "fcf_margin_change": -0.040891299906335346
    },
    {
      "date": "2022-09-30T00:00:00",
      "quarter_label": "2022-09 (Q3)",
      "revenue": 3942000000,
      "gross_profit": 1519000000,
      "operating_income": 603000000,
      "net_income": 426000000,
      "opex": 916000000,
      "cogs": 2423000000,
      "rd": null,
      "sga": 916000000,
      "fcf": 335000000,
      "ocf": 380000000,
      "capex": -45000000,
      "gross_margin": 0.38533739218670726,
      "op_margin": 0.15296803652968036,
      "fcf_margin": 0.08498224251648909,
      "incr_op_margin_yoy": 0.2894736842105263,
      "rev_growth_yoy": 0.16903914590747332,
      "rev_growth_yoy_accel": -0.027406130051366717,
      "op_leverage_ratio": 2.75779688993137,
      "fcf_margin_change": 0.047452922735410116
    },
    {
      "date": "2022-12-31T00:00:00",
      "quarter_label": "2022-12 (Q4)",
      "revenue": 3802000000,
      "gross_profit": 1506000000,
      "operating_income": 544000000,
      "net_income": 384000000,
      "opex": 962000000,
      "cogs": 2296000000,
      "rd": null,
      "sga": 962000000,
      "fcf": 312000000,
      "ocf": 360000000,
      "capex": -48000000,
      "gross_margin": 0.3961073119410836,
      "op_margin": 0.14308258811152025,
      "fcf_margin": 0.08206207259337191,
      "incr_op_margin_yoy": 0.2866817155756208,
      "rev_growth_yoy": 0.1318844894313784,
      "rev_growth_yoy_accel": -0.03715465647609492,
      "fcf_margin_change": -0.00292016992311718
    },
    {
      "date": "2023-03-31T00:00:00",
      "quarter_label": "2023-03 (Q1)",
      "revenue": 4091000000,
      "gross_profit": 1634000000,
      "operating_income": 680000000,
      "net_income": 488000000,
      "opex": 954000000,
      "cogs": 2457000000,
      "rd": null,
      "sga": 954000000,
      "fcf": 356000000,
      "ocf": 454000000,
      "capex": -98000000,
      "gross_margin": 0.3994133463700807,
      "op_margin": 0.16621852847714494,
      "fcf_margin": 0.0870202884380347,
      "incr_op_margin_yoy": 0.32882882882882886,
      "rev_growth_yoy": 0.1217438990951467,
      "rev_growth_yoy_accel": -0.0101405903362317,
      "op_leverage_ratio": Infinity,
      "fcf_margin_change": 0.0049582158446628
    },
    {
      "date": "2023-06-30T00:00:00",
      "quarter_label": "2023-06 (Q2)",
      "revenue": 4182000000,
      "gross_profit": 1644000000,
      "operating_income": 661000000,
      "net_income": 470000000,
      "opex": 983000000,
      "cogs": 2538000000,
      "rd": null,
      "sga": 983000000,
      "fcf": 355000000,
      "ocf": 450000000,
      "capex": -95000000,
      "gross_margin": 0.3931133428981349,
      "op_margin": 0.15805834528933524,
      "fcf_margin": 0.08488761358201817,
      "incr_op_margin_yoy": 0.3681159420289855,
      "rev_growth_yoy": 0.08991399530883502,
      "rev_growth_yoy_accel": -0.031829903786311675,
      "op_leverage_ratio": 0.7317492561467983,
      "fcf_margin_change": -0.0021326748560165365
    },
    {
      "date": "2023-09-30T00:00:00",
      "quarter_label": "2023-09 (Q3)",
      "revenue": 4208000000,
      "gross_profit": 1655000000,
      "operating_income": 667000000,
      "net_income": 476000000,
      "opex": 988000000,
      "cogs": 2553000000,
      "rd": null,
      "sga": 988000000,
      "fcf": 398000000,
      "ocf": 523000000,
      "capex": -125000000,
      "gross_margin": 0.39329847908745247,
      "op_margin": 0.15850760456273763,
      "fcf_margin": 0.09458174904942966,
      "incr_op_margin_yoy": 0.24060150375939848,
      "rev_growth_yoy": 0.06747843734145104,
      "rev_growth_yoy_accel": -0.022435557967383987,
      "fcf_margin_change": 0.009694135467411491
    },
    {
      "date": "2023-12-31T00:00:00",
      "quarter_label": "2023-12 (Q4)",
      "revenue": 3997000000,
      "gross_profit": 1563000000,
      "operating_income": 557000000,
      "net_income": 395000000,
      "opex": 1006000000,
      "cogs": 2434000000,
      "rd": null,
      "sga": 1006000000,
      "fcf": 477000000,
      "ocf": 604000000,
      "capex": -127000000,
      "gross_margin": 0.3910432824618464,
      "op_margin": 0.1393545158869152,
      "fcf_margin": 0.11933950462847136,
      "incr_op_margin_yoy": 0.06666666666666667,
      "rev_growth_yoy": 0.05128879537085744,
      "rev_growth_yoy_accel": -0.016189641970593596,
      "fcf_margin_change": 0.024757755579041696
    },
    {
      "date": "2024-03-31T00:00:00",
      "quarter_label": "2024-03 (Q1)",
      "revenue": 4235000000,
      "gross_profit": 1668000000,
      "operating_income": 669000000,
      "net_income": 478000000,
      "opex": 999000000,
      "cogs": 2567000000,
      "rd": null,
      "sga": 999000000,
      "fcf": 542000000,
      "ocf": 661000000,
      "capex": -119000000,
      "gross_margin": 0.3938606847697757,
      "op_margin": 0.15796930342384888,
      "fcf_margin": 0.12798110979929161,
      "incr_op_margin_yoy": -0.0763888888888889,
      "rev_growth_yoy": 0.03519921779516011,
      "rev_growth_yoy_accel": -0.01608957757569733,
      "op_leverage_ratio": Infinity,
      "fcf_margin_change": 0.008641605170820257
    },
    {
      "date": "2024-06-30T00:00:00",
      "quarter_label": "2024-06 (Q2)",
      "revenue": 4312000000,
      "gross_profit": 1694000000,
      "operating_income": 649000000,
      "net_income": 470000000,
      "opex": 1045000000,
      "cogs": 2618000000,
      "rd": null,
      "sga": 1045000000,
      "fcf": 335000000,
      "ocf": 411000000,
      "capex": -76000000,
      "gross_margin": 0.39285714285714285,
      "op_margin": 0.15051020408163265,
      "fcf_margin": 0.07769016697588126,
      "incr_op_margin_yoy": -0.09230769230769231,
      "rev_growth_yoy": 0.031085604973696796,
      "rev_growth_yoy_accel": -0.004113612821463313,
      "op_leverage_ratio": 0.3948616600790513,
      "fcf_margin_change": -0.05029094282341036
    },
    {
      "date": "2024-09-30T00:00:00",
      "quarter_label": "2024-09 (Q3)",
      "revenue": 4388000000,
      "gross_profit": 1720000000,
      "operating_income": 686000000,
      "net_income": 486000000,
      "opex": 1034000000,
      "cogs": 2668000000,
      "rd": null,
      "sga": 1034000000,
      "fcf": 523000000,
      "ocf": 611000000,
      "capex": -88000000,
      "gross_margin": 0.3919781221513218,
      "op_margin": 0.15633546034639928,
      "fcf_margin": 0.11918869644484958,
      "incr_op_margin_yoy": 0.10555555555555556,
      "rev_growth_yoy": 0.04277566539923954,
      "rev_growth_yoy_accel": 0.011690060425542746,
      "op_leverage_ratio": Infinity,
      "fcf_margin_change": 0.04149852946896833
    },
    {
      "date": "2024-12-31T00:00:00",
      "quarter_label": "2024-12 (Q4)",
      "revenue": 4233000000,
      "gross_profit": 1676000000,
      "operating_income": 633000000,
      "net_income": 475000000,
      "opex": 1043000000,
      "cogs": 2557000000,
      "rd": null,
      "sga": 1043000000,
      "fcf": 170000000,
      "ocf": 428000000,
      "capex": -258000000,
      "gross_margin": 0.3959366879281833,
      "op_margin": 0.14953933380581147,
      "fcf_margin": 0.040160642570281124,
      "incr_op_margin_yoy": 0.3220338983050847,
      "rev_growth_yoy": 0.05904428321240931,
      "rev_growth_yoy_accel": 0.016268617813169767,
      "fcf_margin_change": -0.07902805387456846
    },
    {
      "date": "2025-03-31T00:00:00",
      "quarter_label": "2025-03 (Q1)",
      "revenue": 4306000000,
      "gross_profit": 1710000000,
      "operating_income": 672000000,
      "net_income": 479000000,
      "opex": 1038000000,
      "cogs": 2596000000,
      "rd": null,
      "sga": 1038000000,
      "fcf": 521000000,
      "ocf": 646000000,
      "capex": -125000000,
      "gross_margin": 0.3971202972596377,
      "op_margin": 0.15606130980027869,
      "fcf_margin": 0.12099396191360892,
      "incr_op_margin_yoy": 0.04225352112676056,
      "rev_growth_yoy": 0.01676505312868949,
      "rev_growth_yoy_accel": -0.04227923008371982,
      "op_leverage_ratio": Infinity,
      "fcf_margin_change": 0.0808333193433278
    },
    {
      "date": "2025-06-30T00:00:00",
      "quarter_label": "2025-06 (Q2)",
      "revenue": 4554000000,
      "gross_profit": 1755000000,
      "operating_income": 678000000,
      "net_income": 482000000,
      "opex": 1077000000,
      "cogs": 2799000000,
      "rd": null,
      "sga": 1077000000,
      "fcf": 202000000,
      "ocf": 377000000,
      "capex": -175000000,
      "gross_margin": 0.38537549407114624,
      "op_margin": 0.14888010540184454,
      "fcf_margin": 0.04435660957400088,
      "incr_op_margin_yoy": 0.11983471074380166,
      "rev_growth_yoy": 0.05612244897959184,
      "rev_growth_yoy_accel": 0.039357395850902345,
      "op_leverage_ratio": 1.5328879202543857,
      "fcf_margin_change": -0.07663735233960804
    },
    {
      "date": "2025-09-30T00:00:00",
      "quarter_label": "2025-09 (Q3)",
      "revenue": 4657000000,
      "gross_profit": 1798000000,
      "operating_income": 511000000,
      "net_income": 294000000,
      "opex": 1287000000,
      "cogs": 2859000000,
      "rd": null,
      "sga": 1287000000,
      "fcf": 339000000,
      "ocf": 597000000,
      "capex": -258000000,
      "gross_margin": 0.386085462744256,
      "op_margin": 0.10972729224822847,
      "fcf_margin": 0.07279364397680911,
      "incr_op_margin_yoy": -0.6505576208178439,
      "rev_growth_yoy": 0.06130355515041021,
      "rev_growth_yoy_accel": 0.005181106170818371,
      "op_leverage_ratio": 0.11599535729970512,
      "fcf_margin_change": 0.02843703440280823
    }
  ],
  "signals": [
    {
      "quarter": "2025-06 (Q2)",
      "signal": "OPERATING LEVERAGE",
      "detail": "Rev growth +5.8% vs OpEx growth +3.8% (leverage: 1.5x)",
      "severity": "MEDIUM"
    },
    {
      "quarter": "2025-03 (Q1)",
      "signal": "FCF MARGIN EXPANSION",
      "detail": "FCF margin: +4.0% -> +12.1% (+8.1%)",
      "severity": "MEDIUM"
    },
    {
      "quarter": "2024-12 (Q4)",
      "signal": "INCREMENTAL MARGIN (YoY)",
      "detail": "YoY Incr OPM: +32.2% vs year-ago OPM: +13.9%",
      "severity": "MEDIUM"
    },
    {
      "quarter": "2023-06 (Q2)",
      "signal": "INCREMENTAL MARGIN (YoY)",
      "detail": "YoY Incr OPM: +36.8% vs year-ago OPM: +13.9%",
      "severity": "HIGH"
    },
    {
      "quarter": "2023-03 (Q1)",
      "signal": "INCREMENTAL MARGIN (YoY)",
      "detail": "YoY Incr OPM: +32.9% vs year-ago OPM: +14.6%",
      "severity": "MEDIUM"
    },
    {
      "quarter": "2022-12 (Q4)",
      "signal": "INCREMENTAL MARGIN (YoY)",
      "detail": "YoY Incr OPM: +28.7% vs year-ago OPM: +12.4%",
      "severity": "MEDIUM"
    },
    {
      "quarter": "2022-09 (Q3)",
      "signal": "OPERATING LEVERAGE",
      "detail": "Rev growth +2.7% vs OpEx growth +1.0% (leverage: 2.8x)",
      "severity": "MEDIUM"
    },
    {
      "quarter": "2022-09 (Q3)",
      "signal": "INCREMENTAL MARGIN (YoY)",
      "detail": "YoY Incr OPM: +28.9% vs year-ago OPM: +13.0%",
      "severity": "MEDIUM"
    },
    {
      "quarter": "2022-06 (Q2)",
      "signal": "INCREMENTAL MARGIN (YoY)",
      "detail": "YoY Incr OPM: +31.7% vs year-ago OPM: +10.4%",
      "severity": "HIGH"
    },
    {
      "quarter": "2022-03 (Q1)",
      "signal": "OPERATING LEVERAGE",
      "detail": "Rev growth +8.6% vs OpEx growth +1.6% (leverage: 5.5x)",
      "severity": "MEDIUM"
    },
    {
      "quarter": "2022-03 (Q1)",
      "signal": "INCREMENTAL MARGIN (YoY)",
      "detail": "YoY Incr OPM: +31.3% vs year-ago OPM: +11.6%",
      "severity": "MEDIUM"
    },
    {
      "quarter": "2021-12 (Q4)",
      "signal": "INCREMENTAL MARGIN (YoY)",
      "detail": "YoY Incr OPM: +34.0% vs year-ago OPM: +9.4%",
      "severity": "HIGH"
    },
    {
      "quarter": "2021-09 (Q3)",
      "signal": "OPERATING LEVERAGE",
      "detail": "Rev growth +5.1% vs OpEx growth +2.8% (leverage: 1.8x)",
      "severity": "MEDIUM"
    },
    {
      "quarter": "2021-09 (Q3)",
      "signal": "GROSS MARGIN INFLECTION",
      "detail": "GM: +35.4% -> +35.0% -> +37.1% (reversal +2.0%)",
      "severity": "MEDIUM"
    }
  ],
  "data_quality": {
    "n_quarters": 20,
    "coverage": {
      "revenue": [
        20,
        20
      ],
      "gross_profit": [
        20,
        20
      ],
      "op_income": [
        20,
        20
      ],
      "fcf": [
        20,
        20
      ]
    },
    "gaps": [],
    "warnings": []
  },
  "market_cap": null,
  "source": "SEC EDGAR",
  "last_updated": "2026-02-02T19:59:44.938717"
}