{
  "ticker": "GXO",
  "name": "GXO LOGISTICS, INC.",
  "quarters": [
    {
      "date": "2020-12-31T00:00:00",
      "quarter_label": "2020-12 (Q4)",
      "revenue": 1766000000,
      "gross_profit": null,
      "operating_income": 50000000,
      "net_income": 28000000,
      "opex": null,
      "cogs": null,
      "rd": null,
      "sga": 144000000,
      "fcf": -75000000,
      "ocf": -12000000,
      "capex": -63000000,
      "gross_margin": null,
      "op_margin": 0.028312570781426953,
      "fcf_margin": -0.04246885617214043
    },
    {
      "date": "2021-03-31T00:00:00",
      "quarter_label": "2021-03 (Q1)",
      "revenue": 1822000000,
      "gross_profit": null,
      "operating_income": 30000000,
      "net_income": 14000000,
      "opex": null,
      "cogs": null,
      "rd": null,
      "sga": 171000000,
      "fcf": -20000000,
      "ocf": 47000000,
      "capex": -67000000,
      "gross_margin": null,
      "op_margin": 0.01646542261251372,
      "fcf_margin": -0.010976948408342482,
      "fcf_margin_change": 0.031491907763797955
    },
    {
      "date": "2021-06-30T00:00:00",
      "quarter_label": "2021-06 (Q2)",
      "revenue": 1882000000,
      "gross_profit": null,
      "operating_income": 22000000,
      "net_income": 11000000,
      "opex": null,
      "cogs": null,
      "rd": null,
      "sga": 177000000,
      "fcf": 47000000,
      "ocf": 99000000,
      "capex": -52000000,
      "gross_margin": null,
      "op_margin": 0.011689691817215728,
      "fcf_margin": 0.02497343251859724,
      "fcf_margin_change": 0.03595038092693972
    },
    {
      "date": "2021-09-30T00:00:00",
      "quarter_label": "2021-09 (Q3)",
      "revenue": 1974000000,
      "gross_profit": null,
      "operating_income": 36000000,
      "net_income": 72000000,
      "opex": null,
      "cogs": null,
      "rd": null,
      "sga": 171000000,
      "fcf": 44000000,
      "ocf": 105000000,
      "capex": -61000000,
      "gross_margin": null,
      "op_margin": 0.0182370820668693,
      "fcf_margin": 0.022289766970618033,
      "fcf_margin_change": -0.0026836655479792054
    },
    {
      "date": "2021-12-31T00:00:00",
      "quarter_label": "2021-12 (Q4)",
      "revenue": 2262000000,
      "gross_profit": null,
      "operating_income": 63000000,
      "net_income": 56000000,
      "opex": null,
      "cogs": null,
      "rd": null,
      "sga": 195000000,
      "fcf": 134000000,
      "ocf": 204000000,
      "capex": -70000000,
      "gross_margin": null,
      "op_margin": 0.027851458885941646,
      "fcf_margin": 0.0592396109637489,
      "incr_op_margin_yoy": 0.02620967741935484,
      "rev_growth_yoy": 0.2808607021517554,
      "fcf_margin_change": 0.036949843993130865
    },
    {
      "date": "2022-03-31T00:00:00",
      "quarter_label": "2022-03 (Q1)",
      "revenue": 2083000000,
      "gross_profit": null,
      "operating_income": 37000000,
      "net_income": 37000000,
      "opex": null,
      "cogs": null,
      "rd": null,
      "sga": 190000000,
      "fcf": -19000000,
      "ocf": 46000000,
      "capex": -65000000,
      "gross_margin": null,
      "op_margin": 0.017762842054728757,
      "fcf_margin": -0.009121459433509362,
      "incr_op_margin_yoy": 0.02681992337164751,
      "rev_growth_yoy": 0.1432491767288694,
      "rev_growth_yoy_accel": -0.13761152542288602,
      "fcf_margin_change": -0.06836107039725826
    },
    {
      "date": "2022-06-30T00:00:00",
      "quarter_label": "2022-06 (Q2)",
      "revenue": 2156000000,
      "gross_profit": null,
      "operating_income": 59000000,
      "net_income": 51000000,
      "opex": null,
      "cogs": null,
      "rd": null,
      "sga": 220000000,
      "fcf": 65000000,
      "ocf": 154000000,
      "capex": -89000000,
      "gross_margin": null,
      "op_margin": 0.02736549165120594,
      "fcf_margin": 0.030148423005565864,
      "incr_op_margin_yoy": 0.13503649635036497,
      "rev_growth_yoy": 0.14558979808714134,
      "rev_growth_yoy_accel": 0.002340621358271955,
      "fcf_margin_change": 0.03926988243907523
    },
    {
      "date": "2022-09-30T00:00:00",
      "quarter_label": "2022-09 (Q3)",
      "revenue": 2287000000,
      "gross_profit": null,
      "operating_income": 72000000,
      "net_income": 63000000,
      "opex": null,
      "cogs": null,
      "rd": null,
      "sga": 227000000,
      "fcf": 31000000,
      "ocf": 116000000,
      "capex": -85000000,
      "gross_margin": null,
      "op_margin": 0.031482291211193704,
      "fcf_margin": 0.01355487538259729,
      "incr_op_margin_yoy": 0.11501597444089456,
      "rev_growth_yoy": 0.1585612968591692,
      "rev_growth_yoy_accel": 0.012971498772027856,
      "fcf_margin_change": -0.016593547622968573
    },
    {
      "date": "2022-12-31T00:00:00",
      "quarter_label": "2022-12 (Q4)",
      "revenue": 2467000000,
      "gross_profit": null,
      "operating_income": 74000000,
      "net_income": 46000000,
      "opex": null,
      "cogs": null,
      "rd": null,
      "sga": 249000000,
      "fcf": 123000000,
      "ocf": 226000000,
      "capex": -103000000,
      "gross_margin": null,
      "op_margin": 0.029995946493717066,
      "fcf_margin": 0.04985812728009728,
      "incr_op_margin_yoy": 0.05365853658536585,
      "rev_growth_yoy": 0.09062776304155615,
      "rev_growth_yoy_accel": -0.06793353381761305,
      "fcf_margin_change": 0.03630325189749999
    },
    {
      "date": "2023-03-31T00:00:00",
      "quarter_label": "2023-03 (Q1)",
      "revenue": 2323000000,
      "gross_profit": null,
      "operating_income": 42000000,
      "net_income": 25000000,
      "opex": null,
      "cogs": null,
      "rd": null,
      "sga": 258000000,
      "fcf": -52000000,
      "ocf": 39000000,
      "capex": -91000000,
      "gross_margin": null,
      "op_margin": 0.018080068876452863,
      "fcf_margin": -0.02238484718037021,
      "incr_op_margin_yoy": 0.020833333333333332,
      "rev_growth_yoy": 0.11521843494959194,
      "rev_growth_yoy_accel": 0.024590671908035794,
      "fcf_margin_change": -0.07224297446046749
    },
    {
      "date": "2023-06-30T00:00:00",
      "quarter_label": "2023-06 (Q2)",
      "revenue": 2394000000,
      "gross_profit": null,
      "operating_income": 99000000,
      "net_income": 65000000,
      "opex": null,
      "cogs": null,
      "rd": null,
      "sga": 245000000,
      "fcf": 2000000,
      "ocf": 61000000,
      "capex": -59000000,
      "gross_margin": null,
      "op_margin": 0.041353383458646614,
      "fcf_margin": 0.000835421888053467,
      "incr_op_margin_yoy": 0.16806722689075632,
      "rev_growth_yoy": 0.11038961038961038,
      "rev_growth_yoy_accel": -0.004828824559981557,
      "fcf_margin_change": 0.023220269068423678
    },
    {
      "date": "2023-09-30T00:00:00",
      "quarter_label": "2023-09 (Q3)",
      "revenue": 2471000000,
      "gross_profit": null,
      "operating_income": 90000000,
      "net_income": 66000000,
      "opex": null,
      "cogs": null,
      "rd": null,
      "sga": 258000000,
      "fcf": 188000000,
      "ocf": 243000000,
      "capex": -55000000,
      "gross_margin": null,
      "op_margin": 0.036422501011736136,
      "fcf_margin": 0.07608255766895994,
      "incr_op_margin_yoy": 0.09782608695652174,
      "rev_growth_yoy": 0.0804547442063839,
      "rev_growth_yoy_accel": -0.02993486618322648,
      "fcf_margin_change": 0.07524713578090647
    },
    {
      "date": "2023-12-31T00:00:00",
      "quarter_label": "2023-12 (Q4)",
      "revenue": 2590000000,
      "gross_profit": null,
      "operating_income": 87000000,
      "net_income": 73000000,
      "opex": null,
      "cogs": null,
      "rd": null,
      "sga": 237000000,
      "fcf": 146000000,
      "ocf": 215000000,
      "capex": -69000000,
      "gross_margin": null,
      "op_margin": 0.03359073359073359,
      "fcf_margin": 0.05637065637065637,
      "incr_op_margin_yoy": 0.10569105691056911,
      "rev_growth_yoy": 0.04985812728009728,
      "rev_growth_yoy_accel": -0.030596616926286624,
      "fcf_margin_change": -0.019711901298303566
    },
    {
      "date": "2024-03-31T00:00:00",
      "quarter_label": "2024-03 (Q1)",
      "revenue": 2456000000,
      "gross_profit": null,
      "operating_income": -39000000,
      "net_income": -37000000,
      "opex": null,
      "cogs": null,
      "rd": null,
      "sga": 249000000,
      "fcf": -23000000,
      "ocf": 50000000,
      "capex": -73000000,
      "gross_margin": null,
      "op_margin": -0.015879478827361564,
      "fcf_margin": -0.009364820846905538,
      "incr_op_margin_yoy": -0.6090225563909775,
      "rev_growth_yoy": 0.05725355144210073,
      "rev_growth_yoy_accel": 0.00739542416200345,
      "fcf_margin_change": -0.06573547721756191
    },
    {
      "date": "2024-06-30T00:00:00",
      "quarter_label": "2024-06 (Q2)",
      "revenue": 2846000000,
      "gross_profit": null,
      "operating_income": 75000000,
      "net_income": 38000000,
      "opex": null,
      "cogs": null,
      "rd": null,
      "sga": 270000000,
      "fcf": 27000000,
      "ocf": 115000000,
      "capex": -88000000,
      "gross_margin": null,
      "op_margin": 0.02635277582572031,
      "fcf_margin": 0.009486999297259312,
      "incr_op_margin_yoy": -0.05309734513274336,
      "rev_growth_yoy": 0.18880534670008353,
      "rev_growth_yoy_accel": 0.1315517952579828,
      "fcf_margin_change": 0.018851820144164852
    },
    {
      "date": "2024-09-30T00:00:00",
      "quarter_label": "2024-09 (Q3)",
      "revenue": 3157000000,
      "gross_profit": null,
      "operating_income": 81000000,
      "net_income": 33000000,
      "opex": null,
      "cogs": null,
      "rd": null,
      "sga": 265000000,
      "fcf": 104000000,
      "ocf": 198000000,
      "capex": -94000000,
      "gross_margin": null,
      "op_margin": 0.025657269559708585,
      "fcf_margin": 0.03294266708900855,
      "incr_op_margin_yoy": -0.013119533527696793,
      "rev_growth_yoy": 0.2776203966005666,
      "rev_growth_yoy_accel": 0.08881504990048306,
      "fcf_margin_change": 0.023455667791749242
    },
    {
      "date": "2024-12-31T00:00:00",
      "quarter_label": "2024-12 (Q4)",
      "revenue": 3250000000,
      "gross_profit": null,
      "operating_income": 101000000,
      "net_income": 100000000,
      "opex": null,
      "cogs": null,
      "rd": null,
      "sga": 277000000,
      "fcf": 82000000,
      "ocf": 186000000,
      "capex": -104000000,
      "gross_margin": null,
      "op_margin": 0.03107692307692308,
      "fcf_margin": 0.02523076923076923,
      "incr_op_margin_yoy": 0.021212121212121213,
      "rev_growth_yoy": 0.2548262548262548,
      "rev_growth_yoy_accel": -0.02279414177431177,
      "fcf_margin_change": -0.007711897858239322
    },
    {
      "date": "2025-03-31T00:00:00",
      "quarter_label": "2025-03 (Q1)",
      "revenue": 2977000000,
      "gross_profit": null,
      "operating_income": -56000000,
      "net_income": -96000000,
      "opex": null,
      "cogs": null,
      "rd": null,
      "sga": 261000000,
      "fcf": -49000000,
      "ocf": 29000000,
      "capex": -78000000,
      "gross_margin": null,
      "op_margin": -0.018810883439704402,
      "fcf_margin": -0.01645952300974135,
      "incr_op_margin_yoy": -0.03262955854126679,
      "rev_growth_yoy": 0.21213355048859936,
      "rev_growth_yoy_accel": -0.04269270433765546,
      "fcf_margin_change": -0.04169029224051058
    },
    {
      "date": "2025-06-30T00:00:00",
      "quarter_label": "2025-06 (Q2)",
      "revenue": 3299000000,
      "gross_profit": null,
      "operating_income": 89000000,
      "net_income": 26000000,
      "opex": null,
      "cogs": null,
      "rd": null,
      "sga": 272000000,
      "fcf": -44000000,
      "ocf": 3000000,
      "capex": -47000000,
      "gross_margin": null,
      "op_margin": 0.026977872082449228,
      "fcf_margin": -0.01333737496210973,
      "incr_op_margin_yoy": 0.03090507726269316,
      "rev_growth_yoy": 0.15917076598735067,
      "rev_growth_yoy_accel": -0.052962784501248694,
      "fcf_margin_change": 0.003122148047631621
    },
    {
      "date": "2025-09-30T00:00:00",
      "quarter_label": "2025-09 (Q3)",
      "revenue": 3395000000,
      "gross_profit": null,
      "operating_income": 118000000,
      "net_income": 59000000,
      "opex": null,
      "cogs": null,
      "rd": null,
      "sga": 285000000,
      "fcf": 88000000,
      "ocf": 232000000,
      "capex": -144000000,
      "gross_margin": null,
      "op_margin": 0.03475699558173785,
      "fcf_margin": 0.025920471281296025,
      "incr_op_margin_yoy": 0.15546218487394958,
      "rev_growth_yoy": 0.07538802660753881,
      "rev_growth_yoy_accel": -0.08378273937981186,
      "fcf_margin_change": 0.03925784624340575
    }
  ],
  "signals": [
    {
      "quarter": "2025-09 (Q3)",
      "signal": "FCF TURNED POSITIVE",
      "detail": "FCF margin: -1.3% -> +2.6%",
      "severity": "HIGH"
    },
    {
      "quarter": "2025-09 (Q3)",
      "signal": "YoY REVENUE GROWTH DECELERATION",
      "detail": "YoY growth: +7.5% vs prior quarter YoY: +15.9% (decel: -8.4%)",
      "severity": "WARNING"
    },
    {
      "quarter": "2025-09 (Q3)",
      "signal": "INCREMENTAL MARGIN (YoY)",
      "detail": "YoY Incr OPM: +15.5% vs year-ago OPM: +2.6%",
      "severity": "MEDIUM"
    },
    {
      "quarter": "2025-06 (Q2)",
      "signal": "YoY REVENUE GROWTH DECELERATION",
      "detail": "YoY growth: +15.9% vs prior quarter YoY: +21.2% (decel: -5.3%)",
      "severity": "WARNING"
    },
    {
      "quarter": "2025-06 (Q2)",
      "signal": "OP MARGIN TURNED POSITIVE (QoQ)",
      "detail": "Op margin: -1.9% -> +2.7%",
      "severity": "HIGH"
    },
    {
      "quarter": "2024-09 (Q3)",
      "signal": "YoY REVENUE GROWTH ACCELERATION",
      "detail": "YoY growth: +27.8% vs prior quarter YoY: +18.9% (accel: +8.9%)",
      "severity": "MEDIUM"
    },
    {
      "quarter": "2024-06 (Q2)",
      "signal": "FCF TURNED POSITIVE",
      "detail": "FCF margin: -0.9% -> +0.9%",
      "severity": "HIGH"
    },
    {
      "quarter": "2024-06 (Q2)",
      "signal": "YoY REVENUE GROWTH ACCELERATION",
      "detail": "YoY growth: +18.9% vs prior quarter YoY: +5.7% (accel: +13.2%)",
      "severity": "MEDIUM"
    },
    {
      "quarter": "2024-06 (Q2)",
      "signal": "OP MARGIN TURNED POSITIVE (QoQ)",
      "detail": "Op margin: -1.6% -> +2.6%",
      "severity": "HIGH"
    },
    {
      "quarter": "2023-09 (Q3)",
      "signal": "FCF MARGIN EXPANSION",
      "detail": "FCF margin: +0.1% -> +7.6% (+7.5%)",
      "severity": "MEDIUM"
    },
    {
      "quarter": "2023-06 (Q2)",
      "signal": "FCF TURNED POSITIVE",
      "detail": "FCF margin: -2.2% -> +0.1%",
      "severity": "HIGH"
    },
    {
      "quarter": "2023-06 (Q2)",
      "signal": "INCREMENTAL MARGIN (YoY)",
      "detail": "YoY Incr OPM: +16.8% vs year-ago OPM: +2.7%",
      "severity": "MEDIUM"
    },
    {
      "quarter": "2022-12 (Q4)",
      "signal": "YoY REVENUE GROWTH DECELERATION",
      "detail": "YoY growth: +9.1% vs prior quarter YoY: +15.9% (decel: -6.8%)",
      "severity": "WARNING"
    },
    {
      "quarter": "2022-06 (Q2)",
      "signal": "FCF TURNED POSITIVE",
      "detail": "FCF margin: -0.9% -> +3.0%",
      "severity": "HIGH"
    },
    {
      "quarter": "2022-06 (Q2)",
      "signal": "INCREMENTAL MARGIN (YoY)",
      "detail": "YoY Incr OPM: +13.5% vs year-ago OPM: +1.2%",
      "severity": "MEDIUM"
    },
    {
      "quarter": "2022-03 (Q1)",
      "signal": "YoY REVENUE GROWTH DECELERATION",
      "detail": "YoY growth: +14.3% vs prior quarter YoY: +28.1% (decel: -13.8%)",
      "severity": "WARNING"
    },
    {
      "quarter": "2021-06 (Q2)",
      "signal": "FCF TURNED POSITIVE",
      "detail": "FCF margin: -1.1% -> +2.5%",
      "severity": "HIGH"
    }
  ],
  "data_quality": {
    "n_quarters": 20,
    "coverage": {
      "revenue": [
        20,
        20
      ],
      "gross_profit": [
        0,
        20
      ],
      "op_income": [
        20,
        20
      ],
      "fcf": [
        20,
        20
      ]
    },
    "gaps": [],
    "warnings": [
      "gross_profit: no data"
    ]
  },
  "market_cap": null,
  "source": "SEC EDGAR",
  "last_updated": "2026-02-02T20:52:52.792446",
  "sector": "Industrials",
  "industry": "Integrated Freight & Logistics"
}