{
  "ticker": "GYRE",
  "name": "Gyre Therapeutics, Inc.",
  "quarters": [
    {
      "date": "2020-03-31T00:00:00",
      "quarter_label": "2020-03 (Q1)",
      "revenue": 16366000,
      "gross_profit": null,
      "operating_income": null,
      "net_income": null,
      "opex": null,
      "cogs": null,
      "rd": null,
      "sga": null,
      "fcf": null,
      "ocf": null,
      "capex": -17000,
      "gross_margin": null,
      "op_margin": null,
      "fcf_margin": null
    },
    {
      "date": "2020-06-30T00:00:00",
      "quarter_label": "2020-06 (Q2)",
      "revenue": 1658000,
      "gross_profit": null,
      "operating_income": null,
      "net_income": null,
      "opex": null,
      "cogs": null,
      "rd": null,
      "sga": null,
      "fcf": null,
      "ocf": null,
      "capex": -16000,
      "gross_margin": null,
      "op_margin": null,
      "fcf_margin": null
    },
    {
      "date": "2020-09-30T00:00:00",
      "quarter_label": "2020-09 (Q3)",
      "revenue": 893000,
      "gross_profit": null,
      "operating_income": null,
      "net_income": null,
      "opex": null,
      "cogs": null,
      "rd": 12249000,
      "sga": null,
      "fcf": null,
      "ocf": null,
      "capex": -195000,
      "gross_margin": null,
      "op_margin": null,
      "fcf_margin": null
    },
    {
      "date": "2020-12-31T00:00:00",
      "quarter_label": "2020-12 (Q4)",
      "revenue": 2031000,
      "gross_profit": null,
      "operating_income": -18841000,
      "net_income": -18907000,
      "opex": 20872000,
      "cogs": null,
      "rd": 14556000,
      "sga": null,
      "fcf": -22114000,
      "ocf": -22114000,
      "capex": null,
      "gross_margin": null,
      "op_margin": -9.2767109798129,
      "fcf_margin": -10.88823239783358
    },
    {
      "date": "2021-03-31T00:00:00",
      "quarter_label": "2021-03 (Q1)",
      "revenue": 1467000,
      "gross_profit": null,
      "operating_income": -22438000,
      "net_income": -22438000,
      "opex": 23905000,
      "cogs": null,
      "rd": 17013000,
      "sga": null,
      "fcf": -24356000,
      "ocf": -24356000,
      "capex": null,
      "gross_margin": null,
      "op_margin": -15.295160190865712,
      "fcf_margin": -16.602590320381733,
      "rev_growth_yoy": -0.9103629475742393,
      "fcf_margin_change": -5.714357922548153
    },
    {
      "date": "2021-06-30T00:00:00",
      "quarter_label": "2021-06 (Q2)",
      "revenue": 1132000,
      "gross_profit": null,
      "operating_income": -19914000,
      "net_income": -19928000,
      "opex": 21046000,
      "cogs": null,
      "rd": 15389000,
      "sga": null,
      "fcf": -20123000,
      "ocf": -20123000,
      "capex": null,
      "gross_margin": null,
      "op_margin": -17.591872791519435,
      "fcf_margin": -17.776501766784452,
      "rev_growth_yoy": -0.3172496984318456,
      "rev_growth_yoy_accel": 0.5931132491423937,
      "fcf_margin_change": -1.1739114464027196
    },
    {
      "date": "2021-09-30T00:00:00",
      "quarter_label": "2021-09 (Q3)",
      "revenue": 2299000,
      "gross_profit": null,
      "operating_income": -25229000,
      "net_income": -25238000,
      "opex": 27528000,
      "cogs": null,
      "rd": 20352000,
      "sga": null,
      "fcf": -22092000,
      "ocf": -21600000,
      "capex": -492000,
      "gross_margin": null,
      "op_margin": -10.973901696389735,
      "fcf_margin": -9.609395389299696,
      "rev_growth_yoy": 1.574468085106383,
      "rev_growth_yoy_accel": 1.8917177835382286,
      "op_leverage_ratio": 3.3472254778931165,
      "fcf_margin_change": 8.167106377484757
    },
    {
      "date": "2021-12-31T00:00:00",
      "quarter_label": "2021-12 (Q4)",
      "revenue": 2440000,
      "gross_profit": null,
      "operating_income": -20313000,
      "net_income": -20329000,
      "opex": 22753000,
      "cogs": null,
      "rd": 16135000,
      "sga": null,
      "fcf": -17676000,
      "ocf": -17676000,
      "capex": null,
      "gross_margin": null,
      "op_margin": -8.325,
      "fcf_margin": -7.244262295081967,
      "rev_growth_yoy": 0.20137863121614968,
      "rev_growth_yoy_accel": -1.3730894538902334,
      "op_leverage_ratio": Infinity,
      "fcf_margin_change": 2.365133094217729
    },
    {
      "date": "2022-03-31T00:00:00",
      "quarter_label": "2022-03 (Q1)",
      "revenue": 794000,
      "gross_profit": null,
      "operating_income": -14701000,
      "net_income": -14536000,
      "opex": 15495000,
      "cogs": null,
      "rd": 9703000,
      "sga": null,
      "fcf": -12050000,
      "ocf": -12050000,
      "capex": null,
      "gross_margin": null,
      "op_margin": -18.515113350125944,
      "fcf_margin": -15.17632241813602,
      "rev_growth_yoy": -0.45875937286980234,
      "rev_growth_yoy_accel": -0.660138004085952,
      "fcf_margin_change": -7.932060123054054
    },
    {
      "date": "2023-03-31T00:00:00",
      "quarter_label": "2023-03 (Q1)",
      "revenue": 24931000,
      "gross_profit": 23806000,
      "operating_income": 178000,
      "net_income": 260000,
      "opex": -178000,
      "cogs": 1125000,
      "rd": 588000,
      "sga": null,
      "fcf": 8675000,
      "ocf": 10417000,
      "capex": -1742000,
      "gross_margin": 0.9548754562592756,
      "op_margin": 0.007139705587421283,
      "fcf_margin": 0.34796037062291924,
      "incr_op_margin_yoy": 0.6164394912375192,
      "rev_growth_yoy": 30.3992443324937,
      "rev_growth_yoy_accel": 30.858003705363505,
      "op_leverage_ratio": Infinity,
      "fcf_margin_change": 15.52428278875894
    },
    {
      "date": "2023-06-30T00:00:00",
      "quarter_label": "2023-06 (Q2)",
      "revenue": 29329000,
      "gross_profit": 28252000,
      "operating_income": -2543000,
      "net_income": -2472000,
      "opex": 2543000,
      "cogs": 1077000,
      "rd": 318000,
      "sga": null,
      "fcf": 2056000,
      "ocf": 4533000,
      "capex": -2477000,
      "gross_margin": 0.9632786661665927,
      "op_margin": -0.0867059906577108,
      "fcf_margin": 0.0701012649595963,
      "op_leverage_ratio": Infinity,
      "fcf_margin_change": -0.27785910566332295
    },
    {
      "date": "2023-09-30T00:00:00",
      "quarter_label": "2023-09 (Q3)",
      "revenue": 32042000,
      "gross_profit": 30858000,
      "operating_income": -1623000,
      "net_income": -1576000,
      "opex": 1623000,
      "cogs": 1184000,
      "rd": 415000,
      "sga": null,
      "fcf": 5608000,
      "ocf": 7582000,
      "capex": -1974000,
      "gross_margin": 0.9630484988452656,
      "op_margin": -0.05065226889707259,
      "fcf_margin": 0.17502028587478935,
      "op_leverage_ratio": Infinity,
      "fcf_margin_change": 0.10491902091519305
    },
    {
      "date": "2023-12-31T00:00:00",
      "quarter_label": "2023-12 (Q4)",
      "revenue": 27148000,
      "gross_profit": 25898000,
      "operating_income": -63242000,
      "net_income": -81692000,
      "opex": 172056000,
      "cogs": 1250000,
      "rd": 12459000,
      "sga": null,
      "fcf": 1036000,
      "ocf": 3360000,
      "capex": -2324000,
      "gross_margin": 0.9539560925298365,
      "op_margin": -2.3295270369824665,
      "fcf_margin": 0.03816119051127155,
      "fcf_margin_change": -0.1368590953635178
    },
    {
      "date": "2024-03-31T00:00:00",
      "quarter_label": "2024-03 (Q1)",
      "revenue": 27172000,
      "gross_profit": 26193000,
      "operating_income": 8071000,
      "net_income": 9935000,
      "opex": 18122000,
      "cogs": 979000,
      "rd": 2182000,
      "sga": null,
      "fcf": 2653000,
      "ocf": 2884000,
      "capex": -231000,
      "gross_margin": 0.9639702635065509,
      "op_margin": 0.2970337111732666,
      "fcf_margin": 0.09763727366406595,
      "incr_op_margin_yoy": 3.5220883534136544,
      "rev_growth_yoy": 0.089888091131523,
      "fcf_margin_change": 0.0594760831527944
    },
    {
      "date": "2024-06-30T00:00:00",
      "quarter_label": "2024-06 (Q2)",
      "revenue": 25225000,
      "gross_profit": 24455000,
      "operating_income": 3262000,
      "net_income": 4538000,
      "opex": 21193000,
      "cogs": 770000,
      "rd": 3355000,
      "sga": null,
      "fcf": -6949000,
      "ocf": -5493000,
      "capex": -1456000,
      "gross_margin": 0.9694747274529237,
      "op_margin": 0.1293161546085233,
      "fcf_margin": -0.2754806739345887,
      "incr_op_margin_yoy": -1.4144736842105263,
      "rev_growth_yoy": -0.13992976235125643,
      "rev_growth_yoy_accel": -0.22981785348277944,
      "fcf_margin_change": -0.37311794759865463
    },
    {
      "date": "2024-09-30T00:00:00",
      "quarter_label": "2024-09 (Q3)",
      "revenue": 25488000,
      "gross_profit": 24530000,
      "operating_income": 4233000,
      "net_income": 2856000,
      "opex": 20297000,
      "cogs": 958000,
      "rd": 2775000,
      "sga": null,
      "fcf": 1033000,
      "ocf": 1726000,
      "capex": -693000,
      "gross_margin": 0.962413684871312,
      "op_margin": 0.16607815442561205,
      "fcf_margin": 0.04052887633396108,
      "incr_op_margin_yoy": -0.893500152578578,
      "rev_growth_yoy": -0.20454403595281193,
      "rev_growth_yoy_accel": -0.0646142736015555,
      "op_leverage_ratio": Infinity,
      "fcf_margin_change": 0.31600955026854977
    },
    {
      "date": "2024-12-31T00:00:00",
      "quarter_label": "2024-12 (Q4)",
      "revenue": 27872000,
      "gross_profit": 26695000,
      "operating_income": 597000,
      "net_income": 598000,
      "opex": 26098000,
      "cogs": 1177000,
      "rd": 3712000,
      "sga": null,
      "fcf": -2693000,
      "ocf": -2758000,
      "capex": 65000,
      "gross_margin": 0.9577712399540758,
      "op_margin": 0.02141934557979334,
      "fcf_margin": -0.09662026406429391,
      "rev_growth_yoy": 0.026668631206718727,
      "rev_growth_yoy_accel": 0.23121266715953065,
      "op_leverage_ratio": 0.32726493786977223,
      "fcf_margin_change": -0.137149140398255
    },
    {
      "date": "2025-03-31T00:00:00",
      "quarter_label": "2025-03 (Q1)",
      "revenue": 22058000,
      "gross_profit": 21164000,
      "operating_income": 2273000,
      "net_income": 3734000,
      "opex": 18891000,
      "cogs": 894000,
      "rd": 3095000,
      "sga": null,
      "fcf": -251000,
      "ocf": -129000,
      "capex": -122000,
      "gross_margin": 0.9594704868981775,
      "op_margin": 0.10304651373651283,
      "fcf_margin": -0.011379091486082148,
      "incr_op_margin_yoy": 1.1337504888541259,
      "rev_growth_yoy": -0.1882084498748712,
      "rev_growth_yoy_accel": -0.21487708108158993,
      "fcf_margin_change": 0.08524117257821176
    },
    {
      "date": "2025-06-30T00:00:00",
      "quarter_label": "2025-06 (Q2)",
      "revenue": 26771000,
      "gross_profit": 25620000,
      "operating_income": 2171000,
      "net_income": 1576000,
      "opex": 23449000,
      "cogs": 1151000,
      "rd": 3425000,
      "sga": null,
      "fcf": 1832000,
      "ocf": 2088000,
      "capex": -256000,
      "gross_margin": 0.9570057151395166,
      "op_margin": 0.0810952149714243,
      "fcf_margin": 0.06843225878749393,
      "incr_op_margin_yoy": -0.7056921086675291,
      "rev_growth_yoy": 0.061288404360753224,
      "rev_growth_yoy_accel": 0.24949685423562443,
      "op_leverage_ratio": 0.8855476493003347,
      "fcf_margin_change": 0.07981135027357608
    },
    {
      "date": "2025-09-30T00:00:00",
      "quarter_label": "2025-09 (Q3)",
      "revenue": 30564000,
      "gross_profit": 28936000,
      "operating_income": 6925000,
      "net_income": 5936000,
      "opex": 22011000,
      "cogs": 1628000,
      "rd": 2363000,
      "sga": null,
      "fcf": 4008000,
      "ocf": 4676000,
      "capex": -668000,
      "gross_margin": 0.9467347205863107,
      "op_margin": 0.2265737468917681,
      "fcf_margin": 0.13113466823714173,
      "incr_op_margin_yoy": 0.5303388494877856,
      "rev_growth_yoy": 0.19915254237288135,
      "rev_growth_yoy_accel": 0.13786413801212813,
      "op_leverage_ratio": Infinity,
      "fcf_margin_change": 0.0627024094496478
    }
  ],
  "signals": [
    {
      "quarter": "2025-09 (Q3)",
      "signal": "FCF MARGIN EXPANSION",
      "detail": "FCF margin: +6.8% -> +13.1% (+6.3%)",
      "severity": "MEDIUM"
    },
    {
      "quarter": "2025-09 (Q3)",
      "signal": "YoY REVENUE GROWTH ACCELERATION",
      "detail": "YoY growth: +19.9% vs prior quarter YoY: +6.1% (accel: +13.8%)",
      "severity": "MEDIUM"
    },
    {
      "quarter": "2025-09 (Q3)",
      "signal": "INCREMENTAL MARGIN (YoY)",
      "detail": "YoY Incr OPM: +53.0% vs year-ago OPM: +16.6%",
      "severity": "HIGH"
    },
    {
      "quarter": "2025-06 (Q2)",
      "signal": "FCF TURNED POSITIVE",
      "detail": "FCF margin: -1.1% -> +6.8%",
      "severity": "HIGH"
    },
    {
      "quarter": "2025-06 (Q2)",
      "signal": "YoY REVENUE GROWTH ACCELERATION",
      "detail": "YoY growth: +6.1% vs prior quarter YoY: -18.8% (accel: +24.9%)",
      "severity": "HIGH"
    },
    {
      "quarter": "2025-03 (Q1)",
      "signal": "FCF MARGIN EXPANSION",
      "detail": "FCF margin: -9.7% -> -1.1% (+8.5%)",
      "severity": "MEDIUM"
    },
    {
      "quarter": "2025-03 (Q1)",
      "signal": "YoY REVENUE GROWTH DECELERATION",
      "detail": "YoY growth: -18.8% vs prior quarter YoY: +2.7% (decel: -21.5%)",
      "severity": "WARNING"
    },
    {
      "quarter": "2025-03 (Q1)",
      "signal": "INCREMENTAL MARGIN (YoY)",
      "detail": "YoY Incr OPM: +113.4% vs year-ago OPM: +29.7%",
      "severity": "HIGH"
    },
    {
      "quarter": "2024-12 (Q4)",
      "signal": "YoY REVENUE GROWTH ACCELERATION",
      "detail": "YoY growth: +2.7% vs prior quarter YoY: -20.5% (accel: +23.1%)",
      "severity": "HIGH"
    },
    {
      "quarter": "2024-12 (Q4)",
      "signal": "OP MARGIN TURNED POSITIVE (YoY)",
      "detail": "Op margin: -233.0% (year-ago) -> +2.1%",
      "severity": "HIGH"
    },
    {
      "quarter": "2024-09 (Q3)",
      "signal": "FCF TURNED POSITIVE",
      "detail": "FCF margin: -27.5% -> +4.1%",
      "severity": "HIGH"
    },
    {
      "quarter": "2024-09 (Q3)",
      "signal": "YoY REVENUE GROWTH DECELERATION",
      "detail": "YoY growth: -20.5% vs prior quarter YoY: -14.0% (decel: -6.5%)",
      "severity": "WARNING"
    },
    {
      "quarter": "2024-09 (Q3)",
      "signal": "OP MARGIN TURNED POSITIVE (YoY)",
      "detail": "Op margin: -5.1% (year-ago) -> +16.6%",
      "severity": "HIGH"
    },
    {
      "quarter": "2024-06 (Q2)",
      "signal": "YoY REVENUE GROWTH DECELERATION",
      "detail": "YoY growth: -14.0% vs prior quarter YoY: +9.0% (decel: -23.0%)",
      "severity": "WARNING"
    },
    {
      "quarter": "2024-06 (Q2)",
      "signal": "OP MARGIN TURNED POSITIVE (YoY)",
      "detail": "Op margin: -8.7% (year-ago) -> +12.9%",
      "severity": "HIGH"
    },
    {
      "quarter": "2024-03 (Q1)",
      "signal": "FCF MARGIN EXPANSION",
      "detail": "FCF margin: +3.8% -> +9.8% (+5.9%)",
      "severity": "MEDIUM"
    },
    {
      "quarter": "2024-03 (Q1)",
      "signal": "INCREMENTAL MARGIN (YoY)",
      "detail": "YoY Incr OPM: +352.2% vs year-ago OPM: +0.7%",
      "severity": "HIGH"
    },
    {
      "quarter": "2024-03 (Q1)",
      "signal": "OP MARGIN TURNED POSITIVE (QoQ)",
      "detail": "Op margin: -233.0% -> +29.7%",
      "severity": "HIGH"
    },
    {
      "quarter": "2023-09 (Q3)",
      "signal": "FCF MARGIN EXPANSION",
      "detail": "FCF margin: +7.0% -> +17.5% (+10.5%)",
      "severity": "MEDIUM"
    },
    {
      "quarter": "2023-03 (Q1)",
      "signal": "FCF TURNED POSITIVE",
      "detail": "FCF margin: -1517.6% -> +34.8%",
      "severity": "HIGH"
    },
    {
      "quarter": "2023-03 (Q1)",
      "signal": "YoY REVENUE GROWTH ACCELERATION",
      "detail": "YoY growth: +3039.9% vs prior quarter YoY: -45.9% (accel: +3085.8%)",
      "severity": "HIGH"
    },
    {
      "quarter": "2023-03 (Q1)",
      "signal": "OP MARGIN TURNED POSITIVE (YoY)",
      "detail": "Op margin: -1851.5% (year-ago) -> +0.7%",
      "severity": "HIGH"
    },
    {
      "quarter": "2023-03 (Q1)",
      "signal": "OP MARGIN TURNED POSITIVE (QoQ)",
      "detail": "Op margin: -1851.5% -> +0.7%",
      "severity": "HIGH"
    },
    {
      "quarter": "2022-03 (Q1)",
      "signal": "YoY REVENUE GROWTH DECELERATION",
      "detail": "YoY growth: -45.9% vs prior quarter YoY: +20.1% (decel: -66.0%)",
      "severity": "WARNING"
    },
    {
      "quarter": "2021-12 (Q4)",
      "signal": "FCF MARGIN EXPANSION",
      "detail": "FCF margin: -960.9% -> -724.4% (+236.5%)",
      "severity": "MEDIUM"
    },
    {
      "quarter": "2021-12 (Q4)",
      "signal": "YoY REVENUE GROWTH DECELERATION",
      "detail": "YoY growth: +20.1% vs prior quarter YoY: +157.4% (decel: -137.3%)",
      "severity": "WARNING"
    },
    {
      "quarter": "2021-09 (Q3)",
      "signal": "FCF MARGIN EXPANSION",
      "detail": "FCF margin: -1777.7% -> -960.9% (+816.7%)",
      "severity": "MEDIUM"
    },
    {
      "quarter": "2021-09 (Q3)",
      "signal": "OPERATING LEVERAGE",
      "detail": "Rev growth +103.1% vs OpEx growth +30.8% (leverage: 3.3x)",
      "severity": "MEDIUM"
    },
    {
      "quarter": "2021-09 (Q3)",
      "signal": "YoY REVENUE GROWTH ACCELERATION",
      "detail": "YoY growth: +157.4% vs prior quarter YoY: -31.7% (accel: +189.2%)",
      "severity": "HIGH"
    },
    {
      "quarter": "2021-06 (Q2)",
      "signal": "YoY REVENUE GROWTH ACCELERATION",
      "detail": "YoY growth: -31.7% vs prior quarter YoY: -91.0% (accel: +59.3%)",
      "severity": "HIGH"
    }
  ],
  "data_quality": {
    "n_quarters": 20,
    "coverage": {
      "revenue": [
        20,
        20
      ],
      "gross_profit": [
        11,
        20
      ],
      "op_income": [
        17,
        20
      ],
      "fcf": [
        17,
        20
      ]
    },
    "gaps": [
      [
        "2022-03 (Q1)",
        "2023-03 (Q1)",
        365
      ]
    ],
    "warnings": [
      "gross_profit: 11/20Q",
      "gap: 3Q missing between 2022-03 (Q1) and 2023-03 (Q1)"
    ]
  },
  "market_cap": null,
  "source": "SEC EDGAR",
  "last_updated": "2026-02-02T22:10:11.873992",
  "sector": "Healthcare",
  "industry": "Biotechnology"
}