{
  "ticker": "H",
  "name": "HYATT HOTELS CORPORATION",
  "quarters": [
    {
      "date": "2020-12-31T00:00:00",
      "quarter_label": "2020-12 (Q4)",
      "revenue": 424000000,
      "gross_profit": null,
      "operating_income": null,
      "net_income": -203000000,
      "opex": null,
      "cogs": null,
      "rd": null,
      "sga": 104000000,
      "fcf": -166000000,
      "ocf": -148000000,
      "capex": -18000000,
      "gross_margin": null,
      "op_margin": null,
      "fcf_margin": -0.3915094339622642
    },
    {
      "date": "2021-03-31T00:00:00",
      "quarter_label": "2021-03 (Q1)",
      "revenue": 438000000,
      "gross_profit": null,
      "operating_income": null,
      "net_income": -304000000,
      "opex": null,
      "cogs": null,
      "rd": null,
      "sga": 95000000,
      "fcf": -110000000,
      "ocf": -91000000,
      "capex": -19000000,
      "gross_margin": null,
      "op_margin": null,
      "fcf_margin": -0.2511415525114155,
      "fcf_margin_change": 0.14036788145084866
    },
    {
      "date": "2021-06-30T00:00:00",
      "quarter_label": "2021-06 (Q2)",
      "revenue": 663000000,
      "gross_profit": null,
      "operating_income": null,
      "net_income": -9000000,
      "opex": null,
      "cogs": null,
      "rd": null,
      "sga": 86000000,
      "fcf": 15000000,
      "ocf": 33000000,
      "capex": -18000000,
      "gross_margin": null,
      "op_margin": null,
      "fcf_margin": 0.02262443438914027,
      "fcf_margin_change": 0.27376598690055576
    },
    {
      "date": "2021-09-30T00:00:00",
      "quarter_label": "2021-09 (Q3)",
      "revenue": 851000000,
      "gross_profit": null,
      "operating_income": null,
      "net_income": 120000000,
      "opex": null,
      "cogs": null,
      "rd": null,
      "sga": 69000000,
      "fcf": 239000000,
      "ocf": 267000000,
      "capex": -28000000,
      "gross_margin": null,
      "op_margin": null,
      "fcf_margin": 0.2808460634547591,
      "fcf_margin_change": 0.25822162906561885
    },
    {
      "date": "2021-12-31T00:00:00",
      "quarter_label": "2021-12 (Q4)",
      "revenue": 1076000000,
      "gross_profit": null,
      "operating_income": null,
      "net_income": -29000000,
      "opex": null,
      "cogs": null,
      "rd": null,
      "sga": 116000000,
      "fcf": 60000000,
      "ocf": 106000000,
      "capex": -46000000,
      "gross_margin": null,
      "op_margin": null,
      "fcf_margin": 0.055762081784386616,
      "rev_growth_yoy": 1.5377358490566038,
      "fcf_margin_change": -0.22508398167037247
    },
    {
      "date": "2022-03-31T00:00:00",
      "quarter_label": "2022-03 (Q1)",
      "revenue": 1279000000,
      "gross_profit": null,
      "operating_income": null,
      "net_income": -73000000,
      "opex": null,
      "cogs": null,
      "rd": null,
      "sga": 111000000,
      "fcf": 137000000,
      "ocf": 180000000,
      "capex": -43000000,
      "gross_margin": null,
      "op_margin": null,
      "fcf_margin": 0.10711493354182955,
      "rev_growth_yoy": 1.9200913242009132,
      "rev_growth_yoy_accel": 0.38235547514430945,
      "fcf_margin_change": 0.05135285175744293
    },
    {
      "date": "2022-06-30T00:00:00",
      "quarter_label": "2022-06 (Q2)",
      "revenue": 1483000000,
      "gross_profit": null,
      "operating_income": null,
      "net_income": 206000000,
      "opex": null,
      "cogs": null,
      "rd": null,
      "sga": 76000000,
      "fcf": 142000000,
      "ocf": 203000000,
      "capex": -61000000,
      "gross_margin": null,
      "op_margin": null,
      "fcf_margin": 0.09575185434929198,
      "rev_growth_yoy": 1.2368024132730016,
      "rev_growth_yoy_accel": -0.6832889109279117,
      "fcf_margin_change": -0.011363079192537567
    },
    {
      "date": "2022-09-30T00:00:00",
      "quarter_label": "2022-09 (Q3)",
      "revenue": 1541000000,
      "gross_profit": null,
      "operating_income": null,
      "net_income": 28000000,
      "opex": null,
      "cogs": null,
      "rd": null,
      "sga": 108000000,
      "fcf": -18000000,
      "ocf": 20000000,
      "capex": -38000000,
      "gross_margin": null,
      "op_margin": null,
      "fcf_margin": -0.011680726800778715,
      "rev_growth_yoy": 0.8108108108108109,
      "rev_growth_yoy_accel": -0.4259916024621907,
      "fcf_margin_change": -0.10743258115007069
    },
    {
      "date": "2022-12-31T00:00:00",
      "quarter_label": "2022-12 (Q4)",
      "revenue": 1588000000,
      "gross_profit": null,
      "operating_income": null,
      "net_income": 294000000,
      "opex": null,
      "cogs": null,
      "rd": null,
      "sga": 169000000,
      "fcf": 212000000,
      "ocf": 271000000,
      "capex": -59000000,
      "gross_margin": null,
      "op_margin": null,
      "fcf_margin": 0.13350125944584382,
      "rev_growth_yoy": 0.4758364312267658,
      "rev_growth_yoy_accel": -0.3349743795840451,
      "fcf_margin_change": 0.14518198624662254
    },
    {
      "date": "2023-03-31T00:00:00",
      "quarter_label": "2023-03 (Q1)",
      "revenue": 1680000000,
      "gross_profit": null,
      "operating_income": null,
      "net_income": 58000000,
      "opex": null,
      "cogs": null,
      "rd": null,
      "sga": 161000000,
      "fcf": 195000000,
      "ocf": 225000000,
      "capex": -30000000,
      "gross_margin": null,
      "op_margin": null,
      "fcf_margin": 0.11607142857142858,
      "rev_growth_yoy": 0.31352619233776385,
      "rev_growth_yoy_accel": -0.16231023888900192,
      "fcf_margin_change": -0.017429830874415242
    },
    {
      "date": "2023-06-30T00:00:00",
      "quarter_label": "2023-06 (Q2)",
      "revenue": 1705000000,
      "gross_profit": null,
      "operating_income": null,
      "net_income": 68000000,
      "opex": null,
      "cogs": null,
      "rd": null,
      "sga": 142000000,
      "fcf": 96000000,
      "ocf": 146000000,
      "capex": -50000000,
      "gross_margin": null,
      "op_margin": null,
      "fcf_margin": 0.0563049853372434,
      "rev_growth_yoy": 0.14969656102494944,
      "rev_growth_yoy_accel": -0.16382963131281442,
      "fcf_margin_change": -0.059766443234185174
    },
    {
      "date": "2023-09-30T00:00:00",
      "quarter_label": "2023-09 (Q3)",
      "revenue": 1622000000,
      "gross_profit": null,
      "operating_income": null,
      "net_income": 68000000,
      "opex": null,
      "cogs": null,
      "rd": null,
      "sga": 131000000,
      "fcf": 1000000,
      "ocf": 55000000,
      "capex": -54000000,
      "gross_margin": null,
      "op_margin": null,
      "fcf_margin": 0.0006165228113440197,
      "rev_growth_yoy": 0.05256327060350422,
      "rev_growth_yoy_accel": -0.09713329042144522,
      "fcf_margin_change": -0.05568846252589938
    },
    {
      "date": "2023-12-31T00:00:00",
      "quarter_label": "2023-12 (Q4)",
      "revenue": 1660000000,
      "gross_profit": null,
      "operating_income": null,
      "net_income": 26000000,
      "opex": null,
      "cogs": null,
      "rd": null,
      "sga": 181000000,
      "fcf": 310000000,
      "ocf": 374000000,
      "capex": -64000000,
      "gross_margin": null,
      "op_margin": null,
      "fcf_margin": 0.18674698795180722,
      "rev_growth_yoy": 0.04534005037783375,
      "rev_growth_yoy_accel": -0.007223220225670471,
      "fcf_margin_change": 0.1861304651404632
    },
    {
      "date": "2024-03-31T00:00:00",
      "quarter_label": "2024-03 (Q1)",
      "revenue": 1714000000,
      "gross_profit": null,
      "operating_income": null,
      "net_income": 522000000,
      "opex": null,
      "cogs": null,
      "rd": null,
      "sga": null,
      "fcf": 208000000,
      "ocf": 242000000,
      "capex": -34000000,
      "gross_margin": null,
      "op_margin": null,
      "fcf_margin": 0.12135355892648775,
      "rev_growth_yoy": 0.02023809523809524,
      "rev_growth_yoy_accel": -0.02510195513973851,
      "fcf_margin_change": -0.06539342902531947
    },
    {
      "date": "2024-06-30T00:00:00",
      "quarter_label": "2024-06 (Q2)",
      "revenue": 1703000000,
      "gross_profit": null,
      "operating_income": null,
      "net_income": 359000000,
      "opex": null,
      "cogs": null,
      "rd": null,
      "sga": null,
      "fcf": 135000000,
      "ocf": 177000000,
      "capex": -42000000,
      "gross_margin": null,
      "op_margin": null,
      "fcf_margin": 0.07927187316500293,
      "rev_growth_yoy": -0.0011730205278592375,
      "rev_growth_yoy_accel": -0.021411115765954475,
      "fcf_margin_change": -0.04208168576148481
    },
    {
      "date": "2024-09-30T00:00:00",
      "quarter_label": "2024-09 (Q3)",
      "revenue": 1629000000,
      "gross_profit": null,
      "operating_income": null,
      "net_income": 471000000,
      "opex": null,
      "cogs": null,
      "rd": null,
      "sga": null,
      "fcf": -64000000,
      "ocf": -21000000,
      "capex": -43000000,
      "gross_margin": null,
      "op_margin": null,
      "fcf_margin": -0.039287906691221605,
      "rev_growth_yoy": 0.004315659679408138,
      "rev_growth_yoy_accel": 0.005488680207267375,
      "fcf_margin_change": -0.11855977985622454
    },
    {
      "date": "2024-12-31T00:00:00",
      "quarter_label": "2024-12 (Q4)",
      "revenue": 1602000000,
      "gross_profit": null,
      "operating_income": null,
      "net_income": -56000000,
      "opex": null,
      "cogs": null,
      "rd": null,
      "sga": null,
      "fcf": 184000000,
      "ocf": 235000000,
      "capex": -51000000,
      "gross_margin": null,
      "op_margin": null,
      "fcf_margin": 0.11485642946317104,
      "rev_growth_yoy": -0.03493975903614458,
      "rev_growth_yoy_accel": -0.03925541871555272,
      "fcf_margin_change": 0.15414433615439266
    },
    {
      "date": "2025-03-31T00:00:00",
      "quarter_label": "2025-03 (Q1)",
      "revenue": 1718000000,
      "gross_profit": null,
      "operating_income": null,
      "net_income": 20000000,
      "opex": null,
      "cogs": null,
      "rd": null,
      "sga": null,
      "fcf": 123000000,
      "ocf": 153000000,
      "capex": -30000000,
      "gross_margin": null,
      "op_margin": null,
      "fcf_margin": 0.07159487776484284,
      "rev_growth_yoy": 0.002333722287047841,
      "rev_growth_yoy_accel": 0.03727348132319242,
      "fcf_margin_change": -0.043261551698328196
    },
    {
      "date": "2025-06-30T00:00:00",
      "quarter_label": "2025-06 (Q2)",
      "revenue": 1808000000,
      "gross_profit": null,
      "operating_income": null,
      "net_income": -3000000,
      "opex": null,
      "cogs": null,
      "rd": null,
      "sga": null,
      "fcf": -111000000,
      "ocf": -67000000,
      "capex": -44000000,
      "gross_margin": null,
      "op_margin": null,
      "fcf_margin": -0.06139380530973451,
      "rev_growth_yoy": 0.06165590135055784,
      "rev_growth_yoy_accel": 0.05932217906351,
      "fcf_margin_change": -0.13298868307457734
    },
    {
      "date": "2025-09-30T00:00:00",
      "quarter_label": "2025-09 (Q3)",
      "revenue": 1786000000,
      "gross_profit": null,
      "operating_income": null,
      "net_income": -49000000,
      "opex": null,
      "cogs": null,
      "rd": null,
      "sga": null,
      "fcf": -89000000,
      "ocf": -20000000,
      "capex": -69000000,
      "gross_margin": null,
      "op_margin": null,
      "fcf_margin": -0.04983202687569989,
      "rev_growth_yoy": 0.09637814610190301,
      "rev_growth_yoy_accel": 0.03472224475134517,
      "fcf_margin_change": 0.011561778434034622
    }
  ],
  "signals": [
    {
      "quarter": "2025-06 (Q2)",
      "signal": "YoY REVENUE GROWTH ACCELERATION",
      "detail": "YoY growth: +6.2% vs prior quarter YoY: +0.2% (accel: +5.9%)",
      "severity": "MEDIUM"
    },
    {
      "quarter": "2024-12 (Q4)",
      "signal": "FCF TURNED POSITIVE",
      "detail": "FCF margin: -3.9% -> +11.5%",
      "severity": "HIGH"
    },
    {
      "quarter": "2023-12 (Q4)",
      "signal": "FCF MARGIN EXPANSION",
      "detail": "FCF margin: +0.1% -> +18.7% (+18.6%)",
      "severity": "MEDIUM"
    },
    {
      "quarter": "2023-09 (Q3)",
      "signal": "YoY REVENUE GROWTH DECELERATION",
      "detail": "YoY growth: +5.3% vs prior quarter YoY: +15.0% (decel: -9.7%)",
      "severity": "WARNING"
    },
    {
      "quarter": "2023-06 (Q2)",
      "signal": "YoY REVENUE GROWTH DECELERATION",
      "detail": "YoY growth: +15.0% vs prior quarter YoY: +31.4% (decel: -16.4%)",
      "severity": "WARNING"
    },
    {
      "quarter": "2023-03 (Q1)",
      "signal": "YoY REVENUE GROWTH DECELERATION",
      "detail": "YoY growth: +31.4% vs prior quarter YoY: +47.6% (decel: -16.2%)",
      "severity": "WARNING"
    },
    {
      "quarter": "2022-12 (Q4)",
      "signal": "FCF TURNED POSITIVE",
      "detail": "FCF margin: -1.2% -> +13.4%",
      "severity": "HIGH"
    },
    {
      "quarter": "2022-12 (Q4)",
      "signal": "YoY REVENUE GROWTH DECELERATION",
      "detail": "YoY growth: +47.6% vs prior quarter YoY: +81.1% (decel: -33.5%)",
      "severity": "WARNING"
    },
    {
      "quarter": "2022-09 (Q3)",
      "signal": "YoY REVENUE GROWTH DECELERATION",
      "detail": "YoY growth: +81.1% vs prior quarter YoY: +123.7% (decel: -42.6%)",
      "severity": "WARNING"
    },
    {
      "quarter": "2022-06 (Q2)",
      "signal": "YoY REVENUE GROWTH DECELERATION",
      "detail": "YoY growth: +123.7% vs prior quarter YoY: +192.0% (decel: -68.3%)",
      "severity": "WARNING"
    },
    {
      "quarter": "2022-03 (Q1)",
      "signal": "FCF MARGIN EXPANSION",
      "detail": "FCF margin: +5.6% -> +10.7% (+5.1%)",
      "severity": "MEDIUM"
    },
    {
      "quarter": "2022-03 (Q1)",
      "signal": "YoY REVENUE GROWTH ACCELERATION",
      "detail": "YoY growth: +192.0% vs prior quarter YoY: +153.8% (accel: +38.2%)",
      "severity": "HIGH"
    },
    {
      "quarter": "2021-09 (Q3)",
      "signal": "FCF MARGIN EXPANSION",
      "detail": "FCF margin: +2.3% -> +28.1% (+25.8%)",
      "severity": "MEDIUM"
    },
    {
      "quarter": "2021-06 (Q2)",
      "signal": "FCF TURNED POSITIVE",
      "detail": "FCF margin: -25.1% -> +2.3%",
      "severity": "HIGH"
    },
    {
      "quarter": "2021-03 (Q1)",
      "signal": "FCF MARGIN EXPANSION",
      "detail": "FCF margin: -39.2% -> -25.1% (+14.0%)",
      "severity": "MEDIUM"
    }
  ],
  "data_quality": {
    "n_quarters": 20,
    "coverage": {
      "revenue": [
        20,
        20
      ],
      "gross_profit": [
        0,
        20
      ],
      "op_income": [
        0,
        20
      ],
      "fcf": [
        20,
        20
      ]
    },
    "gaps": [],
    "warnings": [
      "gross_profit: no data",
      "op_income: no data"
    ]
  },
  "market_cap": null,
  "source": "SEC EDGAR",
  "last_updated": "2026-02-02T20:26:17.199751"
}