{
  "ticker": "HAIN",
  "name": "THE HAIN CELESTIAL GROUP, INC.",
  "sector": "Consumer Defensive",
  "industry": "Packaged Foods",
  "quarters": [
    {
      "date": "2021-03-31T00:00:00",
      "quarter_label": "2021-03 (Q1)",
      "revenue": 492604000,
      "gross_profit": 129906000,
      "operating_income": 49577000,
      "net_income": 34254000,
      "opex": 80329000,
      "cogs": 362698000,
      "rd": null,
      "sga": 74223000,
      "fcf": 41987000,
      "ocf": 41987000,
      "capex": null,
      "gross_margin": 0.2637128403342238,
      "op_margin": 0.10064270692077205,
      "fcf_margin": 0.08523479305892766
    },
    {
      "date": "2021-06-30T00:00:00",
      "quarter_label": "2021-06 (Q2)",
      "revenue": 450653000,
      "gross_profit": 112580000,
      "operating_income": 41566000,
      "net_income": 40485000,
      "opex": 71014000,
      "cogs": 338073000,
      "rd": null,
      "sga": 62082000,
      "fcf": 50242000,
      "ocf": 50242000,
      "capex": null,
      "gross_margin": 0.24981526806656118,
      "op_margin": 0.09223504558940027,
      "fcf_margin": 0.11148710870669895,
      "fcf_margin_change": 0.026252315647771293
    },
    {
      "date": "2021-09-30T00:00:00",
      "quarter_label": "2021-09 (Q3)",
      "revenue": 454903000,
      "gross_profit": 105418000,
      "operating_income": 25547000,
      "net_income": 19411000,
      "opex": 79871000,
      "cogs": 349485000,
      "rd": null,
      "sga": 73989000,
      "fcf": 37586000,
      "ocf": 37586000,
      "capex": null,
      "gross_margin": 0.23173731542768458,
      "op_margin": 0.05615922515349426,
      "fcf_margin": 0.08262420779814598,
      "fcf_margin_change": -0.028862900908552966
    },
    {
      "date": "2021-12-31T00:00:00",
      "quarter_label": "2021-12 (Q4)",
      "revenue": 476941000,
      "gross_profit": 117295000,
      "operating_income": 32021000,
      "net_income": 30889000,
      "opex": 85274000,
      "cogs": 359646000,
      "rd": null,
      "sga": 80136000,
      "fcf": 30445000,
      "ocf": 30445000,
      "capex": null,
      "gross_margin": 0.24593188675328814,
      "op_margin": 0.06713828335160953,
      "fcf_margin": 0.06383389140375853,
      "op_leverage_ratio": 0.7161558307352593,
      "fcf_margin_change": -0.018790316394387455
    },
    {
      "date": "2022-03-31T00:00:00",
      "quarter_label": "2022-03 (Q1)",
      "revenue": 502939000,
      "gross_profit": 115703000,
      "operating_income": 35164000,
      "net_income": 24531000,
      "opex": 80539000,
      "cogs": 387236000,
      "rd": null,
      "sga": 75750000,
      "fcf": 31155000,
      "ocf": 31155000,
      "capex": null,
      "gross_margin": 0.2300537440922259,
      "op_margin": 0.06991702771111408,
      "fcf_margin": 0.06194588210498689,
      "incr_op_margin_yoy": -1.394581519109821,
      "rev_growth_yoy": 0.020980341207135954,
      "op_leverage_ratio": null,
      "fcf_margin_change": -0.0018880092987716424
    },
    {
      "date": "2022-06-30T00:00:00",
      "quarter_label": "2022-06 (Q2)",
      "revenue": 457010000,
      "gross_profit": 89025000,
      "operating_income": 11949000,
      "net_income": 3042000,
      "opex": 77076000,
      "cogs": 367985000,
      "rd": null,
      "sga": 70790000,
      "fcf": -18945000,
      "ocf": -18945000,
      "capex": null,
      "gross_margin": 0.194798800901512,
      "op_margin": 0.026146036191768234,
      "fcf_margin": -0.041454235137086716,
      "incr_op_margin_yoy": -4.658958628283782,
      "rev_growth_yoy": 0.014106197007453629,
      "rev_growth_yoy_accel": -0.006874144199682325,
      "fcf_margin_change": -0.1034001172420736
    },
    {
      "date": "2022-09-30T00:00:00",
      "quarter_label": "2022-09 (Q3)",
      "revenue": 439351000,
      "gross_profit": 94335000,
      "operating_income": 15823000,
      "net_income": 6923000,
      "opex": 78512000,
      "cogs": 345016000,
      "rd": null,
      "sga": 74951000,
      "fcf": -5116000,
      "ocf": -5116000,
      "capex": null,
      "gross_margin": 0.21471443105853863,
      "op_margin": 0.0360144850017412,
      "fcf_margin": -0.011644448288498262,
      "incr_op_margin_yoy": 0.6252572016460906,
      "rev_growth_yoy": -0.034187508106123726,
      "rev_growth_yoy_accel": -0.048293705113577355,
      "fcf_margin_change": 0.029809786848588454
    },
    {
      "date": "2022-12-31T00:00:00",
      "quarter_label": "2022-12 (Q4)",
      "revenue": 454208000,
      "gross_profit": 103857000,
      "operating_income": 27389000,
      "net_income": 10966000,
      "opex": 76468000,
      "cogs": 350351000,
      "rd": null,
      "sga": 72357000,
      "fcf": 2464000,
      "ocf": 2464000,
      "capex": null,
      "gross_margin": 0.22865515358602226,
      "op_margin": 0.060300567141045515,
      "fcf_margin": 0.005424827391855714,
      "incr_op_margin_yoy": 0.2037566533233625,
      "rev_growth_yoy": -0.047664176491431856,
      "rev_growth_yoy_accel": -0.01347666838530813,
      "op_leverage_ratio": null,
      "fcf_margin_change": 0.017069275680353976
    },
    {
      "date": "2023-03-31T00:00:00",
      "quarter_label": "2023-03 (Q1)",
      "revenue": 455243000,
      "gross_profit": 97479000,
      "operating_income": -140926000,
      "net_income": -115727000,
      "opex": 238405000,
      "cogs": 357764000,
      "rd": null,
      "sga": 75047000,
      "fcf": 28961000,
      "ocf": 28961000,
      "capex": null,
      "gross_margin": 0.21412520346276603,
      "op_margin": -0.3095621459308545,
      "fcf_margin": 0.06361657400553111,
      "incr_op_margin_yoy": 3.6919238510566923,
      "rev_growth_yoy": -0.09483456244196613,
      "rev_growth_yoy_accel": -0.04717038595053427,
      "fcf_margin_change": 0.0581917466136754
    },
    {
      "date": "2023-06-30T00:00:00",
      "quarter_label": "2023-06 (Q2)",
      "revenue": 447841000,
      "gross_profit": 100743000,
      "operating_income": 12094000,
      "net_income": -18699000,
      "opex": 88649000,
      "cogs": 347098000,
      "rd": null,
      "sga": 66878000,
      "fcf": 40510000,
      "ocf": 40510000,
      "capex": null,
      "gross_margin": 0.2249526059472,
      "op_margin": 0.027005120120757144,
      "fcf_margin": 0.0904562110213223,
      "incr_op_margin_yoy": -0.015814156396553605,
      "rev_growth_yoy": -0.020063018314697707,
      "rev_growth_yoy_accel": 0.07477154412726841,
      "fcf_margin_change": 0.026839637015791187
    },
    {
      "date": "2023-09-30T00:00:00",
      "quarter_label": "2023-09 (Q3)",
      "revenue": 425029000,
      "gross_profit": 83943000,
      "operating_income": -2278000,
      "net_income": -10376000,
      "opex": 86221000,
      "cogs": 341086000,
      "rd": null,
      "sga": 77169000,
      "fcf": 14030000,
      "ocf": 14030000,
      "capex": null,
      "gross_margin": 0.19749946474240582,
      "op_margin": -0.005359634283778283,
      "fcf_margin": 0.03300951229210242,
      "incr_op_margin_yoy": 1.2638597961178606,
      "rev_growth_yoy": -0.032598082171202525,
      "rev_growth_yoy_accel": -0.012535063856504818,
      "fcf_margin_change": -0.057446698729219876
    },
    {
      "date": "2023-12-31T00:00:00",
      "quarter_label": "2023-12 (Q4)",
      "revenue": 454100000,
      "gross_profit": 102215000,
      "operating_income": -781000,
      "net_income": -13535000,
      "opex": 102996000,
      "cogs": 351885000,
      "rd": null,
      "sga": 73952000,
      "fcf": 20655000,
      "ocf": 20655000,
      "capex": null,
      "gross_margin": 0.2250935917198855,
      "op_margin": -0.0017198854877780224,
      "fcf_margin": 0.04548557586434706,
      "rev_growth_yoy": -0.00023777652529237707,
      "rev_growth_yoy_accel": 0.03236030564591015,
      "op_leverage_ratio": 0.35155391164174055,
      "fcf_margin_change": 0.012476063572244636
    },
    {
      "date": "2024-03-31T00:00:00",
      "quarter_label": "2024-03 (Q1)",
      "revenue": 438358000,
      "gross_profit": 96671000,
      "operating_income": -27901000,
      "net_income": -48194000,
      "opex": 124572000,
      "cogs": 341687000,
      "rd": null,
      "sga": 66716000,
      "fcf": 42274000,
      "ocf": 42274000,
      "capex": null,
      "gross_margin": 0.22052979528148225,
      "op_margin": -0.0636488897202743,
      "fcf_margin": 0.09643715866939807,
      "incr_op_margin_yoy": -6.693811074918567,
      "rev_growth_yoy": -0.03709008156083674,
      "rev_growth_yoy_accel": -0.03685230503554437,
      "fcf_margin_change": 0.050951582805051014
    },
    {
      "date": "2024-06-30T00:00:00",
      "quarter_label": "2024-06 (Q2)",
      "revenue": 418799000,
      "gross_profit": 98003000,
      "operating_income": 12012000,
      "net_income": -2937000,
      "opex": 85991000,
      "cogs": 320796000,
      "rd": null,
      "sga": 72279000,
      "fcf": 39396000,
      "ocf": 39396000,
      "capex": null,
      "gross_margin": 0.23400963230571228,
      "op_margin": 0.028682016910260053,
      "fcf_margin": 0.09406899252385989,
      "incr_op_margin_yoy": 0.002823497004338544,
      "rev_growth_yoy": -0.06484890842955424,
      "rev_growth_yoy_accel": -0.027758826868717494,
      "fcf_margin_change": -0.0023681661455381836
    },
    {
      "date": "2024-09-30T00:00:00",
      "quarter_label": "2024-09 (Q3)",
      "revenue": 394596000,
      "gross_profit": 81610000,
      "operating_income": 3053000,
      "net_income": -19663000,
      "opex": 78557000,
      "cogs": 312986000,
      "rd": null,
      "sga": 71328000,
      "fcf": -10787000,
      "ocf": -10787000,
      "capex": null,
      "gross_margin": 0.206819126397632,
      "op_margin": 0.00773702723798518,
      "fcf_margin": -0.027336820444201156,
      "incr_op_margin_yoy": -0.17517168862747676,
      "rev_growth_yoy": -0.07160217302819337,
      "rev_growth_yoy_accel": -0.006753264598639133,
      "fcf_margin_change": -0.12140581296806105
    },
    {
      "date": "2024-12-31T00:00:00",
      "quarter_label": "2024-12 (Q4)",
      "revenue": 411485000,
      "gross_profit": 93452000,
      "operating_income": -91899000,
      "net_income": -103975000,
      "opex": 185351000,
      "cogs": 318033000,
      "rd": null,
      "sga": 70155000,
      "fcf": 30905000,
      "ocf": 30905000,
      "capex": null,
      "gross_margin": 0.22710912912985892,
      "op_margin": -0.22333499398519996,
      "fcf_margin": 0.07510601844538684,
      "incr_op_margin_yoy": 2.13816731197935,
      "rev_growth_yoy": -0.09384496806870733,
      "rev_growth_yoy_accel": -0.022242795040513963,
      "op_leverage_ratio": 0.03148395577192797,
      "fcf_margin_change": 0.102442838889588
    },
    {
      "date": "2025-03-31T00:00:00",
      "quarter_label": "2025-03 (Q1)",
      "revenue": 390351000,
      "gross_profit": 84650000,
      "operating_income": -121079000,
      "net_income": -134588000,
      "opex": 205729000,
      "cogs": 305701000,
      "rd": null,
      "sga": 62934000,
      "fcf": 4645000,
      "ocf": 4645000,
      "capex": null,
      "gross_margin": 0.21685611155088624,
      "op_margin": -0.31017981252769944,
      "fcf_margin": 0.011899546818120102,
      "incr_op_margin_yoy": 1.9409252817297478,
      "rev_growth_yoy": -0.10951551015380123,
      "rev_growth_yoy_accel": -0.0156705420850939,
      "fcf_margin_change": -0.06320647162726674
    },
    {
      "date": "2025-06-30T00:00:00",
      "quarter_label": "2025-06 (Q2)",
      "revenue": 363348000,
      "gross_profit": 74346000,
      "operating_income": -251678000,
      "net_income": -272615000,
      "opex": 326024000,
      "cogs": 289002000,
      "rd": null,
      "sga": 67416000,
      "fcf": -2648000,
      "ocf": -2648000,
      "capex": null,
      "gross_margin": 0.20461375871065754,
      "op_margin": -0.6926637823794269,
      "fcf_margin": -0.007287779208912668,
      "incr_op_margin_yoy": 4.755369605597735,
      "rev_growth_yoy": -0.13240480516906677,
      "rev_growth_yoy_accel": -0.022889295015265543,
      "fcf_margin_change": -0.01918732602703277
    },
    {
      "date": "2025-09-30T00:00:00",
      "quarter_label": "2025-09 (Q3)",
      "revenue": 367883000,
      "gross_profit": 68078000,
      "operating_income": -6865000,
      "net_income": -20625000,
      "opex": 74943000,
      "cogs": 299805000,
      "rd": null,
      "sga": 65512000,
      "fcf": -8480000,
      "ocf": -8480000,
      "capex": null,
      "gross_margin": 0.18505340012993263,
      "op_margin": -0.018660824229442513,
      "fcf_margin": -0.023050806914154773,
      "incr_op_margin_yoy": 0.37127990117171417,
      "rev_growth_yoy": -0.06769708765420836,
      "rev_growth_yoy_accel": 0.06470771751485842,
      "op_leverage_ratio": null,
      "fcf_margin_change": -0.015763027705242107
    },
    {
      "date": "2025-12-31T00:00:00",
      "quarter_label": "2025-12 (Q4)",
      "revenue": 384120000,
      "gross_profit": 74439000,
      "operating_income": -98822000,
      "net_income": -116006000,
      "opex": 173261000,
      "cogs": 309681000,
      "rd": null,
      "sga": 60903000,
      "fcf": 36968000,
      "ocf": 36968000,
      "capex": null,
      "gross_margin": 0.19379100281162137,
      "op_margin": -0.25726856190773717,
      "fcf_margin": 0.0962407580964282,
      "incr_op_margin_yoy": 0.2529873926548511,
      "rev_growth_yoy": -0.06650303170224917,
      "rev_growth_yoy_accel": 0.0011940559519591915,
      "op_leverage_ratio": 0.03364295308003798,
      "fcf_margin_change": 0.11929156501058297
    }
  ],
  "signals": [
    {
      "quarter": "2025-12 (Q4)",
      "signal": "FCF TURNED POSITIVE",
      "detail": "FCF margin: -2.3% -> +9.6%",
      "severity": "HIGH"
    },
    {
      "quarter": "2025-09 (Q3)",
      "signal": "YoY REVENUE GROWTH ACCELERATION",
      "detail": "YoY growth: -6.8% vs prior quarter YoY: -13.2% (accel: +6.5%)",
      "severity": "MEDIUM"
    },
    {
      "quarter": "2024-12 (Q4)",
      "signal": "FCF TURNED POSITIVE",
      "detail": "FCF margin: -2.7% -> +7.5%",
      "severity": "HIGH"
    },
    {
      "quarter": "2024-12 (Q4)",
      "signal": "GROSS MARGIN INFLECTION",
      "detail": "GM: +23.4% -> +20.7% -> +22.7% (reversal +2.0%)",
      "severity": "MEDIUM"
    },
    {
      "quarter": "2024-09 (Q3)",
      "signal": "OP MARGIN TURNED POSITIVE (YoY)",
      "detail": "Op margin: -0.5% (year-ago) -> +0.8%",
      "severity": "HIGH"
    },
    {
      "quarter": "2024-06 (Q2)",
      "signal": "OP MARGIN TURNED POSITIVE (QoQ)",
      "detail": "Op margin: -6.4% -> +2.9%",
      "severity": "HIGH"
    },
    {
      "quarter": "2024-03 (Q1)",
      "signal": "FCF MARGIN EXPANSION",
      "detail": "FCF margin: +4.5% -> +9.6% (+5.1%)",
      "severity": "MEDIUM"
    },
    {
      "quarter": "2023-12 (Q4)",
      "signal": "GROSS MARGIN INFLECTION",
      "detail": "GM: +22.5% -> +19.7% -> +22.5% (reversal +2.8%)",
      "severity": "MEDIUM"
    },
    {
      "quarter": "2023-06 (Q2)",
      "signal": "YoY REVENUE GROWTH ACCELERATION",
      "detail": "YoY growth: -2.0% vs prior quarter YoY: -9.5% (accel: +7.5%)",
      "severity": "MEDIUM"
    },
    {
      "quarter": "2023-06 (Q2)",
      "signal": "OP MARGIN TURNED POSITIVE (QoQ)",
      "detail": "Op margin: -31.0% -> +2.7%",
      "severity": "HIGH"
    },
    {
      "quarter": "2023-03 (Q1)",
      "signal": "FCF MARGIN EXPANSION",
      "detail": "FCF margin: +0.5% -> +6.4% (+5.8%)",
      "severity": "MEDIUM"
    },
    {
      "quarter": "2022-12 (Q4)",
      "signal": "FCF TURNED POSITIVE",
      "detail": "FCF margin: -1.2% -> +0.5%",
      "severity": "HIGH"
    },
    {
      "quarter": "2022-12 (Q4)",
      "signal": "INCREMENTAL MARGIN (YoY)",
      "detail": "YoY Incr OPM: +20.4% vs year-ago OPM: +6.7%",
      "severity": "MEDIUM"
    },
    {
      "quarter": "2022-09 (Q3)",
      "signal": "INCREMENTAL MARGIN (YoY)",
      "detail": "YoY Incr OPM: +62.5% vs year-ago OPM: +5.6%",
      "severity": "HIGH"
    }
  ],
  "data_quality": {
    "n_quarters": 20,
    "coverage": {
      "revenue": [
        20,
        20
      ],
      "gross_profit": [
        20,
        20
      ],
      "op_income": [
        20,
        20
      ],
      "fcf": [
        20,
        20
      ]
    },
    "gaps": [],
    "warnings": []
  },
  "market_cap": null,
  "source": "SEC EDGAR",
  "last_updated": "2026-02-24T11:07:09.174965"
}