{
  "ticker": "HAL",
  "name": "HALLIBURTON COMPANY",
  "quarters": [
    {
      "date": "2020-12-31T00:00:00",
      "quarter_label": "2020-12 (Q4)",
      "revenue": 3237000000,
      "gross_profit": null,
      "operating_income": -96000000,
      "net_income": -235000000,
      "opex": 3333000000,
      "cogs": null,
      "rd": null,
      "sga": null,
      "fcf": 638000000,
      "ocf": 638000000,
      "capex": null,
      "gross_margin": null,
      "op_margin": -0.029657089898053754,
      "fcf_margin": 0.1970960766141489
    },
    {
      "date": "2021-03-31T00:00:00",
      "quarter_label": "2021-03 (Q1)",
      "revenue": 3451000000,
      "gross_profit": null,
      "operating_income": 370000000,
      "net_income": 170000000,
      "opex": 3081000000,
      "cogs": null,
      "rd": null,
      "sga": null,
      "fcf": 203000000,
      "ocf": 203000000,
      "capex": null,
      "gross_margin": null,
      "op_margin": 0.10721529991306868,
      "fcf_margin": 0.058823529411764705,
      "op_leverage_ratio": Infinity,
      "fcf_margin_change": -0.1382725472023842
    },
    {
      "date": "2021-06-30T00:00:00",
      "quarter_label": "2021-06 (Q2)",
      "revenue": 3707000000,
      "gross_profit": null,
      "operating_income": 434000000,
      "net_income": 227000000,
      "opex": 3273000000,
      "cogs": null,
      "rd": null,
      "sga": null,
      "fcf": 409000000,
      "ocf": 409000000,
      "capex": null,
      "gross_margin": null,
      "op_margin": 0.11707580253574319,
      "fcf_margin": 0.11033180469382249,
      "op_leverage_ratio": 1.1903796001159084,
      "fcf_margin_change": 0.051508275282057786
    },
    {
      "date": "2021-09-30T00:00:00",
      "quarter_label": "2021-09 (Q3)",
      "revenue": 3860000000,
      "gross_profit": null,
      "operating_income": 446000000,
      "net_income": 236000000,
      "opex": 3414000000,
      "cogs": null,
      "rd": null,
      "sga": null,
      "fcf": 617000000,
      "ocf": 617000000,
      "capex": null,
      "gross_margin": null,
      "op_margin": 0.11554404145077721,
      "fcf_margin": 0.15984455958549224,
      "op_leverage_ratio": 0.9580666823548319,
      "fcf_margin_change": 0.049512754891669744
    },
    {
      "date": "2021-12-31T00:00:00",
      "quarter_label": "2021-12 (Q4)",
      "revenue": 4277000000,
      "gross_profit": null,
      "operating_income": 550000000,
      "net_income": 824000000,
      "opex": 3727000000,
      "cogs": null,
      "rd": null,
      "sga": null,
      "fcf": 682000000,
      "ocf": 682000000,
      "capex": null,
      "gross_margin": null,
      "op_margin": 0.1285948094458733,
      "fcf_margin": 0.15945756371288286,
      "incr_op_margin_yoy": 0.6211538461538462,
      "rev_growth_yoy": 0.321285140562249,
      "op_leverage_ratio": 1.1783326987700509,
      "fcf_margin_change": -0.00038699587260937474
    },
    {
      "date": "2022-03-31T00:00:00",
      "quarter_label": "2022-03 (Q1)",
      "revenue": 4284000000,
      "gross_profit": null,
      "operating_income": 511000000,
      "net_income": 263000000,
      "opex": 3773000000,
      "cogs": null,
      "rd": null,
      "sga": null,
      "fcf": -50000000,
      "ocf": -50000000,
      "capex": null,
      "gross_margin": null,
      "op_margin": 0.119281045751634,
      "fcf_margin": -0.011671335200746966,
      "incr_op_margin_yoy": 0.16926770708283315,
      "rev_growth_yoy": 0.2413793103448276,
      "rev_growth_yoy_accel": -0.0799058302174214,
      "fcf_margin_change": -0.1711288989136298
    },
    {
      "date": "2022-06-30T00:00:00",
      "quarter_label": "2022-06 (Q2)",
      "revenue": 5074000000,
      "gross_profit": null,
      "operating_income": 374000000,
      "net_income": 109000000,
      "opex": 4700000000,
      "cogs": null,
      "rd": null,
      "sga": null,
      "fcf": 376000000,
      "ocf": 376000000,
      "capex": null,
      "gross_margin": null,
      "op_margin": 0.0737091052424123,
      "fcf_margin": 0.07410327158060702,
      "incr_op_margin_yoy": -0.043891733723482075,
      "rev_growth_yoy": 0.3687618019962234,
      "rev_growth_yoy_accel": 0.12738249165139579,
      "op_leverage_ratio": 0.7505587635989313,
      "fcf_margin_change": 0.08577460678135398
    },
    {
      "date": "2022-09-30T00:00:00",
      "quarter_label": "2022-09 (Q3)",
      "revenue": 5357000000,
      "gross_profit": null,
      "operating_income": 846000000,
      "net_income": 544000000,
      "opex": 4511000000,
      "cogs": null,
      "rd": null,
      "sga": null,
      "fcf": 753000000,
      "ocf": 753000000,
      "capex": null,
      "gross_margin": null,
      "op_margin": 0.15792421131230167,
      "fcf_margin": 0.1405637483666231,
      "incr_op_margin_yoy": 0.26720106880427524,
      "rev_growth_yoy": 0.3878238341968912,
      "rev_growth_yoy_accel": 0.019062032200667822,
      "op_leverage_ratio": Infinity,
      "fcf_margin_change": 0.06646047678601609
    },
    {
      "date": "2022-12-31T00:00:00",
      "quarter_label": "2022-12 (Q4)",
      "revenue": 5582000000,
      "gross_profit": null,
      "operating_income": 976000000,
      "net_income": 656000000,
      "opex": 4606000000,
      "cogs": null,
      "rd": null,
      "sga": null,
      "fcf": 1163000000,
      "ocf": 1163000000,
      "capex": null,
      "gross_margin": null,
      "op_margin": 0.1748477248298101,
      "fcf_margin": 0.20834826227158723,
      "incr_op_margin_yoy": 0.3264367816091954,
      "rev_growth_yoy": 0.30512041150339025,
      "rev_growth_yoy_accel": -0.08270342269350095,
      "op_leverage_ratio": 1.9943900258392857,
      "fcf_margin_change": 0.06778451390496412
    },
    {
      "date": "2023-03-31T00:00:00",
      "quarter_label": "2023-03 (Q1)",
      "revenue": 5677000000,
      "gross_profit": null,
      "operating_income": 977000000,
      "net_income": 651000000,
      "opex": 4700000000,
      "cogs": null,
      "rd": null,
      "sga": null,
      "fcf": 122000000,
      "ocf": 122000000,
      "capex": null,
      "gross_margin": null,
      "op_margin": 0.17209793905231635,
      "fcf_margin": 0.02149022370970583,
      "incr_op_margin_yoy": 0.334529791816224,
      "rev_growth_yoy": 0.32516339869281047,
      "rev_growth_yoy_accel": 0.020042987189420214,
      "op_leverage_ratio": 0.8339304908634898,
      "fcf_margin_change": -0.1868580385618814
    },
    {
      "date": "2023-06-30T00:00:00",
      "quarter_label": "2023-06 (Q2)",
      "revenue": 5798000000,
      "gross_profit": null,
      "operating_income": 1011000000,
      "net_income": 610000000,
      "opex": 4787000000,
      "cogs": null,
      "rd": null,
      "sga": null,
      "fcf": 1052000000,
      "ocf": 1052000000,
      "capex": null,
      "gross_margin": null,
      "op_margin": 0.1743704725767506,
      "fcf_margin": 0.1814418765091411,
      "incr_op_margin_yoy": 0.8798342541436464,
      "rev_growth_yoy": 0.142688214426488,
      "rev_growth_yoy_accel": -0.18247518426632248,
      "op_leverage_ratio": 1.1514499928122957,
      "fcf_margin_change": 0.15995165279943527
    },
    {
      "date": "2023-09-30T00:00:00",
      "quarter_label": "2023-09 (Q3)",
      "revenue": 5804000000,
      "gross_profit": null,
      "operating_income": 1037000000,
      "net_income": 716000000,
      "opex": 4767000000,
      "cogs": null,
      "rd": null,
      "sga": null,
      "fcf": 874000000,
      "ocf": 874000000,
      "capex": null,
      "gross_margin": null,
      "op_margin": 0.1786698828394211,
      "fcf_margin": 0.15058580289455548,
      "incr_op_margin_yoy": 0.4272930648769575,
      "rev_growth_yoy": 0.08344222512600336,
      "rev_growth_yoy_accel": -0.059245989300484636,
      "fcf_margin_change": -0.030856073614585616
    },
    {
      "date": "2023-12-31T00:00:00",
      "quarter_label": "2023-12 (Q4)",
      "revenue": 5739000000,
      "gross_profit": null,
      "operating_income": 1058000000,
      "net_income": 661000000,
      "opex": 4681000000,
      "cogs": null,
      "rd": null,
      "sga": null,
      "fcf": 1410000000,
      "ocf": 1410000000,
      "capex": null,
      "gross_margin": null,
      "op_margin": 0.18435267468200034,
      "fcf_margin": 0.2456874019864088,
      "incr_op_margin_yoy": 0.5222929936305732,
      "rev_growth_yoy": 0.028126119670369043,
      "rev_growth_yoy_accel": -0.05531610545563431,
      "fcf_margin_change": 0.09510159909185331
    },
    {
      "date": "2024-03-31T00:00:00",
      "quarter_label": "2024-03 (Q1)",
      "revenue": 5804000000,
      "gross_profit": null,
      "operating_income": 987000000,
      "net_income": 606000000,
      "opex": 4817000000,
      "cogs": null,
      "rd": null,
      "sga": null,
      "fcf": 487000000,
      "ocf": 487000000,
      "capex": null,
      "gross_margin": null,
      "op_margin": 0.1700551343900758,
      "fcf_margin": 0.08390764989662301,
      "incr_op_margin_yoy": 0.07874015748031496,
      "rev_growth_yoy": 0.02237097058305443,
      "rev_growth_yoy_accel": -0.0057551490873146115,
      "op_leverage_ratio": 0.3898314422475734,
      "fcf_margin_change": -0.1617797520897858
    },
    {
      "date": "2024-06-30T00:00:00",
      "quarter_label": "2024-06 (Q2)",
      "revenue": 5833000000,
      "gross_profit": null,
      "operating_income": 1032000000,
      "net_income": 709000000,
      "opex": 4801000000,
      "cogs": null,
      "rd": null,
      "sga": null,
      "fcf": 1081000000,
      "ocf": 1081000000,
      "capex": null,
      "gross_margin": null,
      "op_margin": 0.17692439567975313,
      "fcf_margin": 0.18532487570718326,
      "incr_op_margin_yoy": 0.6,
      "rev_growth_yoy": 0.006036564332528458,
      "rev_growth_yoy_accel": -0.016334406250525974,
      "fcf_margin_change": 0.10141722581056024
    },
    {
      "date": "2024-09-30T00:00:00",
      "quarter_label": "2024-09 (Q3)",
      "revenue": 5697000000,
      "gross_profit": null,
      "operating_income": 871000000,
      "net_income": 571000000,
      "opex": 4826000000,
      "cogs": null,
      "rd": null,
      "sga": null,
      "fcf": 841000000,
      "ocf": 841000000,
      "capex": null,
      "gross_margin": null,
      "op_margin": 0.15288748464103916,
      "fcf_margin": 0.1476215552044936,
      "incr_op_margin_yoy": 1.5514018691588785,
      "rev_growth_yoy": -0.0184355616815989,
      "rev_growth_yoy_accel": -0.024472126014127356,
      "fcf_margin_change": -0.03770332050268965
    },
    {
      "date": "2024-12-31T00:00:00",
      "quarter_label": "2024-12 (Q4)",
      "revenue": 5610000000,
      "gross_profit": null,
      "operating_income": 932000000,
      "net_income": 615000000,
      "opex": 4678000000,
      "cogs": null,
      "rd": null,
      "sga": null,
      "fcf": 1456000000,
      "ocf": 1456000000,
      "capex": null,
      "gross_margin": null,
      "op_margin": 0.1661319073083779,
      "fcf_margin": 0.25953654188948305,
      "incr_op_margin_yoy": 0.9767441860465116,
      "rev_growth_yoy": -0.02247778358599059,
      "rev_growth_yoy_accel": -0.004042221904391692,
      "fcf_margin_change": 0.11191498668498945
    },
    {
      "date": "2025-03-31T00:00:00",
      "quarter_label": "2025-03 (Q1)",
      "revenue": 5417000000,
      "gross_profit": null,
      "operating_income": 431000000,
      "net_income": 204000000,
      "opex": 4986000000,
      "cogs": null,
      "rd": null,
      "sga": null,
      "fcf": 377000000,
      "ocf": 377000000,
      "capex": null,
      "gross_margin": null,
      "op_margin": 0.07956433450249216,
      "fcf_margin": 0.06959571718663467,
      "incr_op_margin_yoy": 1.4366925064599483,
      "rev_growth_yoy": -0.06667815299793246,
      "rev_growth_yoy_accel": -0.04420036941194187,
      "fcf_margin_change": -0.1899408247028484
    },
    {
      "date": "2025-06-30T00:00:00",
      "quarter_label": "2025-06 (Q2)",
      "revenue": 5510000000,
      "gross_profit": null,
      "operating_income": 727000000,
      "net_income": 472000000,
      "opex": 4783000000,
      "cogs": null,
      "rd": null,
      "sga": null,
      "fcf": 896000000,
      "ocf": 896000000,
      "capex": null,
      "gross_margin": null,
      "op_margin": 0.13194192377495462,
      "fcf_margin": 0.16261343012704174,
      "incr_op_margin_yoy": 0.9442724458204335,
      "rev_growth_yoy": -0.05537459283387622,
      "rev_growth_yoy_accel": 0.011303560164056245,
      "op_leverage_ratio": Infinity,
      "fcf_margin_change": 0.09301771294040707
    },
    {
      "date": "2025-09-30T00:00:00",
      "quarter_label": "2025-09 (Q3)",
      "revenue": 5600000000,
      "gross_profit": null,
      "operating_income": 356000000,
      "net_income": 18000000,
      "opex": 5244000000,
      "cogs": null,
      "rd": null,
      "sga": null,
      "fcf": 488000000,
      "ocf": 488000000,
      "capex": null,
      "gross_margin": null,
      "op_margin": 0.06357142857142857,
      "fcf_margin": 0.08714285714285715,
      "incr_op_margin_yoy": 5.309278350515464,
      "rev_growth_yoy": -0.017026505178163946,
      "rev_growth_yoy_accel": 0.03834808765571227,
      "op_leverage_ratio": 0.16946903874241664,
      "fcf_margin_change": -0.0754705729841846
    }
  ],
  "signals": [
    {
      "quarter": "2025-09 (Q3)",
      "signal": "INCREMENTAL MARGIN (YoY)",
      "detail": "YoY Incr OPM: +530.9% vs year-ago OPM: +15.3%",
      "severity": "HIGH"
    },
    {
      "quarter": "2025-06 (Q2)",
      "signal": "FCF MARGIN EXPANSION",
      "detail": "FCF margin: +7.0% -> +16.3% (+9.3%)",
      "severity": "MEDIUM"
    },
    {
      "quarter": "2025-06 (Q2)",
      "signal": "INCREMENTAL MARGIN (YoY)",
      "detail": "YoY Incr OPM: +94.4% vs year-ago OPM: +17.7%",
      "severity": "HIGH"
    },
    {
      "quarter": "2025-03 (Q1)",
      "signal": "INCREMENTAL MARGIN (YoY)",
      "detail": "YoY Incr OPM: +143.7% vs year-ago OPM: +17.0%",
      "severity": "HIGH"
    },
    {
      "quarter": "2024-12 (Q4)",
      "signal": "FCF MARGIN EXPANSION",
      "detail": "FCF margin: +14.8% -> +26.0% (+11.2%)",
      "severity": "MEDIUM"
    },
    {
      "quarter": "2024-12 (Q4)",
      "signal": "INCREMENTAL MARGIN (YoY)",
      "detail": "YoY Incr OPM: +97.7% vs year-ago OPM: +18.4%",
      "severity": "HIGH"
    },
    {
      "quarter": "2024-09 (Q3)",
      "signal": "INCREMENTAL MARGIN (YoY)",
      "detail": "YoY Incr OPM: +155.1% vs year-ago OPM: +17.9%",
      "severity": "HIGH"
    },
    {
      "quarter": "2024-06 (Q2)",
      "signal": "FCF MARGIN EXPANSION",
      "detail": "FCF margin: +8.4% -> +18.5% (+10.1%)",
      "severity": "MEDIUM"
    },
    {
      "quarter": "2024-06 (Q2)",
      "signal": "INCREMENTAL MARGIN (YoY)",
      "detail": "YoY Incr OPM: +60.0% vs year-ago OPM: +17.4%",
      "severity": "HIGH"
    },
    {
      "quarter": "2023-12 (Q4)",
      "signal": "FCF MARGIN EXPANSION",
      "detail": "FCF margin: +15.1% -> +24.6% (+9.5%)",
      "severity": "MEDIUM"
    },
    {
      "quarter": "2023-12 (Q4)",
      "signal": "YoY REVENUE GROWTH DECELERATION",
      "detail": "YoY growth: +2.8% vs prior quarter YoY: +8.3% (decel: -5.5%)",
      "severity": "WARNING"
    },
    {
      "quarter": "2023-12 (Q4)",
      "signal": "INCREMENTAL MARGIN (YoY)",
      "detail": "YoY Incr OPM: +52.2% vs year-ago OPM: +17.5%",
      "severity": "HIGH"
    },
    {
      "quarter": "2023-09 (Q3)",
      "signal": "YoY REVENUE GROWTH DECELERATION",
      "detail": "YoY growth: +8.3% vs prior quarter YoY: +14.3% (decel: -5.9%)",
      "severity": "WARNING"
    },
    {
      "quarter": "2023-09 (Q3)",
      "signal": "INCREMENTAL MARGIN (YoY)",
      "detail": "YoY Incr OPM: +42.7% vs year-ago OPM: +15.8%",
      "severity": "HIGH"
    },
    {
      "quarter": "2023-06 (Q2)",
      "signal": "FCF MARGIN EXPANSION",
      "detail": "FCF margin: +2.1% -> +18.1% (+16.0%)",
      "severity": "MEDIUM"
    },
    {
      "quarter": "2023-06 (Q2)",
      "signal": "YoY REVENUE GROWTH DECELERATION",
      "detail": "YoY growth: +14.3% vs prior quarter YoY: +32.5% (decel: -18.2%)",
      "severity": "WARNING"
    },
    {
      "quarter": "2023-06 (Q2)",
      "signal": "INCREMENTAL MARGIN (YoY)",
      "detail": "YoY Incr OPM: +88.0% vs year-ago OPM: +7.4%",
      "severity": "HIGH"
    },
    {
      "quarter": "2023-03 (Q1)",
      "signal": "INCREMENTAL MARGIN (YoY)",
      "detail": "YoY Incr OPM: +33.5% vs year-ago OPM: +11.9%",
      "severity": "HIGH"
    },
    {
      "quarter": "2022-12 (Q4)",
      "signal": "FCF MARGIN EXPANSION",
      "detail": "FCF margin: +14.1% -> +20.8% (+6.8%)",
      "severity": "MEDIUM"
    },
    {
      "quarter": "2022-12 (Q4)",
      "signal": "OPERATING LEVERAGE",
      "detail": "Rev growth +4.2% vs OpEx growth +2.1% (leverage: 2.0x)",
      "severity": "MEDIUM"
    },
    {
      "quarter": "2022-12 (Q4)",
      "signal": "YoY REVENUE GROWTH DECELERATION",
      "detail": "YoY growth: +30.5% vs prior quarter YoY: +38.8% (decel: -8.3%)",
      "severity": "WARNING"
    },
    {
      "quarter": "2022-12 (Q4)",
      "signal": "INCREMENTAL MARGIN (YoY)",
      "detail": "YoY Incr OPM: +32.6% vs year-ago OPM: +12.9%",
      "severity": "MEDIUM"
    },
    {
      "quarter": "2022-09 (Q3)",
      "signal": "FCF MARGIN EXPANSION",
      "detail": "FCF margin: +7.4% -> +14.1% (+6.6%)",
      "severity": "MEDIUM"
    },
    {
      "quarter": "2022-09 (Q3)",
      "signal": "INCREMENTAL MARGIN (YoY)",
      "detail": "YoY Incr OPM: +26.7% vs year-ago OPM: +11.6%",
      "severity": "MEDIUM"
    },
    {
      "quarter": "2022-06 (Q2)",
      "signal": "FCF TURNED POSITIVE",
      "detail": "FCF margin: -1.2% -> +7.4%",
      "severity": "HIGH"
    },
    {
      "quarter": "2022-06 (Q2)",
      "signal": "YoY REVENUE GROWTH ACCELERATION",
      "detail": "YoY growth: +36.9% vs prior quarter YoY: +24.1% (accel: +12.7%)",
      "severity": "MEDIUM"
    },
    {
      "quarter": "2022-03 (Q1)",
      "signal": "YoY REVENUE GROWTH DECELERATION",
      "detail": "YoY growth: +24.1% vs prior quarter YoY: +32.1% (decel: -8.0%)",
      "severity": "WARNING"
    },
    {
      "quarter": "2021-12 (Q4)",
      "signal": "OP MARGIN TURNED POSITIVE (YoY)",
      "detail": "Op margin: -3.0% (year-ago) -> +12.9%",
      "severity": "HIGH"
    },
    {
      "quarter": "2021-06 (Q2)",
      "signal": "FCF MARGIN EXPANSION",
      "detail": "FCF margin: +5.9% -> +11.0% (+5.2%)",
      "severity": "MEDIUM"
    },
    {
      "quarter": "2021-03 (Q1)",
      "signal": "OP MARGIN TURNED POSITIVE (QoQ)",
      "detail": "Op margin: -3.0% -> +10.7%",
      "severity": "HIGH"
    }
  ],
  "data_quality": {
    "n_quarters": 20,
    "coverage": {
      "revenue": [
        20,
        20
      ],
      "gross_profit": [
        0,
        20
      ],
      "op_income": [
        20,
        20
      ],
      "fcf": [
        20,
        20
      ]
    },
    "gaps": [],
    "warnings": [
      "gross_profit: no data"
    ]
  },
  "market_cap": null,
  "source": "SEC EDGAR",
  "last_updated": "2026-02-02T20:09:37.924142",
  "sector": "Energy",
  "industry": "Oil & Gas Equipment & Services"
}