{
  "ticker": "HASI",
  "name": "HA SUSTAINABLE INFRASTRUCTURE CAPITAL, INC.",
  "quarters": [
    {
      "date": "2020-12-31T00:00:00",
      "quarter_label": "2020-12 (Q4)",
      "revenue": 48889000,
      "gross_profit": null,
      "operating_income": null,
      "net_income": 24925000,
      "opex": null,
      "cogs": null,
      "rd": null,
      "sga": null,
      "fcf": 21420000,
      "ocf": 21420000,
      "capex": null,
      "gross_margin": null,
      "op_margin": null,
      "fcf_margin": 0.4381353678741639
    },
    {
      "date": "2021-03-31T00:00:00",
      "quarter_label": "2021-03 (Q1)",
      "revenue": 51695000,
      "gross_profit": null,
      "operating_income": null,
      "net_income": 51024000,
      "opex": null,
      "cogs": null,
      "rd": null,
      "sga": null,
      "fcf": -18179000,
      "ocf": -18179000,
      "capex": null,
      "gross_margin": null,
      "op_margin": null,
      "fcf_margin": -0.35165876777251187,
      "fcf_margin_change": -0.7897941356466758
    },
    {
      "date": "2021-06-30T00:00:00",
      "quarter_label": "2021-06 (Q2)",
      "revenue": 58894000,
      "gross_profit": null,
      "operating_income": null,
      "net_income": 15974000,
      "opex": null,
      "cogs": null,
      "rd": null,
      "sga": null,
      "fcf": 15986000,
      "ocf": 15986000,
      "capex": null,
      "gross_margin": null,
      "op_margin": null,
      "fcf_margin": 0.27143681869120795,
      "fcf_margin_change": 0.6230955864637198
    },
    {
      "date": "2021-09-30T00:00:00",
      "quarter_label": "2021-09 (Q3)",
      "revenue": 48882000,
      "gross_profit": null,
      "operating_income": null,
      "net_income": -2838000,
      "opex": null,
      "cogs": null,
      "rd": null,
      "sga": null,
      "fcf": 23879000,
      "ocf": 23879000,
      "capex": null,
      "gross_margin": null,
      "op_margin": null,
      "fcf_margin": 0.4885029254122172,
      "fcf_margin_change": 0.21706610672100923
    },
    {
      "date": "2021-12-31T00:00:00",
      "quarter_label": "2021-12 (Q4)",
      "revenue": 53696000,
      "gross_profit": null,
      "operating_income": null,
      "net_income": 62420000,
      "opex": null,
      "cogs": null,
      "rd": null,
      "sga": null,
      "fcf": -8377000,
      "ocf": -8377000,
      "capex": null,
      "gross_margin": null,
      "op_margin": null,
      "fcf_margin": -0.15600789630512515,
      "rev_growth_yoy": 0.09832477653459878,
      "fcf_margin_change": -0.6445108217173423
    },
    {
      "date": "2022-03-31T00:00:00",
      "quarter_label": "2022-03 (Q1)",
      "revenue": 58476000,
      "gross_profit": null,
      "operating_income": null,
      "net_income": 45346000,
      "opex": null,
      "cogs": null,
      "rd": null,
      "sga": null,
      "fcf": -31943000,
      "ocf": -31943000,
      "capex": null,
      "gross_margin": null,
      "op_margin": null,
      "fcf_margin": -0.5462582940009577,
      "rev_growth_yoy": 0.13117322758487282,
      "rev_growth_yoy_accel": 0.032848451050274036,
      "fcf_margin_change": -0.3902503976958326
    },
    {
      "date": "2022-06-30T00:00:00",
      "quarter_label": "2022-06 (Q2)",
      "revenue": 62803000,
      "gross_profit": null,
      "operating_income": null,
      "net_income": -18449000,
      "opex": null,
      "cogs": null,
      "rd": null,
      "sga": null,
      "fcf": 5053000,
      "ocf": 5053000,
      "capex": null,
      "gross_margin": null,
      "op_margin": null,
      "fcf_margin": 0.08045793990732927,
      "rev_growth_yoy": 0.06637348456549054,
      "rev_growth_yoy_accel": -0.06479974301938228,
      "fcf_margin_change": 0.626716233908287
    },
    {
      "date": "2022-09-30T00:00:00",
      "quarter_label": "2022-09 (Q3)",
      "revenue": 60150000,
      "gross_profit": null,
      "operating_income": null,
      "net_income": 34534000,
      "opex": null,
      "cogs": null,
      "rd": null,
      "sga": null,
      "fcf": 90865000,
      "ocf": 90865000,
      "capex": null,
      "gross_margin": null,
      "op_margin": null,
      "fcf_margin": 1.5106400665004156,
      "rev_growth_yoy": 0.23051429974223642,
      "rev_growth_yoy_accel": 0.1641408151767459,
      "fcf_margin_change": 1.4301821265930863
    },
    {
      "date": "2022-12-31T00:00:00",
      "quarter_label": "2022-12 (Q4)",
      "revenue": 58308000,
      "gross_profit": null,
      "operating_income": null,
      "net_income": -19929000,
      "opex": null,
      "cogs": null,
      "rd": null,
      "sga": null,
      "fcf": -63745000,
      "ocf": -63745000,
      "capex": null,
      "gross_margin": null,
      "op_margin": null,
      "fcf_margin": -1.0932462097825342,
      "rev_growth_yoy": 0.08589094159713945,
      "rev_growth_yoy_accel": -0.14462335814509697,
      "fcf_margin_change": -2.6038862762829496
    },
    {
      "date": "2023-03-31T00:00:00",
      "quarter_label": "2023-03 (Q1)",
      "revenue": 69101000,
      "gross_profit": null,
      "operating_income": null,
      "net_income": 24106000,
      "opex": null,
      "cogs": null,
      "rd": null,
      "sga": null,
      "fcf": 48804000,
      "ocf": 48804000,
      "capex": null,
      "gross_margin": null,
      "op_margin": null,
      "fcf_margin": 0.7062705315407881,
      "rev_growth_yoy": 0.18169847458786512,
      "rev_growth_yoy_accel": 0.09580753299072567,
      "fcf_margin_change": 1.7995167413233224
    },
    {
      "date": "2023-06-30T00:00:00",
      "quarter_label": "2023-06 (Q2)",
      "revenue": 74334000,
      "gross_profit": null,
      "operating_income": null,
      "net_income": 13522000,
      "opex": null,
      "cogs": null,
      "rd": null,
      "sga": null,
      "fcf": 16922000,
      "ocf": 16922000,
      "capex": null,
      "gross_margin": null,
      "op_margin": null,
      "fcf_margin": 0.22764818252751096,
      "rev_growth_yoy": 0.1836058787000621,
      "rev_growth_yoy_accel": 0.0019074041121969754,
      "fcf_margin_change": -0.47862234901327716
    },
    {
      "date": "2023-09-30T00:00:00",
      "quarter_label": "2023-09 (Q3)",
      "revenue": 89851000,
      "gross_profit": null,
      "operating_income": null,
      "net_income": 21446000,
      "opex": null,
      "cogs": null,
      "rd": null,
      "sga": null,
      "fcf": 26614000,
      "ocf": 26614000,
      "capex": null,
      "gross_margin": null,
      "op_margin": null,
      "fcf_margin": 0.29620148913200745,
      "rev_growth_yoy": 0.4937822111388196,
      "rev_growth_yoy_accel": 0.31017633243875753,
      "fcf_margin_change": 0.06855330660449649
    },
    {
      "date": "2023-12-31T00:00:00",
      "quarter_label": "2023-12 (Q4)",
      "revenue": 86585000,
      "gross_profit": null,
      "operating_income": null,
      "net_income": 89761000,
      "opex": null,
      "cogs": null,
      "rd": null,
      "sga": null,
      "fcf": 7349000,
      "ocf": 7349000,
      "capex": null,
      "gross_margin": null,
      "op_margin": null,
      "fcf_margin": 0.0848761332794364,
      "rev_growth_yoy": 0.4849591822734445,
      "rev_growth_yoy_accel": -0.008823028865375115,
      "fcf_margin_change": -0.21132535585257106
    },
    {
      "date": "2024-03-31T00:00:00",
      "quarter_label": "2024-03 (Q1)",
      "revenue": 105816000,
      "gross_profit": null,
      "operating_income": null,
      "net_income": 123025000,
      "opex": null,
      "cogs": null,
      "rd": null,
      "sga": null,
      "fcf": 20931000,
      "ocf": 20931000,
      "capex": null,
      "gross_margin": null,
      "op_margin": null,
      "fcf_margin": 0.1978056248582445,
      "rev_growth_yoy": 0.5313237145627415,
      "rev_growth_yoy_accel": 0.046364532289297045,
      "fcf_margin_change": 0.11292949157880809
    },
    {
      "date": "2024-06-30T00:00:00",
      "quarter_label": "2024-06 (Q2)",
      "revenue": 94517000,
      "gross_profit": null,
      "operating_income": null,
      "net_income": 26540000,
      "opex": null,
      "cogs": null,
      "rd": null,
      "sga": null,
      "fcf": -24817000,
      "ocf": -24817000,
      "capex": null,
      "gross_margin": null,
      "op_margin": null,
      "fcf_margin": -0.2625665224245374,
      "rev_growth_yoy": 0.2715177442354777,
      "rev_growth_yoy_accel": -0.2598059703272638,
      "fcf_margin_change": -0.46037214728278186
    },
    {
      "date": "2024-09-30T00:00:00",
      "quarter_label": "2024-09 (Q3)",
      "revenue": 81965000,
      "gross_profit": null,
      "operating_income": null,
      "net_income": -19616000,
      "opex": null,
      "cogs": null,
      "rd": null,
      "sga": null,
      "fcf": 21941000,
      "ocf": 21941000,
      "capex": null,
      "gross_margin": null,
      "op_margin": null,
      "fcf_margin": 0.26768742756054414,
      "rev_growth_yoy": -0.08776752623788271,
      "rev_growth_yoy_accel": -0.3592852704733604,
      "fcf_margin_change": 0.5302539499850816
    },
    {
      "date": "2024-12-31T00:00:00",
      "quarter_label": "2024-12 (Q4)",
      "revenue": 101297000,
      "gross_profit": null,
      "operating_income": null,
      "net_income": 70088000,
      "opex": null,
      "cogs": null,
      "rd": null,
      "sga": null,
      "fcf": -12203000,
      "ocf": -12203000,
      "capex": null,
      "gross_margin": null,
      "op_margin": null,
      "fcf_margin": -0.12046753605733634,
      "rev_growth_yoy": 0.1699139573829185,
      "rev_growth_yoy_accel": 0.25768148362080123,
      "fcf_margin_change": -0.3881549636178805
    },
    {
      "date": "2025-03-31T00:00:00",
      "quarter_label": "2025-03 (Q1)",
      "revenue": 96941000,
      "gross_profit": null,
      "operating_income": null,
      "net_income": 56612000,
      "opex": null,
      "cogs": null,
      "rd": null,
      "sga": null,
      "fcf": -37121000,
      "ocf": -37121000,
      "capex": null,
      "gross_margin": null,
      "op_margin": null,
      "fcf_margin": -0.3829236339629259,
      "rev_growth_yoy": -0.08387200423376427,
      "rev_growth_yoy_accel": -0.25378596161668276,
      "fcf_margin_change": -0.26245609790558955
    },
    {
      "date": "2025-06-30T00:00:00",
      "quarter_label": "2025-06 (Q2)",
      "revenue": 85685000,
      "gross_profit": null,
      "operating_income": null,
      "net_income": 98445000,
      "opex": null,
      "cogs": null,
      "rd": null,
      "sga": null,
      "fcf": 79571000,
      "ocf": 79571000,
      "capex": null,
      "gross_margin": null,
      "op_margin": null,
      "fcf_margin": 0.9286456205870339,
      "rev_growth_yoy": -0.09344350751716622,
      "rev_growth_yoy_accel": -0.00957150328340195,
      "fcf_margin_change": 1.3115692545499598
    },
    {
      "date": "2025-09-30T00:00:00",
      "quarter_label": "2025-09 (Q3)",
      "revenue": 103064000,
      "gross_profit": null,
      "operating_income": null,
      "net_income": 83257000,
      "opex": null,
      "cogs": null,
      "rd": null,
      "sga": null,
      "fcf": -121806000,
      "ocf": -121806000,
      "capex": null,
      "gross_margin": null,
      "op_margin": null,
      "fcf_margin": -1.181848172009625,
      "rev_growth_yoy": 0.2574147501982553,
      "rev_growth_yoy_accel": 0.35085825771542156,
      "fcf_margin_change": -2.110493792596659
    }
  ],
  "signals": [
    {
      "quarter": "2025-09 (Q3)",
      "signal": "YoY REVENUE GROWTH ACCELERATION",
      "detail": "YoY growth: +25.7% vs prior quarter YoY: -9.3% (accel: +35.1%)",
      "severity": "HIGH"
    },
    {
      "quarter": "2025-06 (Q2)",
      "signal": "FCF TURNED POSITIVE",
      "detail": "FCF margin: -38.3% -> +92.9%",
      "severity": "HIGH"
    },
    {
      "quarter": "2025-03 (Q1)",
      "signal": "YoY REVENUE GROWTH DECELERATION",
      "detail": "YoY growth: -8.4% vs prior quarter YoY: +17.0% (decel: -25.4%)",
      "severity": "WARNING"
    },
    {
      "quarter": "2024-12 (Q4)",
      "signal": "YoY REVENUE GROWTH ACCELERATION",
      "detail": "YoY growth: +17.0% vs prior quarter YoY: -8.8% (accel: +25.8%)",
      "severity": "HIGH"
    },
    {
      "quarter": "2024-09 (Q3)",
      "signal": "FCF TURNED POSITIVE",
      "detail": "FCF margin: -26.3% -> +26.8%",
      "severity": "HIGH"
    },
    {
      "quarter": "2024-09 (Q3)",
      "signal": "YoY REVENUE GROWTH DECELERATION",
      "detail": "YoY growth: -8.8% vs prior quarter YoY: +27.2% (decel: -35.9%)",
      "severity": "WARNING"
    },
    {
      "quarter": "2024-06 (Q2)",
      "signal": "YoY REVENUE GROWTH DECELERATION",
      "detail": "YoY growth: +27.2% vs prior quarter YoY: +53.1% (decel: -26.0%)",
      "severity": "WARNING"
    },
    {
      "quarter": "2024-03 (Q1)",
      "signal": "FCF MARGIN EXPANSION",
      "detail": "FCF margin: +8.5% -> +19.8% (+11.3%)",
      "severity": "MEDIUM"
    },
    {
      "quarter": "2023-09 (Q3)",
      "signal": "FCF MARGIN EXPANSION",
      "detail": "FCF margin: +22.8% -> +29.6% (+6.9%)",
      "severity": "MEDIUM"
    },
    {
      "quarter": "2023-09 (Q3)",
      "signal": "YoY REVENUE GROWTH ACCELERATION",
      "detail": "YoY growth: +49.4% vs prior quarter YoY: +18.4% (accel: +31.0%)",
      "severity": "HIGH"
    },
    {
      "quarter": "2023-03 (Q1)",
      "signal": "FCF TURNED POSITIVE",
      "detail": "FCF margin: -109.3% -> +70.6%",
      "severity": "HIGH"
    },
    {
      "quarter": "2023-03 (Q1)",
      "signal": "YoY REVENUE GROWTH ACCELERATION",
      "detail": "YoY growth: +18.2% vs prior quarter YoY: +8.6% (accel: +9.6%)",
      "severity": "MEDIUM"
    },
    {
      "quarter": "2022-12 (Q4)",
      "signal": "YoY REVENUE GROWTH DECELERATION",
      "detail": "YoY growth: +8.6% vs prior quarter YoY: +23.1% (decel: -14.5%)",
      "severity": "WARNING"
    },
    {
      "quarter": "2022-09 (Q3)",
      "signal": "FCF MARGIN EXPANSION",
      "detail": "FCF margin: +8.0% -> +151.1% (+143.0%)",
      "severity": "MEDIUM"
    },
    {
      "quarter": "2022-09 (Q3)",
      "signal": "YoY REVENUE GROWTH ACCELERATION",
      "detail": "YoY growth: +23.1% vs prior quarter YoY: +6.6% (accel: +16.4%)",
      "severity": "HIGH"
    },
    {
      "quarter": "2022-06 (Q2)",
      "signal": "FCF TURNED POSITIVE",
      "detail": "FCF margin: -54.6% -> +8.0%",
      "severity": "HIGH"
    },
    {
      "quarter": "2022-06 (Q2)",
      "signal": "YoY REVENUE GROWTH DECELERATION",
      "detail": "YoY growth: +6.6% vs prior quarter YoY: +13.1% (decel: -6.5%)",
      "severity": "WARNING"
    },
    {
      "quarter": "2021-09 (Q3)",
      "signal": "FCF MARGIN EXPANSION",
      "detail": "FCF margin: +27.1% -> +48.9% (+21.7%)",
      "severity": "MEDIUM"
    },
    {
      "quarter": "2021-06 (Q2)",
      "signal": "FCF TURNED POSITIVE",
      "detail": "FCF margin: -35.2% -> +27.1%",
      "severity": "HIGH"
    }
  ],
  "data_quality": {
    "n_quarters": 20,
    "coverage": {
      "revenue": [
        20,
        20
      ],
      "gross_profit": [
        0,
        20
      ],
      "op_income": [
        0,
        20
      ],
      "fcf": [
        20,
        20
      ]
    },
    "gaps": [],
    "warnings": [
      "gross_profit: no data",
      "op_income: no data"
    ]
  },
  "market_cap": null,
  "source": "SEC EDGAR",
  "last_updated": "2026-02-02T21:10:30.679589"
}