{
  "ticker": "HBANL",
  "name": "HUNTINGTON BANCSHARES INC /MD/",
  "quarters": [
    {
      "date": "2020-12-31T00:00:00",
      "quarter_label": "2020-12 (Q4)",
      "revenue": 232000000,
      "gross_profit": null,
      "operating_income": null,
      "net_income": 316000000,
      "opex": null,
      "cogs": null,
      "rd": null,
      "sga": null,
      "fcf": 27000000,
      "ocf": 64000000,
      "capex": -37000000,
      "gross_margin": null,
      "op_margin": null,
      "fcf_margin": 0.11637931034482758
    },
    {
      "date": "2021-03-31T00:00:00",
      "quarter_label": "2021-03 (Q1)",
      "revenue": 222000000,
      "gross_profit": null,
      "operating_income": null,
      "net_income": 532000000,
      "opex": null,
      "cogs": null,
      "rd": null,
      "sga": null,
      "fcf": -133000000,
      "ocf": -111000000,
      "capex": -22000000,
      "gross_margin": null,
      "op_margin": null,
      "fcf_margin": -0.5990990990990991,
      "fcf_margin_change": -0.7154784094439267
    },
    {
      "date": "2021-06-30T00:00:00",
      "quarter_label": "2021-06 (Q2)",
      "revenue": 257000000,
      "gross_profit": null,
      "operating_income": null,
      "net_income": -15000000,
      "opex": null,
      "cogs": null,
      "rd": null,
      "sga": null,
      "fcf": 1022000000,
      "ocf": 1099000000,
      "capex": -77000000,
      "gross_margin": null,
      "op_margin": null,
      "fcf_margin": 3.9766536964980546,
      "fcf_margin_change": 4.575752795597154
    },
    {
      "date": "2021-09-30T00:00:00",
      "quarter_label": "2021-09 (Q3)",
      "revenue": 315000000,
      "gross_profit": null,
      "operating_income": null,
      "net_income": 377000000,
      "opex": null,
      "cogs": null,
      "rd": null,
      "sga": null,
      "fcf": 519000000,
      "ocf": 577000000,
      "capex": -58000000,
      "gross_margin": null,
      "op_margin": null,
      "fcf_margin": 1.6476190476190475,
      "fcf_margin_change": -2.329034648879007
    },
    {
      "date": "2021-12-31T00:00:00",
      "quarter_label": "2021-12 (Q4)",
      "revenue": 319000000,
      "gross_profit": null,
      "operating_income": null,
      "net_income": 401000000,
      "opex": null,
      "cogs": null,
      "rd": null,
      "sga": null,
      "fcf": 407000000,
      "ocf": 497000000,
      "capex": -90000000,
      "gross_margin": null,
      "op_margin": null,
      "fcf_margin": 1.2758620689655173,
      "rev_growth_yoy": 0.375,
      "fcf_margin_change": -0.3717569786535302
    },
    {
      "date": "2022-03-31T00:00:00",
      "quarter_label": "2022-03 (Q1)",
      "revenue": 308000000,
      "gross_profit": null,
      "operating_income": null,
      "net_income": 460000000,
      "opex": null,
      "cogs": null,
      "rd": null,
      "sga": null,
      "fcf": 776000000,
      "ocf": 849000000,
      "capex": -73000000,
      "gross_margin": null,
      "op_margin": null,
      "fcf_margin": 2.5194805194805197,
      "rev_growth_yoy": 0.38738738738738737,
      "rev_growth_yoy_accel": 0.012387387387387372,
      "fcf_margin_change": 1.2436184505150023
    },
    {
      "date": "2022-06-30T00:00:00",
      "quarter_label": "2022-06 (Q2)",
      "revenue": 322000000,
      "gross_profit": null,
      "operating_income": null,
      "net_income": 539000000,
      "opex": null,
      "cogs": null,
      "rd": null,
      "sga": null,
      "fcf": 925000000,
      "ocf": 975000000,
      "capex": -50000000,
      "gross_margin": null,
      "op_margin": null,
      "fcf_margin": 2.872670807453416,
      "rev_growth_yoy": 0.2529182879377432,
      "rev_growth_yoy_accel": -0.1344690994496442,
      "fcf_margin_change": 0.3531902879728963
    },
    {
      "date": "2022-09-30T00:00:00",
      "quarter_label": "2022-09 (Q3)",
      "revenue": 345000000,
      "gross_profit": null,
      "operating_income": null,
      "net_income": 594000000,
      "opex": null,
      "cogs": null,
      "rd": null,
      "sga": null,
      "fcf": 804000000,
      "ocf": 846000000,
      "capex": -42000000,
      "gross_margin": null,
      "op_margin": null,
      "fcf_margin": 2.3304347826086955,
      "rev_growth_yoy": 0.09523809523809523,
      "rev_growth_yoy_accel": -0.15768019269964795,
      "fcf_margin_change": -0.5422360248447204
    },
    {
      "date": "2022-12-31T00:00:00",
      "quarter_label": "2022-12 (Q4)",
      "revenue": 343000000,
      "gross_profit": null,
      "operating_income": null,
      "net_income": 645000000,
      "opex": null,
      "cogs": null,
      "rd": null,
      "sga": null,
      "fcf": 1308000000,
      "ocf": 1357000000,
      "capex": -49000000,
      "gross_margin": null,
      "op_margin": null,
      "fcf_margin": 3.813411078717201,
      "rev_growth_yoy": 0.07523510971786834,
      "rev_growth_yoy_accel": -0.02000298552022689,
      "fcf_margin_change": 1.4829762961085056
    },
    {
      "date": "2023-03-31T00:00:00",
      "quarter_label": "2023-03 (Q1)",
      "revenue": 377000000,
      "gross_profit": null,
      "operating_income": null,
      "net_income": 602000000,
      "opex": null,
      "cogs": null,
      "rd": null,
      "sga": null,
      "fcf": 105000000,
      "ocf": 130000000,
      "capex": -25000000,
      "gross_margin": null,
      "op_margin": null,
      "fcf_margin": 0.27851458885941643,
      "rev_growth_yoy": 0.22402597402597402,
      "rev_growth_yoy_accel": 0.14879086430810567,
      "fcf_margin_change": -3.534896489857785
    },
    {
      "date": "2023-06-30T00:00:00",
      "quarter_label": "2023-06 (Q2)",
      "revenue": 332000000,
      "gross_profit": null,
      "operating_income": null,
      "net_income": 559000000,
      "opex": null,
      "cogs": null,
      "rd": null,
      "sga": null,
      "fcf": 598000000,
      "ocf": 630000000,
      "capex": -32000000,
      "gross_margin": null,
      "op_margin": null,
      "fcf_margin": 1.8012048192771084,
      "rev_growth_yoy": 0.031055900621118012,
      "rev_growth_yoy_accel": -0.192970073404856,
      "fcf_margin_change": 1.522690230417692
    },
    {
      "date": "2023-09-30T00:00:00",
      "quarter_label": "2023-09 (Q3)",
      "revenue": 338000000,
      "gross_profit": null,
      "operating_income": null,
      "net_income": 547000000,
      "opex": null,
      "cogs": null,
      "rd": null,
      "sga": null,
      "fcf": 976000000,
      "ocf": 999000000,
      "capex": -23000000,
      "gross_margin": null,
      "op_margin": null,
      "fcf_margin": 2.8875739644970415,
      "rev_growth_yoy": -0.020289855072463767,
      "rev_growth_yoy_accel": -0.05134575569358178,
      "fcf_margin_change": 1.086369145219933
    },
    {
      "date": "2023-12-31T00:00:00",
      "quarter_label": "2023-12 (Q4)",
      "revenue": 353000000,
      "gross_profit": null,
      "operating_income": null,
      "net_income": 243000000,
      "opex": null,
      "cogs": null,
      "rd": null,
      "sga": null,
      "fcf": 838000000,
      "ocf": 898000000,
      "capex": -60000000,
      "gross_margin": null,
      "op_margin": null,
      "fcf_margin": 2.3739376770538243,
      "rev_growth_yoy": 0.029154518950437316,
      "rev_growth_yoy_accel": 0.04944437402290108,
      "fcf_margin_change": -0.5136362874432172
    },
    {
      "date": "2024-03-31T00:00:00",
      "quarter_label": "2024-03 (Q1)",
      "revenue": 336000000,
      "gross_profit": null,
      "operating_income": null,
      "net_income": 419000000,
      "opex": null,
      "cogs": null,
      "rd": null,
      "sga": null,
      "fcf": 450000000,
      "ocf": 482000000,
      "capex": -32000000,
      "gross_margin": null,
      "op_margin": null,
      "fcf_margin": 1.3392857142857142,
      "rev_growth_yoy": -0.10875331564986737,
      "rev_growth_yoy_accel": -0.1379078346003047,
      "fcf_margin_change": -1.0346519627681101
    },
    {
      "date": "2024-06-30T00:00:00",
      "quarter_label": "2024-06 (Q2)",
      "revenue": 360000000,
      "gross_profit": null,
      "operating_income": null,
      "net_income": 474000000,
      "opex": null,
      "cogs": null,
      "rd": null,
      "sga": null,
      "fcf": 255000000,
      "ocf": 297000000,
      "capex": -42000000,
      "gross_margin": null,
      "op_margin": null,
      "fcf_margin": 0.7083333333333334,
      "rev_growth_yoy": 0.08433734939759036,
      "rev_growth_yoy_accel": 0.19309066504745773,
      "fcf_margin_change": -0.6309523809523808
    },
    {
      "date": "2024-09-30T00:00:00",
      "quarter_label": "2024-09 (Q3)",
      "revenue": 362000000,
      "gross_profit": null,
      "operating_income": null,
      "net_income": 517000000,
      "opex": null,
      "cogs": null,
      "rd": null,
      "sga": null,
      "fcf": -100000000,
      "ocf": -58000000,
      "capex": -42000000,
      "gross_margin": null,
      "op_margin": null,
      "fcf_margin": -0.27624309392265195,
      "rev_growth_yoy": 0.07100591715976332,
      "rev_growth_yoy_accel": -0.01333143223782704,
      "fcf_margin_change": -0.9845764272559854
    },
    {
      "date": "2024-12-31T00:00:00",
      "quarter_label": "2024-12 (Q4)",
      "revenue": 410000000,
      "gross_profit": null,
      "operating_income": null,
      "net_income": 530000000,
      "opex": null,
      "cogs": null,
      "rd": null,
      "sga": null,
      "fcf": 1067000000,
      "ocf": 1094000000,
      "capex": -27000000,
      "gross_margin": null,
      "op_margin": null,
      "fcf_margin": 2.602439024390244,
      "rev_growth_yoy": 0.16147308781869688,
      "rev_growth_yoy_accel": 0.09046717065893356,
      "fcf_margin_change": 2.878682118312896
    },
    {
      "date": "2025-03-31T00:00:00",
      "quarter_label": "2025-03 (Q1)",
      "revenue": 351000000,
      "gross_profit": null,
      "operating_income": null,
      "net_income": 527000000,
      "opex": null,
      "cogs": null,
      "rd": null,
      "sga": null,
      "fcf": 459000000,
      "ocf": 513000000,
      "capex": -54000000,
      "gross_margin": null,
      "op_margin": null,
      "fcf_margin": 1.3076923076923077,
      "rev_growth_yoy": 0.044642857142857144,
      "rev_growth_yoy_accel": -0.11683023067583972,
      "fcf_margin_change": -1.2947467166979363
    },
    {
      "date": "2025-06-30T00:00:00",
      "quarter_label": "2025-06 (Q2)",
      "revenue": 377000000,
      "gross_profit": null,
      "operating_income": null,
      "net_income": 536000000,
      "opex": null,
      "cogs": null,
      "rd": null,
      "sga": null,
      "fcf": 500000000,
      "ocf": 554000000,
      "capex": -54000000,
      "gross_margin": null,
      "op_margin": null,
      "fcf_margin": 1.3262599469496021,
      "rev_growth_yoy": 0.04722222222222222,
      "rev_growth_yoy_accel": 0.002579365079365077,
      "fcf_margin_change": 0.018567639257294433
    },
    {
      "date": "2025-09-30T00:00:00",
      "quarter_label": "2025-09 (Q3)",
      "revenue": 424000000,
      "gross_profit": null,
      "operating_income": null,
      "net_income": 629000000,
      "opex": null,
      "cogs": null,
      "rd": null,
      "sga": null,
      "fcf": 446000000,
      "ocf": 487000000,
      "capex": -41000000,
      "gross_margin": null,
      "op_margin": null,
      "fcf_margin": 1.0518867924528301,
      "rev_growth_yoy": 0.1712707182320442,
      "rev_growth_yoy_accel": 0.12404849600982198,
      "fcf_margin_change": -0.274373154496772
    }
  ],
  "signals": [
    {
      "quarter": "2025-09 (Q3)",
      "signal": "YoY REVENUE GROWTH ACCELERATION",
      "detail": "YoY growth: +17.1% vs prior quarter YoY: +4.7% (accel: +12.4%)",
      "severity": "MEDIUM"
    },
    {
      "quarter": "2025-03 (Q1)",
      "signal": "YoY REVENUE GROWTH DECELERATION",
      "detail": "YoY growth: +4.5% vs prior quarter YoY: +16.1% (decel: -11.7%)",
      "severity": "WARNING"
    },
    {
      "quarter": "2024-12 (Q4)",
      "signal": "FCF TURNED POSITIVE",
      "detail": "FCF margin: -27.6% -> +260.2%",
      "severity": "HIGH"
    },
    {
      "quarter": "2024-12 (Q4)",
      "signal": "YoY REVENUE GROWTH ACCELERATION",
      "detail": "YoY growth: +16.1% vs prior quarter YoY: +7.1% (accel: +9.0%)",
      "severity": "MEDIUM"
    },
    {
      "quarter": "2024-06 (Q2)",
      "signal": "YoY REVENUE GROWTH ACCELERATION",
      "detail": "YoY growth: +8.4% vs prior quarter YoY: -10.9% (accel: +19.3%)",
      "severity": "HIGH"
    },
    {
      "quarter": "2024-03 (Q1)",
      "signal": "YoY REVENUE GROWTH DECELERATION",
      "detail": "YoY growth: -10.9% vs prior quarter YoY: +2.9% (decel: -13.8%)",
      "severity": "WARNING"
    },
    {
      "quarter": "2023-09 (Q3)",
      "signal": "FCF MARGIN EXPANSION",
      "detail": "FCF margin: +180.1% -> +288.8% (+108.6%)",
      "severity": "MEDIUM"
    },
    {
      "quarter": "2023-09 (Q3)",
      "signal": "YoY REVENUE GROWTH DECELERATION",
      "detail": "YoY growth: -2.0% vs prior quarter YoY: +3.1% (decel: -5.1%)",
      "severity": "WARNING"
    },
    {
      "quarter": "2023-06 (Q2)",
      "signal": "FCF MARGIN EXPANSION",
      "detail": "FCF margin: +27.9% -> +180.1% (+152.3%)",
      "severity": "MEDIUM"
    },
    {
      "quarter": "2023-06 (Q2)",
      "signal": "YoY REVENUE GROWTH DECELERATION",
      "detail": "YoY growth: +3.1% vs prior quarter YoY: +22.4% (decel: -19.3%)",
      "severity": "WARNING"
    },
    {
      "quarter": "2023-03 (Q1)",
      "signal": "YoY REVENUE GROWTH ACCELERATION",
      "detail": "YoY growth: +22.4% vs prior quarter YoY: +7.5% (accel: +14.9%)",
      "severity": "MEDIUM"
    },
    {
      "quarter": "2022-12 (Q4)",
      "signal": "FCF MARGIN EXPANSION",
      "detail": "FCF margin: +233.0% -> +381.3% (+148.3%)",
      "severity": "MEDIUM"
    },
    {
      "quarter": "2022-09 (Q3)",
      "signal": "YoY REVENUE GROWTH DECELERATION",
      "detail": "YoY growth: +9.5% vs prior quarter YoY: +25.3% (decel: -15.8%)",
      "severity": "WARNING"
    },
    {
      "quarter": "2022-06 (Q2)",
      "signal": "FCF MARGIN EXPANSION",
      "detail": "FCF margin: +251.9% -> +287.3% (+35.3%)",
      "severity": "MEDIUM"
    },
    {
      "quarter": "2022-06 (Q2)",
      "signal": "YoY REVENUE GROWTH DECELERATION",
      "detail": "YoY growth: +25.3% vs prior quarter YoY: +38.7% (decel: -13.4%)",
      "severity": "WARNING"
    },
    {
      "quarter": "2022-03 (Q1)",
      "signal": "FCF MARGIN EXPANSION",
      "detail": "FCF margin: +127.6% -> +251.9% (+124.4%)",
      "severity": "MEDIUM"
    },
    {
      "quarter": "2021-06 (Q2)",
      "signal": "FCF TURNED POSITIVE",
      "detail": "FCF margin: -59.9% -> +397.7%",
      "severity": "HIGH"
    }
  ],
  "data_quality": {
    "n_quarters": 20,
    "coverage": {
      "revenue": [
        20,
        20
      ],
      "gross_profit": [
        0,
        20
      ],
      "op_income": [
        0,
        20
      ],
      "fcf": [
        20,
        20
      ]
    },
    "gaps": [],
    "warnings": [
      "gross_profit: no data",
      "op_income: no data"
    ]
  },
  "market_cap": null,
  "source": "SEC EDGAR",
  "last_updated": "2026-02-03T01:07:17.323353",
  "sector": "Financial Services",
  "industry": "Banks - Regional"
}