{
  "ticker": "HCA",
  "name": "HCA Healthcare, Inc.",
  "quarters": [
    {
      "date": "2020-12-31T00:00:00",
      "quarter_label": "2020-12 (Q4)",
      "revenue": 14293000000,
      "gross_profit": null,
      "operating_income": null,
      "net_income": 1426000000,
      "opex": 12221000000,
      "cogs": null,
      "rd": null,
      "sga": null,
      "fcf": -4331000000,
      "ocf": -3583000000,
      "capex": -748000000,
      "gross_margin": null,
      "op_margin": null,
      "fcf_margin": -0.3030154621143217
    },
    {
      "date": "2021-03-31T00:00:00",
      "quarter_label": "2021-03 (Q1)",
      "revenue": 13977000000,
      "gross_profit": null,
      "operating_income": null,
      "net_income": 1423000000,
      "opex": 12004000000,
      "cogs": null,
      "rd": null,
      "sga": null,
      "fcf": 1334000000,
      "ocf": 1988000000,
      "capex": -654000000,
      "gross_margin": null,
      "op_margin": null,
      "fcf_margin": 0.09544251269943478,
      "fcf_margin_change": 0.39845797481375644
    },
    {
      "date": "2021-06-30T00:00:00",
      "quarter_label": "2021-06 (Q2)",
      "revenue": 14435000000,
      "gross_profit": null,
      "operating_income": null,
      "net_income": 1450000000,
      "opex": 12318000000,
      "cogs": null,
      "rd": null,
      "sga": null,
      "fcf": 1409000000,
      "ocf": 2251000000,
      "capex": -842000000,
      "gross_margin": null,
      "op_margin": null,
      "fcf_margin": 0.09760997575337721,
      "op_leverage_ratio": 1.252702232831098,
      "fcf_margin_change": 0.0021674630539424283
    },
    {
      "date": "2021-09-30T00:00:00",
      "quarter_label": "2021-09 (Q3)",
      "revenue": 15276000000,
      "gross_profit": null,
      "operating_income": null,
      "net_income": 2269000000,
      "opex": 12119000000,
      "cogs": null,
      "rd": null,
      "sga": null,
      "fcf": 1388000000,
      "ocf": 2277000000,
      "capex": -889000000,
      "gross_margin": null,
      "op_margin": null,
      "fcf_margin": 0.09086148206336737,
      "op_leverage_ratio": Infinity,
      "fcf_margin_change": -0.006748493690009835
    },
    {
      "date": "2021-12-31T00:00:00",
      "quarter_label": "2021-12 (Q4)",
      "revenue": 15064000000,
      "gross_profit": null,
      "operating_income": null,
      "net_income": 1814000000,
      "opex": 12478000000,
      "cogs": null,
      "rd": null,
      "sga": null,
      "fcf": 1251000000,
      "ocf": 2443000000,
      "capex": -1192000000,
      "gross_margin": null,
      "op_margin": null,
      "fcf_margin": 0.08304567180031865,
      "rev_growth_yoy": 0.053942489330441476,
      "fcf_margin_change": -0.007815810263048728
    },
    {
      "date": "2022-03-31T00:00:00",
      "quarter_label": "2022-03 (Q1)",
      "revenue": 14945000000,
      "gross_profit": null,
      "operating_income": null,
      "net_income": 1273000000,
      "opex": 13131000000,
      "cogs": null,
      "rd": null,
      "sga": null,
      "fcf": 484000000,
      "ocf": 1345000000,
      "capex": -861000000,
      "gross_margin": null,
      "op_margin": null,
      "fcf_margin": 0.03238541318166611,
      "rev_growth_yoy": 0.06925663590183874,
      "rev_growth_yoy_accel": 0.015314146571397264,
      "fcf_margin_change": -0.05066025861865254
    },
    {
      "date": "2022-06-30T00:00:00",
      "quarter_label": "2022-06 (Q2)",
      "revenue": 14820000000,
      "gross_profit": null,
      "operating_income": null,
      "net_income": 1155000000,
      "opex": 13060000000,
      "cogs": null,
      "rd": null,
      "sga": null,
      "fcf": 550000000,
      "ocf": 1630000000,
      "capex": -1080000000,
      "gross_margin": null,
      "op_margin": null,
      "fcf_margin": 0.037112010796221326,
      "rev_growth_yoy": 0.026671285071007966,
      "rev_growth_yoy_accel": -0.04258535083083077,
      "fcf_margin_change": 0.004726597614555218
    },
    {
      "date": "2022-09-30T00:00:00",
      "quarter_label": "2022-09 (Q3)",
      "revenue": 14971000000,
      "gross_profit": null,
      "operating_income": null,
      "net_income": 1134000000,
      "opex": 13267000000,
      "cogs": null,
      "rd": null,
      "sga": null,
      "fcf": 1889000000,
      "ocf": 3020000000,
      "capex": -1131000000,
      "gross_margin": null,
      "op_margin": null,
      "fcf_margin": 0.126177276067063,
      "rev_growth_yoy": -0.019965959675307673,
      "rev_growth_yoy_accel": -0.04663724474631564,
      "op_leverage_ratio": 0.6428380501607046,
      "fcf_margin_change": 0.08906526527084167
    },
    {
      "date": "2022-12-31T00:00:00",
      "quarter_label": "2022-12 (Q4)",
      "revenue": 15497000000,
      "gross_profit": null,
      "operating_income": null,
      "net_income": 2081000000,
      "opex": 12195000000,
      "cogs": null,
      "rd": null,
      "sga": null,
      "fcf": 1204000000,
      "ocf": 2527000000,
      "capex": -1323000000,
      "gross_margin": null,
      "op_margin": null,
      "fcf_margin": 0.07769245660450409,
      "rev_growth_yoy": 0.028744025491237387,
      "rev_growth_yoy_accel": 0.04870998516654506,
      "op_leverage_ratio": Infinity,
      "fcf_margin_change": -0.048484819462558906
    },
    {
      "date": "2023-03-31T00:00:00",
      "quarter_label": "2023-03 (Q1)",
      "revenue": 15591000000,
      "gross_profit": null,
      "operating_income": null,
      "net_income": 1363000000,
      "opex": 13669000000,
      "cogs": null,
      "rd": null,
      "sga": null,
      "fcf": 606000000,
      "ocf": 1803000000,
      "capex": -1197000000,
      "gross_margin": null,
      "op_margin": null,
      "fcf_margin": 0.038868578025784105,
      "rev_growth_yoy": 0.04322515891602543,
      "rev_growth_yoy_accel": 0.014481133424788042,
      "fcf_margin_change": -0.03882387857871999
    },
    {
      "date": "2023-06-30T00:00:00",
      "quarter_label": "2023-06 (Q2)",
      "revenue": 15861000000,
      "gross_profit": null,
      "operating_income": null,
      "net_income": 1193000000,
      "opex": 14052000000,
      "cogs": null,
      "rd": null,
      "sga": null,
      "fcf": 1234000000,
      "ocf": 2475000000,
      "capex": -1241000000,
      "gross_margin": null,
      "op_margin": null,
      "fcf_margin": 0.07780089527772524,
      "rev_growth_yoy": 0.07024291497975708,
      "rev_growth_yoy_accel": 0.027017756063731656,
      "op_leverage_ratio": 0.6180559079324234,
      "fcf_margin_change": 0.038932317251941136
    },
    {
      "date": "2023-09-30T00:00:00",
      "quarter_label": "2023-09 (Q3)",
      "revenue": 16213000000,
      "gross_profit": null,
      "operating_income": null,
      "net_income": 1079000000,
      "opex": 14583000000,
      "cogs": null,
      "rd": null,
      "sga": null,
      "fcf": 1332000000,
      "ocf": 2479000000,
      "capex": -1147000000,
      "gross_margin": null,
      "op_margin": null,
      "fcf_margin": 0.08215629433170912,
      "rev_growth_yoy": 0.0829603900875025,
      "rev_growth_yoy_accel": 0.012717475107745416,
      "op_leverage_ratio": 0.5872942088347319,
      "fcf_margin_change": 0.004355399053983883
    },
    {
      "date": "2023-12-31T00:00:00",
      "quarter_label": "2023-12 (Q4)",
      "revenue": 17303000000,
      "gross_profit": null,
      "operating_income": null,
      "net_income": 1607000000,
      "opex": 14958000000,
      "cogs": null,
      "rd": null,
      "sga": null,
      "fcf": 1515000000,
      "ocf": 2674000000,
      "capex": -1159000000,
      "gross_margin": null,
      "op_margin": null,
      "fcf_margin": 0.0875570710281454,
      "rev_growth_yoy": 0.11653868490675615,
      "rev_growth_yoy_accel": 0.033578294819253646,
      "op_leverage_ratio": 2.6144402639856903,
      "fcf_margin_change": 0.00540077669643628
    },
    {
      "date": "2024-03-31T00:00:00",
      "quarter_label": "2024-03 (Q1)",
      "revenue": 17339000000,
      "gross_profit": null,
      "operating_income": null,
      "net_income": 1591000000,
      "opex": 15092000000,
      "cogs": null,
      "rd": null,
      "sga": null,
      "fcf": 1351000000,
      "ocf": 2469000000,
      "capex": -1118000000,
      "gross_margin": null,
      "op_margin": null,
      "fcf_margin": 0.07791683488090433,
      "rev_growth_yoy": 0.11211596433840036,
      "rev_growth_yoy_accel": -0.004422720568355784,
      "fcf_margin_change": -0.009640236147241077
    },
    {
      "date": "2024-06-30T00:00:00",
      "quarter_label": "2024-06 (Q2)",
      "revenue": 17492000000,
      "gross_profit": null,
      "operating_income": null,
      "net_income": 1461000000,
      "opex": 15255000000,
      "cogs": null,
      "rd": null,
      "sga": null,
      "fcf": 690000000,
      "ocf": 1971000000,
      "capex": -1281000000,
      "gross_margin": null,
      "op_margin": null,
      "fcf_margin": 0.039446604161902585,
      "rev_growth_yoy": 0.10283084294811172,
      "rev_growth_yoy_accel": -0.009285121390288642,
      "fcf_margin_change": -0.03847023071900174
    },
    {
      "date": "2024-09-30T00:00:00",
      "quarter_label": "2024-09 (Q3)",
      "revenue": 17487000000,
      "gross_profit": null,
      "operating_income": null,
      "net_income": 1270000000,
      "opex": 15581000000,
      "cogs": null,
      "rd": null,
      "sga": null,
      "fcf": 2324000000,
      "ocf": 3515000000,
      "capex": -1191000000,
      "gross_margin": null,
      "op_margin": null,
      "fcf_margin": 0.13289872476696976,
      "rev_growth_yoy": 0.07857891815210016,
      "rev_growth_yoy_accel": -0.024251924796011556,
      "fcf_margin_change": 0.09345212060506718
    },
    {
      "date": "2024-12-31T00:00:00",
      "quarter_label": "2024-12 (Q4)",
      "revenue": 18285000000,
      "gross_profit": null,
      "operating_income": null,
      "net_income": 1438000000,
      "opex": 16152000000,
      "cogs": null,
      "rd": null,
      "sga": null,
      "fcf": 1274000000,
      "ocf": 2559000000,
      "capex": -1285000000,
      "gross_margin": null,
      "op_margin": null,
      "fcf_margin": 0.06967459666393218,
      "rev_growth_yoy": 0.05675316419118072,
      "rev_growth_yoy_accel": -0.021825753960919445,
      "op_leverage_ratio": 1.245222044857541,
      "fcf_margin_change": -0.06322412810303758
    },
    {
      "date": "2025-03-31T00:00:00",
      "quarter_label": "2025-03 (Q1)",
      "revenue": 18321000000,
      "gross_profit": null,
      "operating_income": null,
      "net_income": 1610000000,
      "opex": 15994000000,
      "cogs": null,
      "rd": null,
      "sga": null,
      "fcf": 660000000,
      "ocf": 1651000000,
      "capex": -991000000,
      "gross_margin": null,
      "op_margin": null,
      "fcf_margin": 0.036024234485017195,
      "rev_growth_yoy": 0.05663533075725244,
      "rev_growth_yoy_accel": -0.00011783343392827994,
      "fcf_margin_change": -0.03365036217891498
    },
    {
      "date": "2025-06-30T00:00:00",
      "quarter_label": "2025-06 (Q2)",
      "revenue": 18605000000,
      "gross_profit": null,
      "operating_income": null,
      "net_income": 1653000000,
      "opex": 16190000000,
      "cogs": null,
      "rd": null,
      "sga": null,
      "fcf": 3034000000,
      "ocf": 4210000000,
      "capex": -1176000000,
      "gross_margin": null,
      "op_margin": null,
      "fcf_margin": 0.16307444235420585,
      "rev_growth_yoy": 0.06362908758289504,
      "rev_growth_yoy_accel": 0.0069937568256426,
      "op_leverage_ratio": 1.2649407560633554,
      "fcf_margin_change": 0.12705020786918864
    },
    {
      "date": "2025-09-30T00:00:00",
      "quarter_label": "2025-09 (Q3)",
      "revenue": 19161000000,
      "gross_profit": null,
      "operating_income": null,
      "net_income": 1643000000,
      "opex": 16743000000,
      "cogs": null,
      "rd": null,
      "sga": null,
      "fcf": 3128000000,
      "ocf": 4416000000,
      "capex": -1288000000,
      "gross_margin": null,
      "op_margin": null,
      "fcf_margin": 0.16324826470434736,
      "rev_growth_yoy": 0.0957282552753474,
      "rev_growth_yoy_accel": 0.03209916769245236,
      "op_leverage_ratio": 0.8749169587789939,
      "fcf_margin_change": 0.00017382235014151703
    }
  ],
  "signals": [
    {
      "quarter": "2025-06 (Q2)",
      "signal": "FCF MARGIN EXPANSION",
      "detail": "FCF margin: +3.6% -> +16.3% (+12.7%)",
      "severity": "MEDIUM"
    },
    {
      "quarter": "2024-09 (Q3)",
      "signal": "FCF MARGIN EXPANSION",
      "detail": "FCF margin: +3.9% -> +13.3% (+9.3%)",
      "severity": "MEDIUM"
    },
    {
      "quarter": "2023-12 (Q4)",
      "signal": "OPERATING LEVERAGE",
      "detail": "Rev growth +6.7% vs OpEx growth +2.6% (leverage: 2.6x)",
      "severity": "MEDIUM"
    },
    {
      "quarter": "2022-09 (Q3)",
      "signal": "FCF MARGIN EXPANSION",
      "detail": "FCF margin: +3.7% -> +12.6% (+8.9%)",
      "severity": "MEDIUM"
    },
    {
      "quarter": "2021-03 (Q1)",
      "signal": "FCF TURNED POSITIVE",
      "detail": "FCF margin: -30.3% -> +9.5%",
      "severity": "HIGH"
    }
  ],
  "data_quality": {
    "n_quarters": 20,
    "coverage": {
      "revenue": [
        20,
        20
      ],
      "gross_profit": [
        0,
        20
      ],
      "op_income": [
        0,
        20
      ],
      "fcf": [
        20,
        20
      ]
    },
    "gaps": [],
    "warnings": [
      "gross_profit: no data",
      "op_income: no data"
    ]
  },
  "market_cap": null,
  "source": "SEC EDGAR",
  "last_updated": "2026-02-02T19:49:02.308891",
  "sector": "Healthcare",
  "industry": "Medical Care Facilities"
}