{
  "ticker": "HCIIP",
  "name": "HCI Group, Inc.",
  "quarters": [
    {
      "date": "2020-12-31T00:00:00",
      "quarter_label": "2020-12 (Q4)",
      "revenue": 70313000,
      "gross_profit": null,
      "operating_income": null,
      "net_income": 2707000,
      "opex": null,
      "cogs": null,
      "rd": null,
      "sga": null,
      "fcf": -728000,
      "ocf": -219000,
      "capex": -509000,
      "gross_margin": null,
      "op_margin": null,
      "fcf_margin": -0.010353704151437146
    },
    {
      "date": "2021-03-31T00:00:00",
      "quarter_label": "2021-03 (Q1)",
      "revenue": 94874000,
      "gross_profit": null,
      "operating_income": null,
      "net_income": 6148000,
      "opex": null,
      "cogs": null,
      "rd": null,
      "sga": null,
      "fcf": 35443000,
      "ocf": 36140000,
      "capex": -697000,
      "gross_margin": null,
      "op_margin": null,
      "fcf_margin": 0.37357969517465267,
      "fcf_margin_change": 0.38393339932608983
    },
    {
      "date": "2021-06-30T00:00:00",
      "quarter_label": "2021-06 (Q2)",
      "revenue": 101504000,
      "gross_profit": null,
      "operating_income": null,
      "net_income": 1917000,
      "opex": null,
      "cogs": null,
      "rd": null,
      "sga": null,
      "fcf": 58929000,
      "ocf": 59507000,
      "capex": -578000,
      "gross_margin": null,
      "op_margin": null,
      "fcf_margin": 0.5805584016393442,
      "fcf_margin_change": 0.20697870646469158
    },
    {
      "date": "2021-09-30T00:00:00",
      "quarter_label": "2021-09 (Q3)",
      "revenue": 99217000,
      "gross_profit": null,
      "operating_income": null,
      "net_income": -6237000,
      "opex": null,
      "cogs": null,
      "rd": null,
      "sga": null,
      "fcf": -48284000,
      "ocf": -46976000,
      "capex": -1308000,
      "gross_margin": null,
      "op_margin": null,
      "fcf_margin": -0.48665047320519667,
      "fcf_margin_change": -1.067208874844541
    },
    {
      "date": "2021-12-31T00:00:00",
      "quarter_label": "2021-12 (Q4)",
      "revenue": 112320000,
      "gross_profit": null,
      "operating_income": null,
      "net_income": 28000,
      "opex": null,
      "cogs": null,
      "rd": null,
      "sga": null,
      "fcf": 47097000,
      "ocf": 47832000,
      "capex": -735000,
      "gross_margin": null,
      "op_margin": null,
      "fcf_margin": 0.41931089743589745,
      "rev_growth_yoy": 0.5974286405074453,
      "fcf_margin_change": 0.905961370641094
    },
    {
      "date": "2022-03-31T00:00:00",
      "quarter_label": "2022-03 (Q1)",
      "revenue": 127040000,
      "gross_profit": null,
      "operating_income": null,
      "net_income": 903000,
      "opex": null,
      "cogs": null,
      "rd": null,
      "sga": null,
      "fcf": 55488000,
      "ocf": 57349000,
      "capex": -1861000,
      "gross_margin": null,
      "op_margin": null,
      "fcf_margin": 0.4367758186397985,
      "rev_growth_yoy": 0.33903914665767226,
      "rev_growth_yoy_accel": -0.258389493849773,
      "fcf_margin_change": 0.01746492120390103
    },
    {
      "date": "2022-06-30T00:00:00",
      "quarter_label": "2022-06 (Q2)",
      "revenue": 125926000,
      "gross_profit": null,
      "operating_income": null,
      "net_income": -9981000,
      "opex": null,
      "cogs": null,
      "rd": null,
      "sga": null,
      "fcf": -38088000,
      "ocf": -35720000,
      "capex": -2368000,
      "gross_margin": null,
      "op_margin": null,
      "fcf_margin": -0.3024633514921462,
      "rev_growth_yoy": 0.2406013556116015,
      "rev_growth_yoy_accel": -0.09843779104607076,
      "fcf_margin_change": -0.7392391701319447
    },
    {
      "date": "2022-09-30T00:00:00",
      "quarter_label": "2022-09 (Q3)",
      "revenue": 126654000,
      "gross_profit": null,
      "operating_income": null,
      "net_income": -50959000,
      "opex": null,
      "cogs": null,
      "rd": null,
      "sga": null,
      "fcf": -41092000,
      "ocf": -39890000,
      "capex": -1202000,
      "gross_margin": null,
      "op_margin": null,
      "fcf_margin": -0.32444297061285077,
      "rev_growth_yoy": 0.27653527117328686,
      "rev_growth_yoy_accel": 0.03593391556168535,
      "fcf_margin_change": -0.021979619120704563
    },
    {
      "date": "2022-12-31T00:00:00",
      "quarter_label": "2022-12 (Q4)",
      "revenue": 119943000,
      "gross_profit": null,
      "operating_income": null,
      "net_income": 1526000,
      "opex": null,
      "cogs": null,
      "rd": null,
      "sga": null,
      "fcf": 17339000,
      "ocf": 18249000,
      "capex": -910000,
      "gross_margin": null,
      "op_margin": null,
      "fcf_margin": 0.14456033282475841,
      "rev_growth_yoy": 0.06786858974358974,
      "rev_growth_yoy_accel": -0.20866668142969713,
      "fcf_margin_change": 0.4690033034376092
    },
    {
      "date": "2023-03-31T00:00:00",
      "quarter_label": "2023-03 (Q1)",
      "revenue": 129029000,
      "gross_profit": null,
      "operating_income": null,
      "net_income": 15338000,
      "opex": null,
      "cogs": null,
      "rd": null,
      "sga": null,
      "fcf": 97640000,
      "ocf": 99109000,
      "capex": -1469000,
      "gross_margin": null,
      "op_margin": null,
      "fcf_margin": 0.7567291074099621,
      "rev_growth_yoy": 0.01565648614609572,
      "rev_growth_yoy_accel": -0.05221210359749402,
      "fcf_margin_change": 0.6121687745852037
    },
    {
      "date": "2023-06-30T00:00:00",
      "quarter_label": "2023-06 (Q2)",
      "revenue": 127327000,
      "gross_profit": null,
      "operating_income": null,
      "net_income": 12443000,
      "opex": null,
      "cogs": null,
      "rd": null,
      "sga": null,
      "fcf": -94458000,
      "ocf": -93165000,
      "capex": -1293000,
      "gross_margin": null,
      "op_margin": null,
      "fcf_margin": -0.7418536524067951,
      "rev_growth_yoy": 0.0111255816908343,
      "rev_growth_yoy_accel": -0.004530904455261419,
      "fcf_margin_change": -1.4985827598167574
    },
    {
      "date": "2023-09-30T00:00:00",
      "quarter_label": "2023-09 (Q3)",
      "revenue": 131644000,
      "gross_profit": null,
      "operating_income": null,
      "net_income": 13157000,
      "opex": null,
      "cogs": null,
      "rd": null,
      "sga": null,
      "fcf": 68955000,
      "ocf": 71377000,
      "capex": -2422000,
      "gross_margin": null,
      "op_margin": null,
      "fcf_margin": 0.5237990337577102,
      "rev_growth_yoy": 0.03939867670977624,
      "rev_growth_yoy_accel": 0.028273095018941936,
      "fcf_margin_change": 1.2656526861645054
    },
    {
      "date": "2023-12-31T00:00:00",
      "quarter_label": "2023-12 (Q4)",
      "revenue": 162670000,
      "gross_profit": null,
      "operating_income": null,
      "net_income": 38096000,
      "opex": null,
      "cogs": null,
      "rd": null,
      "sga": null,
      "fcf": 152019000,
      "ocf": 153337000,
      "capex": -1318000,
      "gross_margin": null,
      "op_margin": null,
      "fcf_margin": 0.9345238827073216,
      "rev_growth_yoy": 0.3562275414155057,
      "rev_growth_yoy_accel": 0.31682886470572946,
      "fcf_margin_change": 0.41072484894961137
    },
    {
      "date": "2024-03-31T00:00:00",
      "quarter_label": "2024-03 (Q1)",
      "revenue": 206614000,
      "gross_profit": null,
      "operating_income": null,
      "net_income": 47611000,
      "opex": null,
      "cogs": null,
      "rd": null,
      "sga": null,
      "fcf": 181043000,
      "ocf": 181989000,
      "capex": -946000,
      "gross_margin": null,
      "op_margin": null,
      "fcf_margin": 0.8762378154432904,
      "rev_growth_yoy": 0.6012989327980531,
      "rev_growth_yoy_accel": 0.2450713913825474,
      "fcf_margin_change": -0.05828606726403118
    },
    {
      "date": "2024-06-30T00:00:00",
      "quarter_label": "2024-06 (Q2)",
      "revenue": 206245000,
      "gross_profit": null,
      "operating_income": null,
      "net_income": 54076000,
      "opex": null,
      "cogs": null,
      "rd": null,
      "sga": null,
      "fcf": -30097000,
      "ocf": -29004000,
      "capex": -1093000,
      "gross_margin": null,
      "op_margin": null,
      "fcf_margin": -0.14592838614269438,
      "rev_growth_yoy": 0.6198056971420044,
      "rev_growth_yoy_accel": 0.018506764343951265,
      "fcf_margin_change": -1.0221662015859847
    },
    {
      "date": "2024-09-30T00:00:00",
      "quarter_label": "2024-09 (Q3)",
      "revenue": 175317000,
      "gross_profit": null,
      "operating_income": null,
      "net_income": 5682000,
      "opex": null,
      "cogs": null,
      "rd": null,
      "sga": null,
      "fcf": 103192000,
      "ocf": 104144000,
      "capex": -952000,
      "gross_margin": null,
      "op_margin": null,
      "fcf_margin": 0.5886023602959211,
      "rev_growth_yoy": 0.3317507824131749,
      "rev_growth_yoy_accel": -0.2880549147288295,
      "fcf_margin_change": 0.7345307464386155
    },
    {
      "date": "2024-12-31T00:00:00",
      "quarter_label": "2024-12 (Q4)",
      "revenue": 161875000,
      "gross_profit": null,
      "operating_income": null,
      "net_income": 2584000,
      "opex": null,
      "cogs": null,
      "rd": null,
      "sga": null,
      "fcf": 73626000,
      "ocf": 74687000,
      "capex": -1061000,
      "gross_margin": null,
      "op_margin": null,
      "fcf_margin": 0.45483243243243243,
      "rev_growth_yoy": -0.00488719493453003,
      "rev_growth_yoy_accel": -0.33663797734770495,
      "fcf_margin_change": -0.13376992786348862
    },
    {
      "date": "2025-03-31T00:00:00",
      "quarter_label": "2025-03 (Q1)",
      "revenue": 216433000,
      "gross_profit": null,
      "operating_income": null,
      "net_income": 69684000,
      "opex": null,
      "cogs": null,
      "rd": null,
      "sga": null,
      "fcf": 160274000,
      "ocf": 162006000,
      "capex": -1732000,
      "gross_margin": null,
      "op_margin": null,
      "fcf_margin": 0.7405247813411079,
      "rev_growth_yoy": 0.04752340112480277,
      "rev_growth_yoy_accel": 0.0524105960593328,
      "fcf_margin_change": 0.28569234890867545
    },
    {
      "date": "2025-06-30T00:00:00",
      "quarter_label": "2025-06 (Q2)",
      "revenue": 221920000,
      "gross_profit": null,
      "operating_income": null,
      "net_income": 66160000,
      "opex": null,
      "cogs": null,
      "rd": null,
      "sga": null,
      "fcf": 144477000,
      "ocf": 144999000,
      "capex": -522000,
      "gross_margin": null,
      "op_margin": null,
      "fcf_margin": 0.6510319033886085,
      "rev_growth_yoy": 0.07600184246890834,
      "rev_growth_yoy_accel": 0.02847844134410557,
      "fcf_margin_change": -0.08949287795249938
    },
    {
      "date": "2025-09-30T00:00:00",
      "quarter_label": "2025-09 (Q3)",
      "revenue": 216350000,
      "gross_profit": null,
      "operating_income": null,
      "net_income": 65507000,
      "opex": null,
      "cogs": null,
      "rd": null,
      "sga": null,
      "fcf": 25880000,
      "ocf": 26674000,
      "capex": -794000,
      "gross_margin": null,
      "op_margin": null,
      "fcf_margin": 0.11962098451583084,
      "rev_growth_yoy": 0.23405032027698397,
      "rev_growth_yoy_accel": 0.15804847780807563,
      "fcf_margin_change": -0.5314109188727777
    }
  ],
  "signals": [
    {
      "quarter": "2025-09 (Q3)",
      "signal": "YoY REVENUE GROWTH ACCELERATION",
      "detail": "YoY growth: +23.4% vs prior quarter YoY: +7.6% (accel: +15.8%)",
      "severity": "HIGH"
    },
    {
      "quarter": "2025-03 (Q1)",
      "signal": "FCF MARGIN EXPANSION",
      "detail": "FCF margin: +45.5% -> +74.1% (+28.6%)",
      "severity": "MEDIUM"
    },
    {
      "quarter": "2025-03 (Q1)",
      "signal": "YoY REVENUE GROWTH ACCELERATION",
      "detail": "YoY growth: +4.8% vs prior quarter YoY: -0.5% (accel: +5.2%)",
      "severity": "MEDIUM"
    },
    {
      "quarter": "2024-12 (Q4)",
      "signal": "YoY REVENUE GROWTH DECELERATION",
      "detail": "YoY growth: -0.5% vs prior quarter YoY: +33.2% (decel: -33.7%)",
      "severity": "WARNING"
    },
    {
      "quarter": "2024-09 (Q3)",
      "signal": "FCF TURNED POSITIVE",
      "detail": "FCF margin: -14.6% -> +58.9%",
      "severity": "HIGH"
    },
    {
      "quarter": "2024-09 (Q3)",
      "signal": "YoY REVENUE GROWTH DECELERATION",
      "detail": "YoY growth: +33.2% vs prior quarter YoY: +62.0% (decel: -28.8%)",
      "severity": "WARNING"
    },
    {
      "quarter": "2024-03 (Q1)",
      "signal": "YoY REVENUE GROWTH ACCELERATION",
      "detail": "YoY growth: +60.1% vs prior quarter YoY: +35.6% (accel: +24.5%)",
      "severity": "HIGH"
    },
    {
      "quarter": "2023-12 (Q4)",
      "signal": "FCF MARGIN EXPANSION",
      "detail": "FCF margin: +52.4% -> +93.5% (+41.1%)",
      "severity": "MEDIUM"
    },
    {
      "quarter": "2023-12 (Q4)",
      "signal": "YoY REVENUE GROWTH ACCELERATION",
      "detail": "YoY growth: +35.6% vs prior quarter YoY: +3.9% (accel: +31.7%)",
      "severity": "HIGH"
    },
    {
      "quarter": "2023-09 (Q3)",
      "signal": "FCF TURNED POSITIVE",
      "detail": "FCF margin: -74.2% -> +52.4%",
      "severity": "HIGH"
    },
    {
      "quarter": "2023-03 (Q1)",
      "signal": "FCF MARGIN EXPANSION",
      "detail": "FCF margin: +14.5% -> +75.7% (+61.2%)",
      "severity": "MEDIUM"
    },
    {
      "quarter": "2023-03 (Q1)",
      "signal": "YoY REVENUE GROWTH DECELERATION",
      "detail": "YoY growth: +1.6% vs prior quarter YoY: +6.8% (decel: -5.2%)",
      "severity": "WARNING"
    },
    {
      "quarter": "2022-12 (Q4)",
      "signal": "FCF TURNED POSITIVE",
      "detail": "FCF margin: -32.4% -> +14.5%",
      "severity": "HIGH"
    },
    {
      "quarter": "2022-12 (Q4)",
      "signal": "YoY REVENUE GROWTH DECELERATION",
      "detail": "YoY growth: +6.8% vs prior quarter YoY: +27.7% (decel: -20.9%)",
      "severity": "WARNING"
    },
    {
      "quarter": "2022-06 (Q2)",
      "signal": "YoY REVENUE GROWTH DECELERATION",
      "detail": "YoY growth: +24.1% vs prior quarter YoY: +33.9% (decel: -9.8%)",
      "severity": "WARNING"
    },
    {
      "quarter": "2022-03 (Q1)",
      "signal": "YoY REVENUE GROWTH DECELERATION",
      "detail": "YoY growth: +33.9% vs prior quarter YoY: +59.7% (decel: -25.8%)",
      "severity": "WARNING"
    },
    {
      "quarter": "2021-12 (Q4)",
      "signal": "FCF TURNED POSITIVE",
      "detail": "FCF margin: -48.7% -> +41.9%",
      "severity": "HIGH"
    },
    {
      "quarter": "2021-06 (Q2)",
      "signal": "FCF MARGIN EXPANSION",
      "detail": "FCF margin: +37.4% -> +58.1% (+20.7%)",
      "severity": "MEDIUM"
    },
    {
      "quarter": "2021-03 (Q1)",
      "signal": "FCF TURNED POSITIVE",
      "detail": "FCF margin: -1.0% -> +37.4%",
      "severity": "HIGH"
    }
  ],
  "data_quality": {
    "n_quarters": 20,
    "coverage": {
      "revenue": [
        20,
        20
      ],
      "gross_profit": [
        0,
        20
      ],
      "op_income": [
        0,
        20
      ],
      "fcf": [
        20,
        20
      ]
    },
    "gaps": [],
    "warnings": [
      "gross_profit: no data",
      "op_income: no data"
    ]
  },
  "market_cap": null,
  "source": "SEC EDGAR",
  "last_updated": "2026-02-03T01:08:24.615545"
}