{
  "ticker": "HCIL",
  "name": "Hongchang International Co., Ltd",
  "quarters": [
    {
      "date": "2020-06-30T00:00:00",
      "quarter_label": "2020-06 (Q2)",
      "revenue": 34388,
      "gross_profit": 17489,
      "operating_income": null,
      "net_income": -85826,
      "opex": null,
      "cogs": 16899,
      "rd": null,
      "sga": null,
      "fcf": null,
      "ocf": null,
      "capex": null,
      "gross_margin": 0.5085785739211353,
      "op_margin": null,
      "fcf_margin": null
    },
    {
      "date": "2020-09-30T00:00:00",
      "quarter_label": "2020-09 (Q3)",
      "revenue": 16600,
      "gross_profit": 11057,
      "operating_income": null,
      "net_income": -75205,
      "opex": null,
      "cogs": 5543,
      "rd": null,
      "sga": null,
      "fcf": null,
      "ocf": null,
      "capex": null,
      "gross_margin": 0.6660843373493975,
      "op_margin": null,
      "fcf_margin": null
    },
    {
      "date": "2020-12-31T00:00:00",
      "quarter_label": "2020-12 (Q4)",
      "revenue": 170318,
      "gross_profit": 74525,
      "operating_income": -21773,
      "net_income": -301745,
      "opex": 96298,
      "cogs": 95793,
      "rd": null,
      "sga": null,
      "fcf": 76281,
      "ocf": 76281,
      "capex": null,
      "gross_margin": 0.4375638511490271,
      "op_margin": -0.12783733956481405,
      "fcf_margin": 0.44787397691377306
    },
    {
      "date": "2021-06-30T00:00:00",
      "quarter_label": "2021-06 (Q2)",
      "revenue": 53613,
      "gross_profit": 36871,
      "operating_income": -11031,
      "net_income": -10738,
      "opex": 47902,
      "cogs": 16742,
      "rd": null,
      "sga": null,
      "fcf": -22739,
      "ocf": -22739,
      "capex": null,
      "gross_margin": 0.6877249920728181,
      "op_margin": -0.2057523361871188,
      "fcf_margin": -0.4241322067409024,
      "rev_growth_yoy": 0.5590613004536467,
      "fcf_margin_change": -0.8720061836546755
    },
    {
      "date": "2021-09-30T00:00:00",
      "quarter_label": "2021-09 (Q3)",
      "revenue": 24784,
      "gross_profit": 17457,
      "operating_income": 8659,
      "net_income": 8661,
      "opex": 8798,
      "cogs": 7327,
      "rd": null,
      "sga": null,
      "fcf": -29271,
      "ocf": -29271,
      "capex": null,
      "gross_margin": 0.7043657198192382,
      "op_margin": 0.3493786313750807,
      "fcf_margin": -1.1810442220787605,
      "rev_growth_yoy": 0.49301204819277106,
      "rev_growth_yoy_accel": -0.0660492522608756,
      "fcf_margin_change": -0.7569120153378581
    },
    {
      "date": "2021-12-31T00:00:00",
      "quarter_label": "2021-12 (Q4)",
      "revenue": 18081,
      "gross_profit": 11835,
      "operating_income": -22051,
      "net_income": -22082,
      "opex": 33886,
      "cogs": 6246,
      "rd": null,
      "sga": null,
      "fcf": -23691,
      "ocf": -23691,
      "capex": null,
      "gross_margin": 0.6545545047287208,
      "op_margin": -1.219567501797467,
      "fcf_margin": -1.310270449643272,
      "rev_growth_yoy": -0.8938397585692646,
      "rev_growth_yoy_accel": -1.3868518067620357,
      "fcf_margin_change": -0.12922622756451152
    },
    {
      "date": "2022-03-31T00:00:00",
      "quarter_label": "2022-03 (Q1)",
      "revenue": 15135,
      "gross_profit": 9603,
      "operating_income": -49531,
      "net_income": -49515,
      "opex": 59134,
      "cogs": 5532,
      "rd": null,
      "sga": null,
      "fcf": -29723,
      "ocf": -29723,
      "capex": null,
      "gross_margin": 0.6344895936570862,
      "op_margin": -3.2726131483316814,
      "fcf_margin": -1.9638586058804097,
      "fcf_margin_change": -0.6535881562371377
    },
    {
      "date": "2022-06-30T00:00:00",
      "quarter_label": "2022-06 (Q2)",
      "revenue": 14387,
      "gross_profit": 10112,
      "operating_income": -95320,
      "net_income": -95251,
      "opex": 105432,
      "cogs": 4275,
      "rd": null,
      "sga": null,
      "fcf": -18161,
      "ocf": -18161,
      "capex": null,
      "gross_margin": 0.7028567456731771,
      "op_margin": -6.625425731563217,
      "fcf_margin": -1.262320150135539,
      "rev_growth_yoy": -0.7316509055639491,
      "fcf_margin_change": 0.7015384557448707
    },
    {
      "date": "2022-12-31T00:00:00",
      "quarter_label": "2022-12 (Q4)",
      "revenue": 49985,
      "gross_profit": 32223,
      "operating_income": -121316,
      "net_income": -121203,
      "opex": 153539,
      "cogs": 17762,
      "rd": null,
      "sga": null,
      "fcf": -116417,
      "ocf": -116417,
      "capex": null,
      "gross_margin": 0.6446533960188057,
      "op_margin": -2.42704811443433,
      "fcf_margin": -2.329038711613484,
      "rev_growth_yoy": 1.7645041756540014,
      "rev_growth_yoy_accel": 2.4961550812179505,
      "op_leverage_ratio": 5.422749280243232,
      "fcf_margin_change": -1.0667185614779449
    },
    {
      "date": "2023-03-31T00:00:00",
      "quarter_label": "2023-03 (Q1)",
      "revenue": 10121,
      "gross_profit": 8960,
      "operating_income": -148508,
      "net_income": -148377,
      "opex": 157468,
      "cogs": 1161,
      "rd": null,
      "sga": null,
      "fcf": -947454,
      "ocf": -947454,
      "capex": null,
      "gross_margin": 0.8852880150182788,
      "op_margin": -14.673253631064124,
      "fcf_margin": -93.6126864934295,
      "rev_growth_yoy": -0.3312851007598282,
      "rev_growth_yoy_accel": -2.0957892764138295,
      "fcf_margin_change": -91.28364778181603
    },
    {
      "date": "2023-06-30T00:00:00",
      "quarter_label": "2023-06 (Q2)",
      "revenue": 6311,
      "gross_profit": 5544,
      "operating_income": -192563,
      "net_income": -192499,
      "opex": 198107,
      "cogs": 767,
      "rd": null,
      "sga": null,
      "fcf": 1869945,
      "ocf": 1869945,
      "capex": null,
      "gross_margin": 0.8784661701790525,
      "op_margin": -30.512280145777215,
      "fcf_margin": 296.2993186499762,
      "rev_growth_yoy": -0.5613400987002155,
      "rev_growth_yoy_accel": -0.2300549979403873,
      "fcf_margin_change": 389.91200514340574
    },
    {
      "date": "2023-09-30T00:00:00",
      "quarter_label": "2023-09 (Q3)",
      "revenue": 51397,
      "gross_profit": -11558,
      "operating_income": -148751,
      "net_income": -144493,
      "opex": 137193,
      "cogs": 62955,
      "rd": null,
      "sga": null,
      "fcf": 90238,
      "ocf": -145348,
      "capex": 235586,
      "gross_margin": -0.22487693834270484,
      "op_margin": -2.8941572465318988,
      "fcf_margin": 1.7557055859291397,
      "op_leverage_ratio": Infinity,
      "fcf_margin_change": -294.54361306404707
    },
    {
      "date": "2023-12-31T00:00:00",
      "quarter_label": "2023-12 (Q4)",
      "revenue": 2597585,
      "gross_profit": 95584,
      "operating_income": -61767,
      "net_income": 13641,
      "opex": 157351,
      "cogs": 2502001,
      "rd": null,
      "sga": null,
      "fcf": -231118,
      "ocf": -26622,
      "capex": -204496,
      "gross_margin": 0.03679725591270353,
      "op_margin": -0.02377862514604912,
      "fcf_margin": -0.08897418178808393,
      "incr_op_margin_yoy": 0.023374548594755847,
      "rev_growth_yoy": 50.967290187056115,
      "op_leverage_ratio": 337.160903331066,
      "fcf_margin_change": -1.8446797677172238
    },
    {
      "date": "2024-03-31T00:00:00",
      "quarter_label": "2024-03 (Q1)",
      "revenue": 18204,
      "gross_profit": -273,
      "operating_income": -102309,
      "net_income": -96569,
      "opex": 102036,
      "cogs": 18477,
      "rd": null,
      "sga": null,
      "fcf": 9718,
      "ocf": 9718,
      "capex": null,
      "gross_margin": -0.014996704021094265,
      "op_margin": -5.620138431114041,
      "fcf_margin": 0.5338387167655461,
      "rev_growth_yoy": 0.7986364983697263,
      "rev_growth_yoy_accel": -50.16865368868639,
      "fcf_margin_change": 0.62281289855363
    },
    {
      "date": "2024-06-30T00:00:00",
      "quarter_label": "2024-06 (Q2)",
      "revenue": 1981898,
      "gross_profit": 98715,
      "operating_income": -24014,
      "net_income": -64804,
      "opex": 122729,
      "cogs": 1883183,
      "rd": null,
      "sga": null,
      "fcf": -3170059,
      "ocf": -3094601,
      "capex": -75458,
      "gross_margin": 0.04980831505960448,
      "op_margin": -0.012116667961721542,
      "fcf_margin": -1.5995066345493059,
      "incr_op_margin_yoy": 0.08531590863879951,
      "rev_growth_yoy": 313.0386626525115,
      "rev_growth_yoy_accel": 312.2400261541418,
      "op_leverage_ratio": 531.9085284222712,
      "fcf_margin_change": -2.133345351314852
    },
    {
      "date": "2024-09-30T00:00:00",
      "quarter_label": "2024-09 (Q3)",
      "revenue": 820608,
      "gross_profit": 50136,
      "operating_income": -52688,
      "net_income": -61060,
      "opex": 102824,
      "cogs": 770472,
      "rd": null,
      "sga": null,
      "fcf": -4236016,
      "ocf": 409169,
      "capex": -4645185,
      "gross_margin": 0.06109616284510997,
      "op_margin": -0.06420605209795664,
      "fcf_margin": -5.162045702698487,
      "rev_growth_yoy": 14.966068058446991,
      "rev_growth_yoy_accel": -298.0725945940645,
      "fcf_margin_change": -3.562539068149181
    },
    {
      "date": "2024-12-31T00:00:00",
      "quarter_label": "2024-12 (Q4)",
      "revenue": 46392,
      "gross_profit": 33054,
      "operating_income": -204315,
      "net_income": null,
      "opex": 237369,
      "cogs": 13338,
      "rd": null,
      "sga": null,
      "fcf": 2172538,
      "ocf": -4661728,
      "capex": 6834266,
      "gross_margin": 0.7124935333678221,
      "op_margin": -4.404099844800828,
      "fcf_margin": 46.83001379548198,
      "incr_op_margin_yoy": 0.055875035718583425,
      "rev_growth_yoy": -0.9821403341950311,
      "rev_growth_yoy_accel": -15.948208392642023,
      "fcf_margin_change": 51.99205949818047
    },
    {
      "date": "2025-03-31T00:00:00",
      "quarter_label": "2025-03 (Q1)",
      "revenue": 6897689,
      "gross_profit": 1812748,
      "operating_income": 1620813,
      "net_income": null,
      "opex": 191935,
      "cogs": 5084941,
      "rd": null,
      "sga": null,
      "fcf": 2649538,
      "ocf": 2789017,
      "capex": -139479,
      "gross_margin": 0.26280512212133655,
      "op_margin": 0.23497913576561658,
      "fcf_margin": 0.38411966674635517,
      "incr_op_margin_yoy": 0.25047252810348447,
      "rev_growth_yoy": 377.91062403867284,
      "rev_growth_yoy_accel": 378.8927643728679,
      "op_leverage_ratio": Infinity,
      "fcf_margin_change": -46.445894128735624
    },
    {
      "date": "2025-06-30T00:00:00",
      "quarter_label": "2025-06 (Q2)",
      "revenue": 3844148,
      "gross_profit": 613712,
      "operating_income": 537435,
      "net_income": null,
      "opex": 76277,
      "cogs": 3230436,
      "rd": null,
      "sga": null,
      "fcf": -365413,
      "ocf": -229827,
      "capex": -135586,
      "gross_margin": 0.1596483798230453,
      "op_margin": 0.1398060116311859,
      "fcf_margin": -0.09505695410270364,
      "incr_op_margin_yoy": 0.3014895959189153,
      "rev_growth_yoy": 0.9396295873955168,
      "rev_growth_yoy_accel": -376.9709944512773,
      "fcf_margin_change": -0.4791766208490588
    },
    {
      "date": "2025-09-30T00:00:00",
      "quarter_label": "2025-09 (Q3)",
      "revenue": 3470693,
      "gross_profit": 607140,
      "operating_income": 252190,
      "net_income": null,
      "opex": 354950,
      "cogs": 2863553,
      "rd": null,
      "sga": null,
      "fcf": -511607,
      "ocf": -95506,
      "capex": -416101,
      "gross_margin": 0.17493336345219818,
      "op_margin": 0.07266272182529541,
      "fcf_margin": -0.1474077367257778,
      "incr_op_margin_yoy": 0.1150446117766034,
      "rev_growth_yoy": 3.229416481438153,
      "rev_growth_yoy_accel": 2.2897868940426362,
      "fcf_margin_change": -0.052350782623074174
    }
  ],
  "signals": [
    {
      "quarter": "2025-09 (Q3)",
      "signal": "YoY REVENUE GROWTH ACCELERATION",
      "detail": "YoY growth: +322.9% vs prior quarter YoY: +94.0% (accel: +229.0%)",
      "severity": "HIGH"
    },
    {
      "quarter": "2025-09 (Q3)",
      "signal": "OP MARGIN TURNED POSITIVE (YoY)",
      "detail": "Op margin: -6.4% (year-ago) -> +7.3%",
      "severity": "HIGH"
    },
    {
      "quarter": "2025-06 (Q2)",
      "signal": "YoY REVENUE GROWTH DECELERATION",
      "detail": "YoY growth: +94.0% vs prior quarter YoY: +37791.1% (decel: -37697.1%)",
      "severity": "WARNING"
    },
    {
      "quarter": "2025-06 (Q2)",
      "signal": "OP MARGIN TURNED POSITIVE (YoY)",
      "detail": "Op margin: -1.2% (year-ago) -> +14.0%",
      "severity": "HIGH"
    },
    {
      "quarter": "2025-03 (Q1)",
      "signal": "YoY REVENUE GROWTH ACCELERATION",
      "detail": "YoY growth: +37791.1% vs prior quarter YoY: -98.2% (accel: +37889.3%)",
      "severity": "HIGH"
    },
    {
      "quarter": "2025-03 (Q1)",
      "signal": "OP MARGIN TURNED POSITIVE (YoY)",
      "detail": "Op margin: -562.0% (year-ago) -> +23.5%",
      "severity": "HIGH"
    },
    {
      "quarter": "2025-03 (Q1)",
      "signal": "OP MARGIN TURNED POSITIVE (QoQ)",
      "detail": "Op margin: -440.4% -> +23.5%",
      "severity": "HIGH"
    },
    {
      "quarter": "2024-12 (Q4)",
      "signal": "FCF TURNED POSITIVE",
      "detail": "FCF margin: -516.2% -> +4683.0%",
      "severity": "HIGH"
    },
    {
      "quarter": "2024-12 (Q4)",
      "signal": "YoY REVENUE GROWTH DECELERATION",
      "detail": "YoY growth: -98.2% vs prior quarter YoY: +1496.6% (decel: -1594.8%)",
      "severity": "WARNING"
    },
    {
      "quarter": "2024-09 (Q3)",
      "signal": "YoY REVENUE GROWTH DECELERATION",
      "detail": "YoY growth: +1496.6% vs prior quarter YoY: +31303.9% (decel: -29807.3%)",
      "severity": "WARNING"
    },
    {
      "quarter": "2024-06 (Q2)",
      "signal": "OPERATING LEVERAGE",
      "detail": "Rev growth +10787.2% vs OpEx growth +20.3% (leverage: 531.9x)",
      "severity": "MEDIUM"
    },
    {
      "quarter": "2024-06 (Q2)",
      "signal": "GROSS MARGIN INFLECTION",
      "detail": "GM: +3.7% -> -1.5% -> +5.0% (reversal +6.5%)",
      "severity": "HIGH"
    },
    {
      "quarter": "2024-06 (Q2)",
      "signal": "YoY REVENUE GROWTH ACCELERATION",
      "detail": "YoY growth: +31303.9% vs prior quarter YoY: +79.9% (accel: +31224.0%)",
      "severity": "HIGH"
    },
    {
      "quarter": "2024-03 (Q1)",
      "signal": "FCF TURNED POSITIVE",
      "detail": "FCF margin: -8.9% -> +53.4%",
      "severity": "HIGH"
    },
    {
      "quarter": "2024-03 (Q1)",
      "signal": "YoY REVENUE GROWTH DECELERATION",
      "detail": "YoY growth: +79.9% vs prior quarter YoY: +5096.7% (decel: -5016.9%)",
      "severity": "WARNING"
    },
    {
      "quarter": "2023-12 (Q4)",
      "signal": "OPERATING LEVERAGE",
      "detail": "Rev growth +4954.0% vs OpEx growth +14.7% (leverage: 337.2x)",
      "severity": "MEDIUM"
    },
    {
      "quarter": "2023-12 (Q4)",
      "signal": "GROSS MARGIN INFLECTION",
      "detail": "GM: +87.8% -> -22.5% -> +3.7% (reversal +26.2%)",
      "severity": "HIGH"
    },
    {
      "quarter": "2023-06 (Q2)",
      "signal": "FCF TURNED POSITIVE",
      "detail": "FCF margin: -9361.3% -> +29629.9%",
      "severity": "HIGH"
    },
    {
      "quarter": "2023-06 (Q2)",
      "signal": "YoY REVENUE GROWTH DECELERATION",
      "detail": "YoY growth: -56.1% vs prior quarter YoY: -33.1% (decel: -23.0%)",
      "severity": "WARNING"
    },
    {
      "quarter": "2023-03 (Q1)",
      "signal": "GROSS MARGIN INFLECTION",
      "detail": "GM: +70.3% -> +64.5% -> +88.5% (reversal +24.1%)",
      "severity": "HIGH"
    },
    {
      "quarter": "2023-03 (Q1)",
      "signal": "YoY REVENUE GROWTH DECELERATION",
      "detail": "YoY growth: -33.1% vs prior quarter YoY: +176.5% (decel: -209.6%)",
      "severity": "WARNING"
    },
    {
      "quarter": "2022-12 (Q4)",
      "signal": "OPERATING LEVERAGE",
      "detail": "Rev growth +247.4% vs OpEx growth +45.6% (leverage: 5.4x)",
      "severity": "MEDIUM"
    },
    {
      "quarter": "2022-12 (Q4)",
      "signal": "YoY REVENUE GROWTH ACCELERATION",
      "detail": "YoY growth: +176.5% vs prior quarter YoY: -73.2% (accel: +249.6%)",
      "severity": "HIGH"
    },
    {
      "quarter": "2022-06 (Q2)",
      "signal": "FCF MARGIN EXPANSION",
      "detail": "FCF margin: -196.4% -> -126.2% (+70.2%)",
      "severity": "MEDIUM"
    },
    {
      "quarter": "2022-06 (Q2)",
      "signal": "GROSS MARGIN INFLECTION",
      "detail": "GM: +65.5% -> +63.4% -> +70.3% (reversal +6.8%)",
      "severity": "HIGH"
    },
    {
      "quarter": "2021-12 (Q4)",
      "signal": "YoY REVENUE GROWTH DECELERATION",
      "detail": "YoY growth: -89.4% vs prior quarter YoY: +49.3% (decel: -138.7%)",
      "severity": "WARNING"
    },
    {
      "quarter": "2021-09 (Q3)",
      "signal": "YoY REVENUE GROWTH DECELERATION",
      "detail": "YoY growth: +49.3% vs prior quarter YoY: +55.9% (decel: -6.6%)",
      "severity": "WARNING"
    },
    {
      "quarter": "2021-09 (Q3)",
      "signal": "OP MARGIN TURNED POSITIVE (QoQ)",
      "detail": "Op margin: -20.6% -> +34.9%",
      "severity": "HIGH"
    },
    {
      "quarter": "2021-06 (Q2)",
      "signal": "GROSS MARGIN INFLECTION",
      "detail": "GM: +66.6% -> +43.8% -> +68.8% (reversal +25.0%)",
      "severity": "HIGH"
    }
  ],
  "data_quality": {
    "n_quarters": 20,
    "coverage": {
      "revenue": [
        20,
        20
      ],
      "gross_profit": [
        20,
        20
      ],
      "op_income": [
        18,
        20
      ],
      "fcf": [
        18,
        20
      ]
    },
    "gaps": [
      [
        "2020-12 (Q4)",
        "2021-06 (Q2)",
        181
      ],
      [
        "2022-06 (Q2)",
        "2022-12 (Q4)",
        184
      ]
    ],
    "warnings": [
      "gap: 1Q missing between 2020-12 (Q4) and 2021-06 (Q2)",
      "gap: 1Q missing between 2022-06 (Q2) and 2022-12 (Q4)"
    ]
  },
  "market_cap": null,
  "source": "SEC EDGAR",
  "last_updated": "2026-02-03T00:59:41.602058",
  "sector": "Consumer Defensive",
  "industry": "Food Distribution"
}