{
  "ticker": "HCSG",
  "name": "HEALTHCARE SERVICES GROUP, INC.",
  "sector": "Healthcare",
  "industry": "Medical Care Facilities",
  "quarters": [
    {
      "date": "2021-03-31T00:00:00",
      "quarter_label": "2021-03 (Q1)",
      "revenue": 407751000,
      "gross_profit": 71132000,
      "operating_income": null,
      "net_income": 24653000,
      "opex": null,
      "cogs": 336619000,
      "rd": null,
      "sga": 39987000,
      "fcf": 2652000,
      "ocf": 3502000,
      "capex": -850000,
      "gross_margin": 0.17444960282132968,
      "op_margin": null,
      "fcf_margin": 0.006503969334226035
    },
    {
      "date": "2021-06-30T00:00:00",
      "quarter_label": "2021-06 (Q2)",
      "revenue": 398171000,
      "gross_profit": 61760000,
      "operating_income": null,
      "net_income": 9565000,
      "opex": null,
      "cogs": 336411000,
      "rd": null,
      "sga": 50051000,
      "fcf": 24097000,
      "ocf": 25340000,
      "capex": -1243000,
      "gross_margin": 0.15510923698611903,
      "op_margin": null,
      "fcf_margin": 0.06051922415243702,
      "fcf_margin_change": 0.054015254818210984
    },
    {
      "date": "2021-09-30T00:00:00",
      "quarter_label": "2021-09 (Q3)",
      "revenue": 415590000,
      "gross_profit": 50768000,
      "operating_income": null,
      "net_income": 9540000,
      "opex": null,
      "cogs": 364822000,
      "rd": null,
      "sga": 38780000,
      "fcf": -25220000,
      "ocf": -23111000,
      "capex": -2109000,
      "gross_margin": 0.12215885849033904,
      "op_margin": null,
      "fcf_margin": -0.0606848095478717,
      "fcf_margin_change": -0.12120403370030872
    },
    {
      "date": "2021-12-31T00:00:00",
      "quarter_label": "2021-12 (Q4)",
      "revenue": 420447000,
      "gross_profit": 43217000,
      "operating_income": null,
      "net_income": 2105000,
      "opex": null,
      "cogs": 377230000,
      "rd": null,
      "sga": 44290000,
      "fcf": 29892000,
      "ocf": 31377000,
      "capex": -1485000,
      "gross_margin": 0.1027882230102724,
      "op_margin": null,
      "fcf_margin": 0.07109576236719492,
      "fcf_margin_change": 0.13178057191506662
    },
    {
      "date": "2022-03-31T00:00:00",
      "quarter_label": "2022-03 (Q1)",
      "revenue": 426811000,
      "gross_profit": 53549000,
      "operating_income": null,
      "net_income": 11329000,
      "opex": null,
      "cogs": 373262000,
      "rd": null,
      "sga": 35736000,
      "fcf": -31589000,
      "ocf": -30182000,
      "capex": -1407000,
      "gross_margin": 0.12546302696041106,
      "op_margin": null,
      "fcf_margin": -0.07401168198570328,
      "rev_growth_yoy": 0.046744213993343976,
      "fcf_margin_change": -0.14510744435289818
    },
    {
      "date": "2022-06-30T00:00:00",
      "quarter_label": "2022-06 (Q2)",
      "revenue": 424857000,
      "gross_profit": 45487000,
      "operating_income": null,
      "net_income": 6820000,
      "opex": null,
      "cogs": 379370000,
      "rd": null,
      "sga": 29281000,
      "fcf": 7845000,
      "ocf": 9018000,
      "capex": -1173000,
      "gross_margin": 0.10706425926841266,
      "op_margin": null,
      "fcf_margin": 0.01846503647109498,
      "rev_growth_yoy": 0.06702145560575733,
      "rev_growth_yoy_accel": 0.02027724161241335,
      "fcf_margin_change": 0.09247671845679825
    },
    {
      "date": "2022-09-30T00:00:00",
      "quarter_label": "2022-09 (Q3)",
      "revenue": 414488000,
      "gross_profit": 37594000,
      "operating_income": null,
      "net_income": 322000,
      "opex": null,
      "cogs": 376894000,
      "rd": null,
      "sga": 35803000,
      "fcf": -11458000,
      "ocf": -9896000,
      "capex": -1562000,
      "gross_margin": 0.09069985138291096,
      "op_margin": null,
      "fcf_margin": -0.027643743606570032,
      "rev_growth_yoy": -0.002651651868428018,
      "rev_growth_yoy_accel": -0.06967310747418534,
      "fcf_margin_change": -0.046108780077665015
    },
    {
      "date": "2022-12-31T00:00:00",
      "quarter_label": "2022-12 (Q4)",
      "revenue": 424020000,
      "gross_profit": 57210000,
      "operating_income": null,
      "net_income": 16159000,
      "opex": null,
      "cogs": 366810000,
      "rd": null,
      "sga": 39524000,
      "fcf": 21825000,
      "ocf": 22893000,
      "capex": -1068000,
      "gross_margin": 0.1349228809961794,
      "op_margin": null,
      "fcf_margin": 0.051471628696759586,
      "rev_growth_yoy": 0.008498098452361415,
      "rev_growth_yoy_accel": 0.011149750320789433,
      "fcf_margin_change": 0.07911537230332961
    },
    {
      "date": "2023-03-31T00:00:00",
      "quarter_label": "2023-03 (Q1)",
      "revenue": 417230000,
      "gross_profit": 56252000,
      "operating_income": null,
      "net_income": 12684000,
      "opex": null,
      "cogs": 360978000,
      "rd": null,
      "sga": 40047000,
      "fcf": -17300000,
      "ocf": -16290000,
      "capex": -1010000,
      "gross_margin": 0.13482251995302352,
      "op_margin": null,
      "fcf_margin": -0.041463940752103155,
      "rev_growth_yoy": -0.02244787505476663,
      "rev_growth_yoy_accel": -0.030945973507128046,
      "fcf_margin_change": -0.09293556944886275
    },
    {
      "date": "2023-06-30T00:00:00",
      "quarter_label": "2023-06 (Q2)",
      "revenue": 418931000,
      "gross_profit": 51203000,
      "operating_income": null,
      "net_income": 8598000,
      "opex": null,
      "cogs": 367728000,
      "rd": null,
      "sga": 41429000,
      "fcf": 6316000,
      "ocf": 7403000,
      "capex": -1087000,
      "gross_margin": 0.12222299137566807,
      "op_margin": null,
      "fcf_margin": 0.015076468439910153,
      "rev_growth_yoy": -0.013948222578420504,
      "rev_growth_yoy_accel": 0.008499652476346127,
      "fcf_margin_change": 0.05654040919201331
    },
    {
      "date": "2023-09-30T00:00:00",
      "quarter_label": "2023-09 (Q3)",
      "revenue": 411388000,
      "gross_profit": 33834000,
      "operating_income": null,
      "net_income": -5494000,
      "opex": null,
      "cogs": 377554000,
      "rd": null,
      "sga": 39047000,
      "fcf": 1064000,
      "ocf": 2940000,
      "capex": -1876000,
      "gross_margin": 0.08224352679222534,
      "op_margin": null,
      "fcf_margin": 0.0025863661555514503,
      "rev_growth_yoy": -0.007479106753392137,
      "rev_growth_yoy_accel": 0.006469115825028367,
      "fcf_margin_change": -0.012490102284358703
    },
    {
      "date": "2023-12-31T00:00:00",
      "quarter_label": "2023-12 (Q4)",
      "revenue": 423840000,
      "gross_profit": 73457000,
      "operating_income": null,
      "net_income": 22598000,
      "opex": null,
      "cogs": 350383000,
      "rd": null,
      "sga": 46249000,
      "fcf": 48012000,
      "ocf": 49445000,
      "capex": -1433000,
      "gross_margin": 0.17331304265760664,
      "op_margin": null,
      "fcf_margin": 0.11327859569648924,
      "rev_growth_yoy": -0.0004245082779114193,
      "rev_growth_yoy_accel": 0.007054598475480718,
      "fcf_margin_change": 0.11069222954093778
    },
    {
      "date": "2024-03-31T00:00:00",
      "quarter_label": "2024-03 (Q1)",
      "revenue": 423433000,
      "gross_profit": 64522000,
      "operating_income": null,
      "net_income": 15309000,
      "opex": null,
      "cogs": 358911000,
      "rd": null,
      "sga": 46911000,
      "fcf": -28231000,
      "ocf": -26033000,
      "capex": -2198000,
      "gross_margin": 0.15237829833763547,
      "op_margin": null,
      "fcf_margin": -0.06667170485059029,
      "rev_growth_yoy": 0.014867099681230976,
      "rev_growth_yoy_accel": 0.015291607959142396,
      "fcf_margin_change": -0.17995030054707953
    },
    {
      "date": "2024-06-30T00:00:00",
      "quarter_label": "2024-06 (Q2)",
      "revenue": 426288000,
      "gross_profit": 41546000,
      "operating_income": null,
      "net_income": -1788000,
      "opex": null,
      "cogs": 384742000,
      "rd": null,
      "sga": 44437000,
      "fcf": 15007000,
      "ocf": 16319000,
      "capex": -1312000,
      "gross_margin": 0.09745993319070675,
      "op_margin": null,
      "fcf_margin": 0.035203899710993504,
      "rev_growth_yoy": 0.017561364520648985,
      "rev_growth_yoy_accel": 0.002694264839418009,
      "fcf_margin_change": 0.10187560456158379
    },
    {
      "date": "2024-09-30T00:00:00",
      "quarter_label": "2024-09 (Q3)",
      "revenue": 428149000,
      "gross_profit": 63419000,
      "operating_income": null,
      "net_income": 14030000,
      "opex": null,
      "cogs": 364730000,
      "rd": null,
      "sga": 46888000,
      "fcf": 2913000,
      "ocf": 4312000,
      "capex": -1399000,
      "gross_margin": 0.14812366722799772,
      "op_margin": null,
      "fcf_margin": 0.006803706186397726,
      "rev_growth_yoy": 0.040742559335712275,
      "rev_growth_yoy_accel": 0.02318119481506329,
      "fcf_margin_change": -0.028400193524595777
    },
    {
      "date": "2024-12-31T00:00:00",
      "quarter_label": "2024-12 (Q4)",
      "revenue": 437812000,
      "gross_profit": 58603000,
      "operating_income": null,
      "net_income": 11920000,
      "opex": null,
      "cogs": 379209000,
      "rd": null,
      "sga": 44824000,
      "fcf": 34777000,
      "ocf": 36204000,
      "capex": -1427000,
      "gross_margin": 0.13385425707838067,
      "op_margin": null,
      "fcf_margin": 0.07943363818259892,
      "rev_growth_yoy": 0.032965269913174784,
      "rev_growth_yoy_accel": -0.007777289422537491,
      "fcf_margin_change": 0.0726299319962012
    },
    {
      "date": "2025-03-31T00:00:00",
      "quarter_label": "2025-03 (Q1)",
      "revenue": 447662000,
      "gross_profit": 67971000,
      "operating_income": null,
      "net_income": 17228000,
      "opex": null,
      "cogs": 379691000,
      "rd": null,
      "sga": 44966000,
      "fcf": 25758000,
      "ocf": 27501000,
      "capex": -1743000,
      "gross_margin": 0.15183553663254867,
      "op_margin": null,
      "fcf_margin": 0.05753894679467991,
      "rev_growth_yoy": 0.05722038669636046,
      "rev_growth_yoy_accel": 0.024255116783185676,
      "fcf_margin_change": -0.02189469138791901
    },
    {
      "date": "2025-06-30T00:00:00",
      "quarter_label": "2025-06 (Q2)",
      "revenue": 458491000,
      "gross_profit": 2958000,
      "operating_income": null,
      "net_income": -32366000,
      "opex": null,
      "cogs": 455533000,
      "rd": null,
      "sga": 49163000,
      "fcf": 27428000,
      "ocf": 28787000,
      "capex": -1359000,
      "gross_margin": 0.006451598831820036,
      "op_margin": null,
      "fcf_margin": 0.059822330209317084,
      "rev_growth_yoy": 0.07554282550763802,
      "rev_growth_yoy_accel": 0.018322438811277562,
      "fcf_margin_change": 0.0022833834146371718
    },
    {
      "date": "2025-09-30T00:00:00",
      "quarter_label": "2025-09 (Q3)",
      "revenue": 464338000,
      "gross_profit": 96405000,
      "operating_income": null,
      "net_income": 42953000,
      "opex": null,
      "cogs": 367933000,
      "rd": null,
      "sga": 50541000,
      "fcf": 69957000,
      "ocf": 71293000,
      "capex": -1336000,
      "gross_margin": 0.20761815746288265,
      "op_margin": null,
      "fcf_margin": 0.15065964879032084,
      "rev_growth_yoy": 0.08452431279764755,
      "rev_growth_yoy_accel": 0.008981487290009527,
      "fcf_margin_change": 0.09083731858100376
    },
    {
      "date": "2025-12-31T00:00:00",
      "quarter_label": "2025-12 (Q4)",
      "revenue": 466682000,
      "gross_profit": 72071000,
      "operating_income": null,
      "net_income": 31244000,
      "opex": null,
      "cogs": 394611000,
      "rd": null,
      "sga": 46196000,
      "fcf": 16007000,
      "ocf": 17387000,
      "capex": -1380000,
      "gross_margin": 0.15443278292284682,
      "op_margin": null,
      "fcf_margin": 0.03429958729927445,
      "rev_growth_yoy": 0.0659415456862763,
      "rev_growth_yoy_accel": -0.018582767111371246,
      "fcf_margin_change": -0.11636006149104638
    }
  ],
  "signals": [
    {
      "quarter": "2025-09 (Q3)",
      "signal": "FCF MARGIN EXPANSION",
      "detail": "FCF margin: +6.0% -> +15.1% (+9.1%)",
      "severity": "MEDIUM"
    },
    {
      "quarter": "2025-09 (Q3)",
      "signal": "GROSS MARGIN INFLECTION",
      "detail": "GM: +15.2% -> +0.6% -> +20.8% (reversal +20.1%)",
      "severity": "HIGH"
    },
    {
      "quarter": "2024-12 (Q4)",
      "signal": "FCF MARGIN EXPANSION",
      "detail": "FCF margin: +0.7% -> +7.9% (+7.3%)",
      "severity": "MEDIUM"
    },
    {
      "quarter": "2024-09 (Q3)",
      "signal": "GROSS MARGIN INFLECTION",
      "detail": "GM: +15.2% -> +9.7% -> +14.8% (reversal +5.1%)",
      "severity": "HIGH"
    },
    {
      "quarter": "2024-06 (Q2)",
      "signal": "FCF TURNED POSITIVE",
      "detail": "FCF margin: -6.7% -> +3.5%",
      "severity": "HIGH"
    },
    {
      "quarter": "2023-12 (Q4)",
      "signal": "FCF MARGIN EXPANSION",
      "detail": "FCF margin: +0.3% -> +11.3% (+11.1%)",
      "severity": "MEDIUM"
    },
    {
      "quarter": "2023-12 (Q4)",
      "signal": "GROSS MARGIN INFLECTION",
      "detail": "GM: +12.2% -> +8.2% -> +17.3% (reversal +9.1%)",
      "severity": "HIGH"
    },
    {
      "quarter": "2023-06 (Q2)",
      "signal": "FCF TURNED POSITIVE",
      "detail": "FCF margin: -4.1% -> +1.5%",
      "severity": "HIGH"
    },
    {
      "quarter": "2022-12 (Q4)",
      "signal": "FCF TURNED POSITIVE",
      "detail": "FCF margin: -2.8% -> +5.1%",
      "severity": "HIGH"
    },
    {
      "quarter": "2022-12 (Q4)",
      "signal": "GROSS MARGIN INFLECTION",
      "detail": "GM: +10.7% -> +9.1% -> +13.5% (reversal +4.4%)",
      "severity": "MEDIUM"
    },
    {
      "quarter": "2022-09 (Q3)",
      "signal": "YoY REVENUE GROWTH DECELERATION",
      "detail": "YoY growth: -0.3% vs prior quarter YoY: +6.7% (decel: -7.0%)",
      "severity": "WARNING"
    },
    {
      "quarter": "2022-06 (Q2)",
      "signal": "FCF TURNED POSITIVE",
      "detail": "FCF margin: -7.4% -> +1.8%",
      "severity": "HIGH"
    },
    {
      "quarter": "2022-03 (Q1)",
      "signal": "GROSS MARGIN INFLECTION",
      "detail": "GM: +12.2% -> +10.3% -> +12.5% (reversal +2.3%)",
      "severity": "MEDIUM"
    },
    {
      "quarter": "2021-12 (Q4)",
      "signal": "FCF TURNED POSITIVE",
      "detail": "FCF margin: -6.1% -> +7.1%",
      "severity": "HIGH"
    },
    {
      "quarter": "2021-06 (Q2)",
      "signal": "FCF MARGIN EXPANSION",
      "detail": "FCF margin: +0.7% -> +6.1% (+5.4%)",
      "severity": "MEDIUM"
    }
  ],
  "data_quality": {
    "n_quarters": 20,
    "coverage": {
      "revenue": [
        20,
        20
      ],
      "gross_profit": [
        20,
        20
      ],
      "op_income": [
        0,
        20
      ],
      "fcf": [
        20,
        20
      ]
    },
    "gaps": [],
    "warnings": [
      "op_income: no data"
    ]
  },
  "market_cap": null,
  "source": "SEC EDGAR",
  "last_updated": "2026-02-24T10:47:02.045246"
}