{
  "ticker": "HCWC",
  "name": "HEALTHY CHOICE WELLNESS CORP.",
  "quarters": [
    {
      "date": "2023-09-30T00:00:00",
      "quarter_label": "2023-09 (Q3)",
      "revenue": 12704600,
      "gross_profit": 4642634,
      "operating_income": -1255135,
      "net_income": -919673,
      "opex": 5897769,
      "cogs": 8061966,
      "rd": null,
      "sga": 5897769,
      "fcf": null,
      "ocf": null,
      "capex": null,
      "gross_margin": 0.36542937203847425,
      "op_margin": -0.09879374399823686,
      "fcf_margin": null
    },
    {
      "date": "2023-12-31T00:00:00",
      "quarter_label": "2023-12 (Q4)",
      "revenue": 15850591,
      "gross_profit": 5708901,
      "operating_income": -7419629,
      "net_income": -7491668,
      "opex": 13128530,
      "cogs": 10141690,
      "rd": null,
      "sga": 7024530,
      "fcf": 42926,
      "ocf": 49074,
      "capex": -6148,
      "gross_margin": 0.36016959872347976,
      "op_margin": -0.4680979403228561,
      "fcf_margin": 0.0027081640047364798,
      "op_leverage_ratio": 0.20197621592574402
    },
    {
      "date": "2024-03-31T00:00:00",
      "quarter_label": "2024-03 (Q1)",
      "revenue": 15894358,
      "gross_profit": 6054377,
      "operating_income": -601746,
      "net_income": -701463,
      "opex": 6656123,
      "cogs": 9839981,
      "rd": null,
      "sga": null,
      "fcf": -2622789,
      "ocf": -2548569,
      "capex": -74220,
      "gross_margin": 0.3809135921060794,
      "op_margin": -0.03785909440318382,
      "fcf_margin": -0.1650138369854259,
      "fcf_margin_change": -0.16772200099016238
    },
    {
      "date": "2024-06-30T00:00:00",
      "quarter_label": "2024-06 (Q2)",
      "revenue": 15594575,
      "gross_profit": 5896456,
      "operating_income": -481558,
      "net_income": -595707,
      "opex": 6378014,
      "cogs": 9698119,
      "rd": null,
      "sga": null,
      "fcf": -495531,
      "ocf": -452773,
      "capex": -42758,
      "gross_margin": 0.37810943869903474,
      "op_margin": -0.030879841226836898,
      "fcf_margin": -0.03177585795060141,
      "fcf_margin_change": 0.13323797903482448
    },
    {
      "date": "2024-09-30T00:00:00",
      "quarter_label": "2024-09 (Q3)",
      "revenue": 18229463,
      "gross_profit": 7001819,
      "operating_income": -372423,
      "net_income": -2658507,
      "opex": 7374242,
      "cogs": 11227644,
      "rd": null,
      "sga": 7579388,
      "fcf": -991680,
      "ocf": -962978,
      "capex": -28702,
      "gross_margin": 0.38409354131824947,
      "op_margin": -0.020429729608601198,
      "fcf_margin": -0.054399847104656895,
      "incr_op_margin_yoy": 0.15977083956651958,
      "rev_growth_yoy": 0.4348710703209861,
      "op_leverage_ratio": 1.0817211981647978,
      "fcf_margin_change": -0.022623989154055488
    },
    {
      "date": "2024-12-31T00:00:00",
      "quarter_label": "2024-12 (Q4)",
      "revenue": 19652407,
      "gross_profit": 8112657,
      "operating_income": -321750,
      "net_income": -550788,
      "opex": 8434407,
      "cogs": 11539750,
      "rd": null,
      "sga": 8434407,
      "fcf": 793365,
      "ocf": 899478,
      "capex": -106113,
      "gross_margin": 0.4128072963276203,
      "op_margin": -0.016372040330734042,
      "fcf_margin": 0.04036986410875777,
      "incr_op_margin_yoy": 1.866970679275378,
      "rev_growth_yoy": 0.23985326477731966,
      "rev_growth_yoy_accel": -0.19501780554366643,
      "op_leverage_ratio": 0.5429475234758143,
      "fcf_margin_change": 0.09476971121341467
    },
    {
      "date": "2025-03-31T00:00:00",
      "quarter_label": "2025-03 (Q1)",
      "revenue": 20259606,
      "gross_profit": 7851910,
      "operating_income": -409675,
      "net_income": -712410,
      "opex": 8261585,
      "cogs": 12407696,
      "rd": null,
      "sga": null,
      "fcf": 965329,
      "ocf": 1092748,
      "capex": -127419,
      "gross_margin": 0.38756479272104305,
      "op_margin": -0.020221271825325723,
      "fcf_margin": 0.04764796511837397,
      "incr_op_margin_yoy": 0.04400002015922119,
      "rev_growth_yoy": 0.2746413538690899,
      "rev_growth_yoy_accel": 0.034788089091770225,
      "op_leverage_ratio": Infinity,
      "fcf_margin_change": 0.007278101009616199
    },
    {
      "date": "2025-06-30T00:00:00",
      "quarter_label": "2025-06 (Q2)",
      "revenue": 20199979,
      "gross_profit": 8093376,
      "operating_income": -39032,
      "net_income": -339359,
      "opex": 8132408,
      "cogs": 12106603,
      "rd": null,
      "sga": null,
      "fcf": 988570,
      "ocf": 1067037,
      "capex": -78467,
      "gross_margin": 0.40066259474824206,
      "op_margin": -0.001932279236527919,
      "fcf_margin": 0.048939159788235424,
      "incr_op_margin_yoy": 0.09608842134153703,
      "rev_growth_yoy": 0.29532090486595497,
      "rev_growth_yoy_accel": 0.02067955099686508,
      "fcf_margin_change": 0.0012911946698614535
    },
    {
      "date": "2025-09-30T00:00:00",
      "quarter_label": "2025-09 (Q3)",
      "revenue": 19039927,
      "gross_profit": 7391629,
      "operating_income": -609422,
      "net_income": -1224139,
      "opex": 8001051,
      "cogs": 11648298,
      "rd": null,
      "sga": 8001051,
      "fcf": -351332,
      "ocf": -308651,
      "capex": -42681,
      "gross_margin": 0.38821729726169646,
      "op_margin": -0.03200758070133357,
      "fcf_margin": -0.018452381671421325,
      "rev_growth_yoy": 0.04445901670279591,
      "rev_growth_yoy_accel": -0.2508618881631591,
      "fcf_margin_change": -0.06739154145965676
    }
  ],
  "signals": [
    {
      "quarter": "2025-09 (Q3)",
      "signal": "YoY REVENUE GROWTH DECELERATION",
      "detail": "YoY growth: +4.4% vs prior quarter YoY: +29.5% (decel: -25.1%)",
      "severity": "WARNING"
    },
    {
      "quarter": "2024-12 (Q4)",
      "signal": "FCF TURNED POSITIVE",
      "detail": "FCF margin: -5.4% -> +4.0%",
      "severity": "HIGH"
    },
    {
      "quarter": "2024-12 (Q4)",
      "signal": "YoY REVENUE GROWTH DECELERATION",
      "detail": "YoY growth: +24.0% vs prior quarter YoY: +43.5% (decel: -19.5%)",
      "severity": "WARNING"
    },
    {
      "quarter": "2024-06 (Q2)",
      "signal": "FCF MARGIN EXPANSION",
      "detail": "FCF margin: -16.5% -> -3.2% (+13.3%)",
      "severity": "MEDIUM"
    },
    {
      "quarter": "2024-03 (Q1)",
      "signal": "GROSS MARGIN INFLECTION",
      "detail": "GM: +36.5% -> +36.0% -> +38.1% (reversal +2.1%)",
      "severity": "MEDIUM"
    }
  ],
  "data_quality": {
    "n_quarters": 9,
    "coverage": {
      "revenue": [
        9,
        9
      ],
      "gross_profit": [
        9,
        9
      ],
      "op_income": [
        9,
        9
      ],
      "fcf": [
        8,
        9
      ]
    },
    "gaps": [],
    "warnings": []
  },
  "market_cap": null,
  "source": "SEC EDGAR",
  "last_updated": "2026-02-03T00:18:59.507246"
}