{
  "ticker": "HE",
  "name": "HAWAIIAN ELECTRIC INDUSTRIES,\u00a0INC.",
  "quarters": [
    {
      "date": "2020-12-31T00:00:00",
      "quarter_label": "2020-12 (Q4)",
      "revenue": 652217000,
      "gross_profit": null,
      "operating_income": 80674000,
      "net_income": null,
      "opex": 571543000,
      "cogs": null,
      "rd": null,
      "sga": null,
      "fcf": 29416000,
      "ocf": 117139000,
      "capex": -87723000,
      "gross_margin": null,
      "op_margin": 0.123691961417749,
      "fcf_margin": 0.045101553624023905
    },
    {
      "date": "2021-03-31T00:00:00",
      "quarter_label": "2021-03 (Q1)",
      "revenue": 642946000,
      "gross_profit": null,
      "operating_income": 98031000,
      "net_income": 64831000,
      "opex": 544915000,
      "cogs": null,
      "rd": null,
      "sga": null,
      "fcf": -32349000,
      "ocf": 41730000,
      "capex": -74079000,
      "gross_margin": null,
      "op_margin": 0.15247159170443553,
      "fcf_margin": -0.050313712193559026,
      "fcf_margin_change": -0.09541526581758293
    },
    {
      "date": "2021-06-30T00:00:00",
      "quarter_label": "2021-06 (Q2)",
      "revenue": 680257000,
      "gross_profit": null,
      "operating_income": 101856000,
      "net_income": 64345000,
      "opex": 578401000,
      "cogs": null,
      "rd": null,
      "sga": null,
      "fcf": 1522000,
      "ocf": 75857000,
      "capex": -74335000,
      "gross_margin": null,
      "op_margin": 0.14973164553984744,
      "fcf_margin": 0.002237389692425069,
      "op_leverage_ratio": 0.9443389010904798,
      "fcf_margin_change": 0.052551101885984094
    },
    {
      "date": "2021-09-30T00:00:00",
      "quarter_label": "2021-09 (Q3)",
      "revenue": 756904000,
      "gross_profit": null,
      "operating_income": 97316000,
      "net_income": 63886000,
      "opex": 659588000,
      "cogs": null,
      "rd": null,
      "sga": null,
      "fcf": 78780000,
      "ocf": 149618000,
      "capex": -70838000,
      "gross_margin": null,
      "op_margin": 0.12857112658936934,
      "fcf_margin": 0.10408189149482629,
      "op_leverage_ratio": 0.8027211076195364,
      "fcf_margin_change": 0.10184450180240122
    },
    {
      "date": "2021-12-31T00:00:00",
      "quarter_label": "2021-12 (Q4)",
      "revenue": 770272000,
      "gross_profit": null,
      "operating_income": 88863000,
      "net_income": 54994000,
      "opex": 681409000,
      "cogs": null,
      "rd": null,
      "sga": null,
      "fcf": 13196000,
      "ocf": 108468000,
      "capex": -95272000,
      "gross_margin": null,
      "op_margin": 0.11536574093307299,
      "fcf_margin": 0.017131610651821696,
      "incr_op_margin_yoy": 0.06936597348693406,
      "rev_growth_yoy": 0.18100570822287673,
      "op_leverage_ratio": 0.5338555144014165,
      "fcf_margin_change": -0.08695028084300459
    },
    {
      "date": "2022-03-31T00:00:00",
      "quarter_label": "2022-03 (Q1)",
      "revenue": 785068000,
      "gross_profit": null,
      "operating_income": 99276000,
      "net_income": 69640000,
      "opex": 685792000,
      "cogs": null,
      "rd": null,
      "sga": null,
      "fcf": 13422000,
      "ocf": 92585000,
      "capex": -79163000,
      "gross_margin": null,
      "op_margin": 0.1264552879495789,
      "fcf_margin": 0.017096608191901848,
      "incr_op_margin_yoy": 0.00876007936842994,
      "rev_growth_yoy": 0.22104811290528287,
      "rev_growth_yoy_accel": 0.040042404682406135,
      "op_leverage_ratio": 2.986321810895335,
      "fcf_margin_change": -3.500245991984799e-05
    },
    {
      "date": "2022-06-30T00:00:00",
      "quarter_label": "2022-06 (Q2)",
      "revenue": 895607000,
      "gross_profit": null,
      "operating_income": 86668000,
      "net_income": 53014000,
      "opex": 808939000,
      "cogs": null,
      "rd": null,
      "sga": null,
      "fcf": -86529000,
      "ocf": -17943000,
      "capex": -68586000,
      "gross_margin": null,
      "op_margin": 0.09677012350283104,
      "fcf_margin": -0.09661492150016693,
      "incr_op_margin_yoy": -0.07052704899001626,
      "rev_growth_yoy": 0.3165715310537047,
      "rev_growth_yoy_accel": 0.09552341814842186,
      "op_leverage_ratio": 0.7841097138001047,
      "fcf_margin_change": -0.11371152969206877
    },
    {
      "date": "2022-09-30T00:00:00",
      "quarter_label": "2022-09 (Q3)",
      "revenue": 1042197000,
      "gross_profit": null,
      "operating_income": 102115000,
      "net_income": 62553000,
      "opex": 940082000,
      "cogs": null,
      "rd": null,
      "sga": null,
      "fcf": 49816000,
      "ocf": 138345000,
      "capex": -88529000,
      "gross_margin": null,
      "op_margin": 0.09798051615961281,
      "fcf_margin": 0.0477990245606157,
      "incr_op_margin_yoy": 0.01682130301129015,
      "rev_growth_yoy": 0.37692098337437774,
      "rev_growth_yoy_accel": 0.060349452320673014,
      "op_leverage_ratio": 1.009619023476053,
      "fcf_margin_change": 0.14441394606078262
    },
    {
      "date": "2022-12-31T00:00:00",
      "quarter_label": "2022-12 (Q4)",
      "revenue": 1019113000,
      "gross_profit": null,
      "operating_income": 93014000,
      "net_income": 57821000,
      "opex": 926099000,
      "cogs": null,
      "rd": null,
      "sga": null,
      "fcf": 138434000,
      "ocf": 241489000,
      "capex": -103055000,
      "gross_margin": null,
      "op_margin": 0.09126956480782798,
      "fcf_margin": 0.13583773340149718,
      "incr_op_margin_yoy": 0.016681334667518616,
      "rev_growth_yoy": 0.323056011382992,
      "rev_growth_yoy_accel": -0.053864971991385735,
      "fcf_margin_change": 0.08803870884088148
    },
    {
      "date": "2023-03-31T00:00:00",
      "quarter_label": "2023-03 (Q1)",
      "revenue": 928237000,
      "gross_profit": null,
      "operating_income": 93518000,
      "net_income": 55194000,
      "opex": 834719000,
      "cogs": null,
      "rd": null,
      "sga": null,
      "fcf": 56655000,
      "ocf": 180952000,
      "capex": -124297000,
      "gross_margin": null,
      "op_margin": 0.10074797707912958,
      "fcf_margin": 0.06103505893430234,
      "incr_op_margin_yoy": -0.040218203661407145,
      "rev_growth_yoy": 0.18236509448863028,
      "rev_growth_yoy_accel": -0.14069091689436172,
      "fcf_margin_change": -0.07480267446719485
    },
    {
      "date": "2023-06-30T00:00:00",
      "quarter_label": "2023-06 (Q2)",
      "revenue": 895685000,
      "gross_profit": null,
      "operating_income": 92979000,
      "net_income": 55083000,
      "opex": 802706000,
      "cogs": null,
      "rd": null,
      "sga": null,
      "fcf": 79087000,
      "ocf": 190665000,
      "capex": -111578000,
      "gross_margin": null,
      "op_margin": 0.10380770025176261,
      "fcf_margin": 0.08829778326085622,
      "rev_growth_yoy": 8.709177127914364e-05,
      "rev_growth_yoy_accel": -0.18227800271735115,
      "fcf_margin_change": 0.027262724326553876
    },
    {
      "date": "2023-09-30T00:00:00",
      "quarter_label": "2023-09 (Q3)",
      "revenue": 901873000,
      "gross_profit": null,
      "operating_income": 75111000,
      "net_income": 41589000,
      "opex": 826762000,
      "cogs": null,
      "rd": null,
      "sga": null,
      "fcf": -2968000,
      "ocf": 103521000,
      "capex": -106489000,
      "gross_margin": null,
      "op_margin": 0.08328334477249014,
      "fcf_margin": -0.003290928988893115,
      "incr_op_margin_yoy": 0.1924403523274707,
      "rev_growth_yoy": -0.13464249081507623,
      "rev_growth_yoy_accel": -0.13472958258635537,
      "fcf_margin_change": -0.09158871224974934
    },
    {
      "date": "2023-12-31T00:00:00",
      "quarter_label": "2023-12 (Q4)",
      "revenue": 853424000,
      "gross_profit": null,
      "operating_income": 74331000,
      "net_income": 49262000,
      "opex": 865375000,
      "cogs": null,
      "rd": null,
      "sga": null,
      "fcf": -24030000,
      "ocf": 76333000,
      "capex": -100363000,
      "gross_margin": null,
      "op_margin": 0.08709738652768144,
      "fcf_margin": -0.028157164551266427,
      "incr_op_margin_yoy": 0.11275944691560695,
      "rev_growth_yoy": -0.16258157829406553,
      "rev_growth_yoy_accel": -0.027939087478989294,
      "fcf_margin_change": -0.02486623556237331
    },
    {
      "date": "2024-03-31T00:00:00",
      "quarter_label": "2024-03 (Q1)",
      "revenue": 897158000,
      "gross_profit": null,
      "operating_income": 76419000,
      "net_income": 42595000,
      "opex": 820739000,
      "cogs": null,
      "rd": null,
      "sga": null,
      "fcf": 25737000,
      "ocf": 124619000,
      "capex": -98882000,
      "gross_margin": null,
      "op_margin": 0.08517897627842587,
      "fcf_margin": 0.02868725464188025,
      "incr_op_margin_yoy": 0.5501785771742977,
      "rev_growth_yoy": -0.03348175088905096,
      "rev_growth_yoy_accel": 0.12909982740501458,
      "op_leverage_ratio": Infinity,
      "fcf_margin_change": 0.05684441919314667
    },
    {
      "date": "2024-06-30T00:00:00",
      "quarter_label": "2024-06 (Q2)",
      "revenue": 897360000,
      "gross_profit": null,
      "operating_income": -1718975000,
      "net_income": -1295011000,
      "opex": 2616335000,
      "cogs": null,
      "rd": null,
      "sga": null,
      "fcf": -11216000,
      "ocf": 68828000,
      "capex": -80044000,
      "gross_margin": null,
      "op_margin": -1.9155912900062406,
      "fcf_margin": -0.01249888562004101,
      "incr_op_margin_yoy": -1081.7635820895523,
      "rev_growth_yoy": 0.001870077091834741,
      "rev_growth_yoy_accel": 0.0353518279808857,
      "fcf_margin_change": -0.04118614026192126
    },
    {
      "date": "2024-09-30T00:00:00",
      "quarter_label": "2024-09 (Q3)",
      "revenue": 938383000,
      "gross_profit": null,
      "operating_income": -126548000,
      "net_income": -103931000,
      "opex": 1064931000,
      "cogs": null,
      "rd": null,
      "sga": null,
      "fcf": 79470000,
      "ocf": 157464000,
      "capex": -77994000,
      "gross_margin": null,
      "op_margin": -0.1348575155347017,
      "fcf_margin": 0.08468823497441876,
      "incr_op_margin_yoy": -5.523390851821419,
      "rev_growth_yoy": 0.04048241825622898,
      "rev_growth_yoy_accel": 0.03861234116439424,
      "op_leverage_ratio": Infinity,
      "fcf_margin_change": 0.09718712059445976
    },
    {
      "date": "2024-12-31T00:00:00",
      "quarter_label": "2024-12 (Q4)",
      "revenue": 799180000,
      "gross_profit": null,
      "operating_income": 53662000,
      "net_income": -67772000,
      "opex": 424605000,
      "cogs": null,
      "rd": null,
      "sga": null,
      "fcf": 49239000,
      "ocf": 136570000,
      "capex": -87331000,
      "gross_margin": null,
      "op_margin": 0.06714632498310769,
      "fcf_margin": 0.06161190219975475,
      "incr_op_margin_yoy": 0.3810375341051545,
      "rev_growth_yoy": -0.06356043420386584,
      "rev_growth_yoy_accel": -0.10404285246009481,
      "fcf_margin_change": -0.023076332774664005
    },
    {
      "date": "2025-03-31T00:00:00",
      "quarter_label": "2025-03 (Q1)",
      "revenue": 744070000,
      "gross_profit": null,
      "operating_income": 62420000,
      "net_income": 27144000,
      "opex": 681650000,
      "cogs": null,
      "rd": null,
      "sga": null,
      "fcf": -36873000,
      "ocf": 49665000,
      "capex": -86538000,
      "gross_margin": null,
      "op_margin": 0.08388995659010577,
      "fcf_margin": -0.04955582136089347,
      "incr_op_margin_yoy": 0.09144413670568562,
      "rev_growth_yoy": -0.17063661027377564,
      "rev_growth_yoy_accel": -0.1070761760699098,
      "fcf_margin_change": -0.11116772356064822
    },
    {
      "date": "2025-06-30T00:00:00",
      "quarter_label": "2025-06 (Q2)",
      "revenue": 746392000,
      "gross_profit": null,
      "operating_income": 53747000,
      "net_income": null,
      "opex": 692645000,
      "cogs": null,
      "rd": null,
      "sga": null,
      "fcf": 59796000,
      "ocf": 134751000,
      "capex": -74955000,
      "gross_margin": null,
      "op_margin": 0.07200907833953205,
      "fcf_margin": 0.08011339885743685,
      "incr_op_margin_yoy": -11.742369243813258,
      "rev_growth_yoy": -0.16823571364892573,
      "rev_growth_yoy_accel": 0.0024008966248499075,
      "fcf_margin_change": 0.12966922021833033
    },
    {
      "date": "2025-09-30T00:00:00",
      "quarter_label": "2025-09 (Q3)",
      "revenue": 790610000,
      "gross_profit": null,
      "operating_income": 52046000,
      "net_income": null,
      "opex": 738564000,
      "cogs": null,
      "rd": null,
      "sga": null,
      "fcf": 6295000,
      "ocf": 100252000,
      "capex": -93957000,
      "gross_margin": null,
      "op_margin": 0.06583018175838909,
      "fcf_margin": 0.007962206397591733,
      "incr_op_margin_yoy": -1.2085699011321418,
      "rev_growth_yoy": -0.15747621173870371,
      "rev_growth_yoy_accel": 0.010759501910222014,
      "op_leverage_ratio": 0.8936148995836707,
      "fcf_margin_change": -0.07215119245984511
    }
  ],
  "signals": [
    {
      "quarter": "2025-09 (Q3)",
      "signal": "OP MARGIN TURNED POSITIVE (YoY)",
      "detail": "Op margin: -13.5% (year-ago) -> +6.6%",
      "severity": "HIGH"
    },
    {
      "quarter": "2025-06 (Q2)",
      "signal": "FCF TURNED POSITIVE",
      "detail": "FCF margin: -5.0% -> +8.0%",
      "severity": "HIGH"
    },
    {
      "quarter": "2025-06 (Q2)",
      "signal": "OP MARGIN TURNED POSITIVE (YoY)",
      "detail": "Op margin: -191.6% (year-ago) -> +7.2%",
      "severity": "HIGH"
    },
    {
      "quarter": "2025-03 (Q1)",
      "signal": "YoY REVENUE GROWTH DECELERATION",
      "detail": "YoY growth: -17.1% vs prior quarter YoY: -6.4% (decel: -10.7%)",
      "severity": "WARNING"
    },
    {
      "quarter": "2024-12 (Q4)",
      "signal": "YoY REVENUE GROWTH DECELERATION",
      "detail": "YoY growth: -6.4% vs prior quarter YoY: +4.0% (decel: -10.4%)",
      "severity": "WARNING"
    },
    {
      "quarter": "2024-12 (Q4)",
      "signal": "INCREMENTAL MARGIN (YoY)",
      "detail": "YoY Incr OPM: +38.1% vs year-ago OPM: +8.7%",
      "severity": "HIGH"
    },
    {
      "quarter": "2024-12 (Q4)",
      "signal": "OP MARGIN TURNED POSITIVE (QoQ)",
      "detail": "Op margin: -13.5% -> +6.7%",
      "severity": "HIGH"
    },
    {
      "quarter": "2024-09 (Q3)",
      "signal": "FCF TURNED POSITIVE",
      "detail": "FCF margin: -1.2% -> +8.5%",
      "severity": "HIGH"
    },
    {
      "quarter": "2024-03 (Q1)",
      "signal": "FCF TURNED POSITIVE",
      "detail": "FCF margin: -2.8% -> +2.9%",
      "severity": "HIGH"
    },
    {
      "quarter": "2024-03 (Q1)",
      "signal": "YoY REVENUE GROWTH ACCELERATION",
      "detail": "YoY growth: -3.3% vs prior quarter YoY: -16.3% (accel: +12.9%)",
      "severity": "MEDIUM"
    },
    {
      "quarter": "2024-03 (Q1)",
      "signal": "INCREMENTAL MARGIN (YoY)",
      "detail": "YoY Incr OPM: +55.0% vs year-ago OPM: +10.1%",
      "severity": "HIGH"
    },
    {
      "quarter": "2023-09 (Q3)",
      "signal": "YoY REVENUE GROWTH DECELERATION",
      "detail": "YoY growth: -13.5% vs prior quarter YoY: +0.0% (decel: -13.5%)",
      "severity": "WARNING"
    },
    {
      "quarter": "2023-06 (Q2)",
      "signal": "YoY REVENUE GROWTH DECELERATION",
      "detail": "YoY growth: +0.0% vs prior quarter YoY: +18.2% (decel: -18.2%)",
      "severity": "WARNING"
    },
    {
      "quarter": "2023-03 (Q1)",
      "signal": "YoY REVENUE GROWTH DECELERATION",
      "detail": "YoY growth: +18.2% vs prior quarter YoY: +32.3% (decel: -14.1%)",
      "severity": "WARNING"
    },
    {
      "quarter": "2022-12 (Q4)",
      "signal": "FCF MARGIN EXPANSION",
      "detail": "FCF margin: +4.8% -> +13.6% (+8.8%)",
      "severity": "MEDIUM"
    },
    {
      "quarter": "2022-12 (Q4)",
      "signal": "YoY REVENUE GROWTH DECELERATION",
      "detail": "YoY growth: +32.3% vs prior quarter YoY: +37.7% (decel: -5.4%)",
      "severity": "WARNING"
    },
    {
      "quarter": "2022-09 (Q3)",
      "signal": "FCF TURNED POSITIVE",
      "detail": "FCF margin: -9.7% -> +4.8%",
      "severity": "HIGH"
    },
    {
      "quarter": "2022-09 (Q3)",
      "signal": "YoY REVENUE GROWTH ACCELERATION",
      "detail": "YoY growth: +37.7% vs prior quarter YoY: +31.7% (accel: +6.0%)",
      "severity": "MEDIUM"
    },
    {
      "quarter": "2022-06 (Q2)",
      "signal": "YoY REVENUE GROWTH ACCELERATION",
      "detail": "YoY growth: +31.7% vs prior quarter YoY: +22.1% (accel: +9.6%)",
      "severity": "MEDIUM"
    },
    {
      "quarter": "2022-03 (Q1)",
      "signal": "OPERATING LEVERAGE",
      "detail": "Rev growth +1.9% vs OpEx growth +0.6% (leverage: 3.0x)",
      "severity": "MEDIUM"
    },
    {
      "quarter": "2021-09 (Q3)",
      "signal": "FCF MARGIN EXPANSION",
      "detail": "FCF margin: +0.2% -> +10.4% (+10.2%)",
      "severity": "MEDIUM"
    },
    {
      "quarter": "2021-06 (Q2)",
      "signal": "FCF TURNED POSITIVE",
      "detail": "FCF margin: -5.0% -> +0.2%",
      "severity": "HIGH"
    }
  ],
  "data_quality": {
    "n_quarters": 20,
    "coverage": {
      "revenue": [
        20,
        20
      ],
      "gross_profit": [
        0,
        20
      ],
      "op_income": [
        20,
        20
      ],
      "fcf": [
        20,
        20
      ]
    },
    "gaps": [],
    "warnings": [
      "gross_profit: no data"
    ]
  },
  "market_cap": null,
  "source": "SEC EDGAR",
  "last_updated": "2026-02-02T21:27:19.290895",
  "sector": "Utilities",
  "industry": "Utilities - Regulated Electric"
}