{
  "ticker": "HESM",
  "name": "Hess Midstream LP",
  "quarters": [
    {
      "date": "2020-12-31T00:00:00",
      "quarter_label": "2020-12 (Q4)",
      "revenue": 266500000,
      "gross_profit": null,
      "operating_income": 154700000,
      "net_income": 6600000,
      "opex": 111800000,
      "cogs": null,
      "rd": null,
      "sga": null,
      "fcf": 119400000,
      "ocf": 174500000,
      "capex": -55100000,
      "gross_margin": null,
      "op_margin": 0.5804878048780487,
      "fcf_margin": 0.4480300187617261
    },
    {
      "date": "2021-03-31T00:00:00",
      "quarter_label": "2021-03 (Q1)",
      "revenue": 288800000,
      "gross_profit": null,
      "operating_income": 182500000,
      "net_income": 8600000,
      "opex": 106300000,
      "cogs": null,
      "rd": null,
      "sga": null,
      "fcf": 138700000,
      "ocf": 165400000,
      "capex": -26700000,
      "gross_margin": null,
      "op_margin": 0.6319252077562327,
      "fcf_margin": 0.48026315789473684,
      "op_leverage_ratio": Infinity,
      "fcf_margin_change": 0.032233139133010735
    },
    {
      "date": "2021-06-30T00:00:00",
      "quarter_label": "2021-06 (Q2)",
      "revenue": 294800000,
      "gross_profit": null,
      "operating_income": 185600000,
      "net_income": 11000000,
      "opex": 109200000,
      "cogs": null,
      "rd": null,
      "sga": null,
      "fcf": 198600000,
      "ocf": 224600000,
      "capex": -26000000,
      "gross_margin": null,
      "op_margin": 0.6295793758480326,
      "fcf_margin": 0.6736770691994572,
      "op_leverage_ratio": 0.7615340529181392,
      "fcf_margin_change": 0.1934139113047204
    },
    {
      "date": "2021-09-30T00:00:00",
      "quarter_label": "2021-09 (Q3)",
      "revenue": 303900000,
      "gross_profit": null,
      "operating_income": 159200000,
      "net_income": 9900000,
      "opex": 144700000,
      "cogs": null,
      "rd": null,
      "sga": null,
      "fcf": 114700000,
      "ocf": 182000000,
      "capex": -67300000,
      "gross_margin": null,
      "op_margin": 0.5238565317538664,
      "fcf_margin": 0.3774267851266864,
      "op_leverage_ratio": 0.0949528923882508,
      "fcf_margin_change": -0.2962502840727708
    },
    {
      "date": "2021-12-31T00:00:00",
      "quarter_label": "2021-12 (Q4)",
      "revenue": 316300000,
      "gross_profit": null,
      "operating_income": 199900000,
      "net_income": 16900000,
      "opex": 116400000,
      "cogs": null,
      "rd": null,
      "sga": null,
      "fcf": 180300000,
      "ocf": 223500000,
      "capex": -43200000,
      "gross_margin": null,
      "op_margin": 0.6319949415112235,
      "fcf_margin": 0.5700284539993676,
      "incr_op_margin_yoy": 0.9076305220883534,
      "rev_growth_yoy": 0.18686679174484053,
      "op_leverage_ratio": Infinity,
      "fcf_margin_change": 0.1926016688726812
    },
    {
      "date": "2022-03-31T00:00:00",
      "quarter_label": "2022-03 (Q1)",
      "revenue": 312400000,
      "gross_profit": null,
      "operating_income": 195500000,
      "net_income": 16900000,
      "opex": 116900000,
      "cogs": null,
      "rd": null,
      "sga": null,
      "fcf": 135800000,
      "ocf": 190600000,
      "capex": -54800000,
      "gross_margin": null,
      "op_margin": 0.6258002560819462,
      "fcf_margin": 0.4346991037131882,
      "incr_op_margin_yoy": 0.5508474576271186,
      "rev_growth_yoy": 0.0817174515235457,
      "rev_growth_yoy_accel": -0.10514934022129482,
      "fcf_margin_change": -0.13532935028617943
    },
    {
      "date": "2022-06-30T00:00:00",
      "quarter_label": "2022-06 (Q2)",
      "revenue": 313400000,
      "gross_profit": null,
      "operating_income": 195300000,
      "net_income": 22000000,
      "opex": 118100000,
      "cogs": null,
      "rd": null,
      "sga": null,
      "fcf": 157300000,
      "ocf": 213200000,
      "capex": -55900000,
      "gross_margin": null,
      "op_margin": 0.6231652839821314,
      "fcf_margin": 0.501914486279515,
      "incr_op_margin_yoy": 0.521505376344086,
      "rev_growth_yoy": 0.06309362279511534,
      "rev_growth_yoy_accel": -0.018623828728430367,
      "fcf_margin_change": 0.06721538256632675
    },
    {
      "date": "2022-09-30T00:00:00",
      "quarter_label": "2022-09 (Q3)",
      "revenue": 334800000,
      "gross_profit": null,
      "operating_income": 204000000,
      "net_income": 23200000,
      "opex": 130800000,
      "cogs": null,
      "rd": null,
      "sga": null,
      "fcf": 168800000,
      "ocf": 234700000,
      "capex": -65900000,
      "gross_margin": null,
      "op_margin": 0.6093189964157706,
      "fcf_margin": 0.5041816009557945,
      "incr_op_margin_yoy": 1.4498381877022655,
      "rev_growth_yoy": 0.1016781836130306,
      "rev_growth_yoy_accel": 0.03858456081791527,
      "op_leverage_ratio": 0.6349813325025502,
      "fcf_margin_change": 0.0022671146762794914
    },
    {
      "date": "2022-12-31T00:00:00",
      "quarter_label": "2022-12 (Q4)",
      "revenue": 314600000,
      "gross_profit": null,
      "operating_income": 196400000,
      "net_income": 21800000,
      "opex": 118200000,
      "cogs": null,
      "rd": null,
      "sga": null,
      "fcf": 161000000,
      "ocf": 222600000,
      "capex": -61600000,
      "gross_margin": null,
      "op_margin": 0.6242848061029879,
      "fcf_margin": 0.5117609663064209,
      "incr_op_margin_yoy": 2.0588235294117645,
      "rev_growth_yoy": -0.005374644325007904,
      "rev_growth_yoy_accel": -0.10705282793803851,
      "fcf_margin_change": 0.007579365350626421
    },
    {
      "date": "2023-03-31T00:00:00",
      "quarter_label": "2023-03 (Q1)",
      "revenue": 305000000,
      "gross_profit": null,
      "operating_income": 188700000,
      "net_income": 20700000,
      "opex": 116300000,
      "cogs": null,
      "rd": null,
      "sga": null,
      "fcf": 134400000,
      "ocf": 198700000,
      "capex": -64300000,
      "gross_margin": null,
      "op_margin": 0.6186885245901639,
      "fcf_margin": 0.44065573770491806,
      "incr_op_margin_yoy": 0.918918918918919,
      "rev_growth_yoy": -0.023687580025608196,
      "rev_growth_yoy_accel": -0.018312935700600292,
      "fcf_margin_change": -0.07110522860150281
    },
    {
      "date": "2023-06-30T00:00:00",
      "quarter_label": "2023-06 (Q2)",
      "revenue": 324000000,
      "gross_profit": null,
      "operating_income": 198100000,
      "net_income": 25100000,
      "opex": 125900000,
      "cogs": null,
      "rd": null,
      "sga": null,
      "fcf": 161600000,
      "ocf": 204600000,
      "capex": -43000000,
      "gross_margin": null,
      "op_margin": 0.6114197530864197,
      "fcf_margin": 0.49876543209876545,
      "incr_op_margin_yoy": 0.2641509433962264,
      "rev_growth_yoy": 0.03382259093809828,
      "rev_growth_yoy_accel": 0.057510170963706475,
      "op_leverage_ratio": 0.7546789617486339,
      "fcf_margin_change": 0.05810969439384739
    },
    {
      "date": "2023-09-30T00:00:00",
      "quarter_label": "2023-09 (Q3)",
      "revenue": 363100000,
      "gross_profit": null,
      "operating_income": 220000000,
      "net_income": 35300000,
      "opex": 143100000,
      "cogs": null,
      "rd": null,
      "sga": null,
      "fcf": 162800000,
      "ocf": 215500000,
      "capex": -52700000,
      "gross_margin": null,
      "op_margin": 0.6058936931974662,
      "fcf_margin": 0.448361332966125,
      "incr_op_margin_yoy": 0.5653710247349824,
      "rev_growth_yoy": 0.08452807646356034,
      "rev_growth_yoy_accel": 0.05070548552546206,
      "op_leverage_ratio": 0.8833423054837785,
      "fcf_margin_change": -0.050404099132640434
    },
    {
      "date": "2023-12-31T00:00:00",
      "quarter_label": "2023-12 (Q4)",
      "revenue": 356500000,
      "gross_profit": null,
      "operating_income": 210100000,
      "net_income": 37500000,
      "opex": 146400000,
      "cogs": null,
      "rd": null,
      "sga": null,
      "fcf": 184100000,
      "ocf": 247600000,
      "capex": -63500000,
      "gross_margin": null,
      "op_margin": 0.5893408134642356,
      "fcf_margin": 0.5164095371669004,
      "incr_op_margin_yoy": 0.3269689737470167,
      "rev_growth_yoy": 0.13318499682136045,
      "rev_growth_yoy_accel": 0.048656920357800115,
      "fcf_margin_change": 0.0680482042007754
    },
    {
      "date": "2024-03-31T00:00:00",
      "quarter_label": "2024-03 (Q1)",
      "revenue": 355600000,
      "gross_profit": null,
      "operating_income": 222000000,
      "net_income": 44600000,
      "opex": 133600000,
      "cogs": null,
      "rd": null,
      "sga": null,
      "fcf": 130500000,
      "ocf": 185300000,
      "capex": -54800000,
      "gross_margin": null,
      "op_margin": 0.6242969628796401,
      "fcf_margin": 0.3669853768278965,
      "incr_op_margin_yoy": 0.658102766798419,
      "rev_growth_yoy": 0.1659016393442623,
      "rev_growth_yoy_accel": 0.03271664252290185,
      "fcf_margin_change": -0.1494241603390039
    },
    {
      "date": "2024-06-30T00:00:00",
      "quarter_label": "2024-06 (Q2)",
      "revenue": 365500000,
      "gross_profit": null,
      "operating_income": 222300000,
      "net_income": 49500000,
      "opex": 143200000,
      "cogs": null,
      "rd": null,
      "sga": null,
      "fcf": 207700000,
      "ocf": 271600000,
      "capex": -63900000,
      "gross_margin": null,
      "op_margin": 0.6082079343365253,
      "fcf_margin": 0.5682626538987688,
      "incr_op_margin_yoy": 0.5831325301204819,
      "rev_growth_yoy": 0.12808641975308643,
      "rev_growth_yoy_accel": -0.03781521959117587,
      "op_leverage_ratio": 0.38744375703037126,
      "fcf_margin_change": 0.20127727707087234
    },
    {
      "date": "2024-09-30T00:00:00",
      "quarter_label": "2024-09 (Q3)",
      "revenue": 378500000,
      "gross_profit": null,
      "operating_income": 231700000,
      "net_income": 58600000,
      "opex": 146800000,
      "cogs": null,
      "rd": null,
      "sga": null,
      "fcf": 132600000,
      "ocf": 224900000,
      "capex": -92300000,
      "gross_margin": null,
      "op_margin": 0.6121532364597094,
      "fcf_margin": 0.350330250990753,
      "incr_op_margin_yoy": 0.7597402597402597,
      "rev_growth_yoy": 0.04241255852382264,
      "rev_growth_yoy_accel": -0.08567386122926379,
      "op_leverage_ratio": 1.4148046815625475,
      "fcf_margin_change": -0.21793240290801585
    },
    {
      "date": "2024-12-31T00:00:00",
      "quarter_label": "2024-12 (Q4)",
      "revenue": 395900000,
      "gross_profit": null,
      "operating_income": 243000000,
      "net_income": 70400000,
      "opex": 152900000,
      "cogs": null,
      "rd": null,
      "sga": null,
      "fcf": 163400000,
      "ocf": 258500000,
      "capex": -95100000,
      "gross_margin": null,
      "op_margin": 0.6137913614549129,
      "fcf_margin": 0.41273048749684266,
      "incr_op_margin_yoy": 0.8350253807106599,
      "rev_growth_yoy": 0.11051893408134643,
      "rev_growth_yoy_accel": 0.06810637555752379,
      "op_leverage_ratio": 1.1063169976395175,
      "fcf_margin_change": 0.06240023650608967
    },
    {
      "date": "2025-03-31T00:00:00",
      "quarter_label": "2025-03 (Q1)",
      "revenue": 382000000,
      "gross_profit": null,
      "operating_income": 237400000,
      "net_income": 71600000,
      "opex": 144600000,
      "cogs": null,
      "rd": null,
      "sga": null,
      "fcf": 156900000,
      "ocf": 202400000,
      "capex": -45500000,
      "gross_margin": null,
      "op_margin": 0.6214659685863875,
      "fcf_margin": 0.4107329842931937,
      "incr_op_margin_yoy": 0.5833333333333334,
      "rev_growth_yoy": 0.07424071991001124,
      "rev_growth_yoy_accel": -0.036278214171335185,
      "fcf_margin_change": -0.0019975032036489426
    },
    {
      "date": "2025-06-30T00:00:00",
      "quarter_label": "2025-06 (Q2)",
      "revenue": 414200000,
      "gross_profit": null,
      "operating_income": 260200000,
      "net_income": 90300000,
      "opex": 154000000,
      "cogs": null,
      "rd": null,
      "sga": null,
      "fcf": 213500000,
      "ocf": 276900000,
      "capex": -63400000,
      "gross_margin": null,
      "op_margin": 0.6281989377112506,
      "fcf_margin": 0.5154514727184935,
      "incr_op_margin_yoy": 0.7782340862422998,
      "rev_growth_yoy": 0.1332421340629275,
      "rev_growth_yoy_accel": 0.059001414152916265,
      "op_leverage_ratio": 1.2966804054806729,
      "fcf_margin_change": 0.10471848842529974
    },
    {
      "date": "2025-09-30T00:00:00",
      "quarter_label": "2025-09 (Q3)",
      "revenue": 420900000,
      "gross_profit": null,
      "operating_income": 258900000,
      "net_income": 97700000,
      "opex": 162000000,
      "cogs": null,
      "rd": null,
      "sga": null,
      "fcf": 178900000,
      "ocf": 258900000,
      "capex": -80000000,
      "gross_margin": null,
      "op_margin": 0.6151104775481112,
      "fcf_margin": 0.4250415775718698,
      "incr_op_margin_yoy": 0.6415094339622641,
      "rev_growth_yoy": 0.11202113606340819,
      "rev_growth_yoy_accel": -0.02122099799951932,
      "op_leverage_ratio": 0.3113833896668276,
      "fcf_margin_change": -0.09040989514662368
    }
  ],
  "signals": [
    {
      "quarter": "2025-06 (Q2)",
      "signal": "FCF MARGIN EXPANSION",
      "detail": "FCF margin: +41.1% -> +51.5% (+10.5%)",
      "severity": "MEDIUM"
    },
    {
      "quarter": "2025-06 (Q2)",
      "signal": "YoY REVENUE GROWTH ACCELERATION",
      "detail": "YoY growth: +13.3% vs prior quarter YoY: +7.4% (accel: +5.9%)",
      "severity": "MEDIUM"
    },
    {
      "quarter": "2025-06 (Q2)",
      "signal": "INCREMENTAL MARGIN (YoY)",
      "detail": "YoY Incr OPM: +77.8% vs year-ago OPM: +60.8%",
      "severity": "MEDIUM"
    },
    {
      "quarter": "2024-12 (Q4)",
      "signal": "FCF MARGIN EXPANSION",
      "detail": "FCF margin: +35.0% -> +41.3% (+6.2%)",
      "severity": "MEDIUM"
    },
    {
      "quarter": "2024-12 (Q4)",
      "signal": "YoY REVENUE GROWTH ACCELERATION",
      "detail": "YoY growth: +11.1% vs prior quarter YoY: +4.2% (accel: +6.8%)",
      "severity": "MEDIUM"
    },
    {
      "quarter": "2024-12 (Q4)",
      "signal": "INCREMENTAL MARGIN (YoY)",
      "detail": "YoY Incr OPM: +83.5% vs year-ago OPM: +58.9%",
      "severity": "HIGH"
    },
    {
      "quarter": "2024-09 (Q3)",
      "signal": "YoY REVENUE GROWTH DECELERATION",
      "detail": "YoY growth: +4.2% vs prior quarter YoY: +12.8% (decel: -8.6%)",
      "severity": "WARNING"
    },
    {
      "quarter": "2024-09 (Q3)",
      "signal": "INCREMENTAL MARGIN (YoY)",
      "detail": "YoY Incr OPM: +76.0% vs year-ago OPM: +60.6%",
      "severity": "MEDIUM"
    },
    {
      "quarter": "2024-06 (Q2)",
      "signal": "FCF MARGIN EXPANSION",
      "detail": "FCF margin: +36.7% -> +56.8% (+20.1%)",
      "severity": "MEDIUM"
    },
    {
      "quarter": "2023-12 (Q4)",
      "signal": "FCF MARGIN EXPANSION",
      "detail": "FCF margin: +44.8% -> +51.6% (+6.8%)",
      "severity": "MEDIUM"
    },
    {
      "quarter": "2023-09 (Q3)",
      "signal": "YoY REVENUE GROWTH ACCELERATION",
      "detail": "YoY growth: +8.5% vs prior quarter YoY: +3.4% (accel: +5.1%)",
      "severity": "MEDIUM"
    },
    {
      "quarter": "2023-06 (Q2)",
      "signal": "FCF MARGIN EXPANSION",
      "detail": "FCF margin: +44.1% -> +49.9% (+5.8%)",
      "severity": "MEDIUM"
    },
    {
      "quarter": "2023-06 (Q2)",
      "signal": "YoY REVENUE GROWTH ACCELERATION",
      "detail": "YoY growth: +3.4% vs prior quarter YoY: -2.4% (accel: +5.8%)",
      "severity": "MEDIUM"
    },
    {
      "quarter": "2023-03 (Q1)",
      "signal": "INCREMENTAL MARGIN (YoY)",
      "detail": "YoY Incr OPM: +91.9% vs year-ago OPM: +62.6%",
      "severity": "HIGH"
    },
    {
      "quarter": "2022-12 (Q4)",
      "signal": "YoY REVENUE GROWTH DECELERATION",
      "detail": "YoY growth: -0.5% vs prior quarter YoY: +10.2% (decel: -10.7%)",
      "severity": "WARNING"
    },
    {
      "quarter": "2022-12 (Q4)",
      "signal": "INCREMENTAL MARGIN (YoY)",
      "detail": "YoY Incr OPM: +205.9% vs year-ago OPM: +63.2%",
      "severity": "HIGH"
    },
    {
      "quarter": "2022-09 (Q3)",
      "signal": "INCREMENTAL MARGIN (YoY)",
      "detail": "YoY Incr OPM: +145.0% vs year-ago OPM: +52.4%",
      "severity": "HIGH"
    },
    {
      "quarter": "2022-06 (Q2)",
      "signal": "FCF MARGIN EXPANSION",
      "detail": "FCF margin: +43.5% -> +50.2% (+6.7%)",
      "severity": "MEDIUM"
    },
    {
      "quarter": "2022-03 (Q1)",
      "signal": "YoY REVENUE GROWTH DECELERATION",
      "detail": "YoY growth: +8.2% vs prior quarter YoY: +18.7% (decel: -10.5%)",
      "severity": "WARNING"
    },
    {
      "quarter": "2021-12 (Q4)",
      "signal": "FCF MARGIN EXPANSION",
      "detail": "FCF margin: +37.7% -> +57.0% (+19.3%)",
      "severity": "MEDIUM"
    },
    {
      "quarter": "2021-12 (Q4)",
      "signal": "INCREMENTAL MARGIN (YoY)",
      "detail": "YoY Incr OPM: +90.8% vs year-ago OPM: +58.0%",
      "severity": "HIGH"
    },
    {
      "quarter": "2021-06 (Q2)",
      "signal": "FCF MARGIN EXPANSION",
      "detail": "FCF margin: +48.0% -> +67.4% (+19.3%)",
      "severity": "MEDIUM"
    }
  ],
  "data_quality": {
    "n_quarters": 20,
    "coverage": {
      "revenue": [
        20,
        20
      ],
      "gross_profit": [
        0,
        20
      ],
      "op_income": [
        20,
        20
      ],
      "fcf": [
        20,
        20
      ]
    },
    "gaps": [],
    "warnings": [
      "gross_profit: no data"
    ]
  },
  "market_cap": null,
  "source": "SEC EDGAR",
  "last_updated": "2026-02-02T20:48:25.489174"
}