{
  "ticker": "HGBL",
  "name": "Heritage Global Inc.",
  "quarters": [
    {
      "date": "2020-12-31T00:00:00",
      "quarter_label": "2020-12 (Q4)",
      "revenue": 8256000,
      "gross_profit": null,
      "operating_income": 3329000,
      "net_income": 6317000,
      "opex": 8430000,
      "cogs": null,
      "rd": null,
      "sga": 3933000,
      "fcf": 6341000,
      "ocf": 6342000,
      "capex": -1000,
      "gross_margin": null,
      "op_margin": 0.4032218992248062,
      "fcf_margin": 0.768047480620155
    },
    {
      "date": "2021-03-31T00:00:00",
      "quarter_label": "2021-03 (Q1)",
      "revenue": 7101000,
      "gross_profit": null,
      "operating_income": 1046000,
      "net_income": 1032000,
      "opex": 6055000,
      "cogs": null,
      "rd": null,
      "sga": 3969000,
      "fcf": -5850000,
      "ocf": -5827000,
      "capex": -23000,
      "gross_margin": null,
      "op_margin": 0.14730319673285452,
      "fcf_margin": -0.8238276299112801,
      "fcf_margin_change": -1.591875110531435
    },
    {
      "date": "2021-06-30T00:00:00",
      "quarter_label": "2021-06 (Q2)",
      "revenue": 5176000,
      "gross_profit": null,
      "operating_income": 73000,
      "net_income": 587000,
      "opex": 5104000,
      "cogs": null,
      "rd": null,
      "sga": 3671000,
      "fcf": 1527000,
      "ocf": 1537000,
      "capex": -10000,
      "gross_margin": null,
      "op_margin": 0.01410355486862442,
      "fcf_margin": 0.29501545595054096,
      "fcf_margin_change": 1.118843085861821
    },
    {
      "date": "2021-09-30T00:00:00",
      "quarter_label": "2021-09 (Q3)",
      "revenue": 5991000,
      "gross_profit": null,
      "operating_income": 533000,
      "net_income": 474000,
      "opex": 5374000,
      "cogs": null,
      "rd": null,
      "sga": 3494000,
      "fcf": -1226000,
      "ocf": 164000,
      "capex": -1390000,
      "gross_margin": null,
      "op_margin": 0.08896678350859623,
      "fcf_margin": -0.20464029377399431,
      "op_leverage_ratio": 2.9765298528822486,
      "fcf_margin_change": -0.4996557497245353
    },
    {
      "date": "2021-12-31T00:00:00",
      "quarter_label": "2021-12 (Q4)",
      "revenue": 7524000,
      "gross_profit": null,
      "operating_income": 1362000,
      "net_income": 960000,
      "opex": 6166000,
      "cogs": null,
      "rd": null,
      "sga": 3677000,
      "fcf": 1493000,
      "ocf": 1495000,
      "capex": -2000,
      "gross_margin": null,
      "op_margin": 0.1810207336523126,
      "fcf_margin": 0.19843168527379054,
      "rev_growth_yoy": -0.08866279069767442,
      "op_leverage_ratio": 1.7362622216152512,
      "fcf_margin_change": 0.40307197904778486
    },
    {
      "date": "2022-03-31T00:00:00",
      "quarter_label": "2022-03 (Q1)",
      "revenue": 9357000,
      "gross_profit": null,
      "operating_income": 875000,
      "net_income": 645000,
      "opex": 8564000,
      "cogs": null,
      "rd": null,
      "sga": 4275000,
      "fcf": 3081000,
      "ocf": 3093000,
      "capex": -12000,
      "gross_margin": null,
      "op_margin": 0.09351287805920701,
      "fcf_margin": 0.32927220262904777,
      "incr_op_margin_yoy": -0.07579787234042554,
      "rev_growth_yoy": 0.3177017321504014,
      "rev_growth_yoy_accel": 0.4063645228480758,
      "op_leverage_ratio": 0.62642346825438,
      "fcf_margin_change": 0.13084051735525723
    },
    {
      "date": "2022-06-30T00:00:00",
      "quarter_label": "2022-06 (Q2)",
      "revenue": 11065000,
      "gross_profit": null,
      "operating_income": 3624000,
      "net_income": 2578000,
      "opex": 11613000,
      "cogs": null,
      "rd": null,
      "sga": 4939000,
      "fcf": -2001000,
      "ocf": -1974000,
      "capex": -27000,
      "gross_margin": null,
      "op_margin": 0.32751920469950296,
      "fcf_margin": -0.18084048802530503,
      "incr_op_margin_yoy": 0.6029886228561725,
      "rev_growth_yoy": 1.1377511591962906,
      "rev_growth_yoy_accel": 0.8200494270458891,
      "op_leverage_ratio": 0.5127084452569837,
      "fcf_margin_change": -0.5101126906543528
    },
    {
      "date": "2022-09-30T00:00:00",
      "quarter_label": "2022-09 (Q3)",
      "revenue": 12661000,
      "gross_profit": null,
      "operating_income": 3474000,
      "net_income": 2300000,
      "opex": 10893000,
      "cogs": null,
      "rd": null,
      "sga": 5693000,
      "fcf": 1397000,
      "ocf": 1452000,
      "capex": -55000,
      "gross_margin": null,
      "op_margin": 0.2743859094858226,
      "fcf_margin": 0.1103388357949609,
      "incr_op_margin_yoy": 0.4409295352323838,
      "rev_growth_yoy": 1.113336671674178,
      "rev_growth_yoy_accel": -0.024414487522112616,
      "op_leverage_ratio": Infinity,
      "fcf_margin_change": 0.2911793238202659
    },
    {
      "date": "2022-12-31T00:00:00",
      "quarter_label": "2022-12 (Q4)",
      "revenue": 13831000,
      "gross_profit": null,
      "operating_income": 3147000,
      "net_income": 9970000,
      "opex": 11702000,
      "cogs": null,
      "rd": null,
      "sga": 6419000,
      "fcf": 3791000,
      "ocf": 3912000,
      "capex": -121000,
      "gross_margin": null,
      "op_margin": 0.22753235485503578,
      "fcf_margin": 0.2740944255657581,
      "incr_op_margin_yoy": 0.2830188679245283,
      "rev_growth_yoy": 0.8382509303561935,
      "rev_growth_yoy_accel": -0.27508574131798447,
      "op_leverage_ratio": 1.2442763168364273,
      "fcf_margin_change": 0.16375558977079718
    },
    {
      "date": "2023-03-31T00:00:00",
      "quarter_label": "2023-03 (Q1)",
      "revenue": 16612000,
      "gross_profit": null,
      "operating_income": 3894000,
      "net_income": 2829000,
      "opex": 13095000,
      "cogs": null,
      "rd": null,
      "sga": 6300000,
      "fcf": 8856000,
      "ocf": 8945000,
      "capex": -89000,
      "gross_margin": null,
      "op_margin": 0.23440886106429087,
      "fcf_margin": 0.5331085961955213,
      "incr_op_margin_yoy": 0.41612680909717437,
      "rev_growth_yoy": 0.7753553489366249,
      "rev_growth_yoy_accel": -0.06289558141956852,
      "op_leverage_ratio": 1.6891039786349245,
      "fcf_margin_change": 0.25901417062976323
    },
    {
      "date": "2023-06-30T00:00:00",
      "quarter_label": "2023-06 (Q2)",
      "revenue": 13098000,
      "gross_profit": null,
      "operating_income": 3101000,
      "net_income": 2779000,
      "opex": 10303000,
      "cogs": null,
      "rd": null,
      "sga": 6440000,
      "fcf": -2413000,
      "ocf": -2282000,
      "capex": -131000,
      "gross_margin": null,
      "op_margin": 0.23675370285539776,
      "fcf_margin": -0.18422659948083678,
      "incr_op_margin_yoy": -0.2572552877520905,
      "rev_growth_yoy": 0.18373248983280616,
      "rev_growth_yoy_accel": -0.5916228591038188,
      "fcf_margin_change": -0.7173351956763581
    },
    {
      "date": "2023-09-30T00:00:00",
      "quarter_label": "2023-09 (Q3)",
      "revenue": 15551000,
      "gross_profit": null,
      "operating_income": 2769000,
      "net_income": 1977000,
      "opex": 12774000,
      "cogs": null,
      "rd": null,
      "sga": 6806000,
      "fcf": 5895000,
      "ocf": 5912000,
      "capex": -17000,
      "gross_margin": null,
      "op_margin": 0.17805928879171756,
      "fcf_margin": 0.3790753006237541,
      "incr_op_margin_yoy": -0.24394463667820068,
      "rev_growth_yoy": 0.2282600110575784,
      "rev_growth_yoy_accel": 0.04452752122477224,
      "op_leverage_ratio": 0.7808785917250891,
      "fcf_margin_change": 0.5633019001045909
    },
    {
      "date": "2023-12-31T00:00:00",
      "quarter_label": "2023-12 (Q4)",
      "revenue": 15284000,
      "gross_profit": null,
      "operating_income": 4555000,
      "net_income": 4890000,
      "opex": 11113000,
      "cogs": null,
      "rd": null,
      "sga": 6494000,
      "fcf": 426000,
      "ocf": 446000,
      "capex": -20000,
      "gross_margin": null,
      "op_margin": 0.2980240774666318,
      "fcf_margin": 0.02787228474221408,
      "incr_op_margin_yoy": 0.969029593943565,
      "rev_growth_yoy": 0.10505386450726628,
      "rev_growth_yoy_accel": -0.12320614655031212,
      "fcf_margin_change": -0.35120301588154
    },
    {
      "date": "2024-03-31T00:00:00",
      "quarter_label": "2024-03 (Q1)",
      "revenue": 12161000,
      "gross_profit": null,
      "operating_income": 2558000,
      "net_income": 1799000,
      "opex": 10390000,
      "cogs": null,
      "rd": null,
      "sga": 6358000,
      "fcf": 1654000,
      "ocf": 1676000,
      "capex": -22000,
      "gross_margin": null,
      "op_margin": 0.21034454403420771,
      "fcf_margin": 0.13600855192829536,
      "incr_op_margin_yoy": 0.30015726802965625,
      "rev_growth_yoy": -0.2679388393932097,
      "rev_growth_yoy_accel": -0.372992703900476,
      "fcf_margin_change": 0.10813626718608128
    },
    {
      "date": "2024-06-30T00:00:00",
      "quarter_label": "2024-06 (Q2)",
      "revenue": 12023000,
      "gross_profit": null,
      "operating_income": 3544000,
      "net_income": 2497000,
      "opex": 10214000,
      "cogs": null,
      "rd": null,
      "sga": 6346000,
      "fcf": 5977000,
      "ocf": 6054000,
      "capex": -77000,
      "gross_margin": null,
      "op_margin": 0.29476836064210266,
      "fcf_margin": 0.4971304998752391,
      "incr_op_margin_yoy": -0.41209302325581393,
      "rev_growth_yoy": -0.08207359902275156,
      "rev_growth_yoy_accel": 0.18586524037045815,
      "fcf_margin_change": 0.36112194794694374
    },
    {
      "date": "2024-09-30T00:00:00",
      "quarter_label": "2024-09 (Q3)",
      "revenue": 10410000,
      "gross_profit": null,
      "operating_income": 1479000,
      "net_income": 1089000,
      "opex": 9031000,
      "cogs": null,
      "rd": null,
      "sga": 5686000,
      "fcf": 5489000,
      "ocf": 5524000,
      "capex": -35000,
      "gross_margin": null,
      "op_margin": 0.14207492795389048,
      "fcf_margin": 0.5272814601344861,
      "incr_op_margin_yoy": 0.2509239447578292,
      "rev_growth_yoy": -0.33058967268985917,
      "rev_growth_yoy_accel": -0.2485160736671076,
      "fcf_margin_change": 0.03015096025924696
    },
    {
      "date": "2024-12-31T00:00:00",
      "quarter_label": "2024-12 (Q4)",
      "revenue": 10767000,
      "gross_profit": null,
      "operating_income": 1485000,
      "net_income": -203000,
      "opex": 9348000,
      "cogs": null,
      "rd": null,
      "sga": 5876000,
      "fcf": -5512000,
      "ocf": -5509000,
      "capex": -3000,
      "gross_margin": null,
      "op_margin": 0.1379214265812204,
      "fcf_margin": -0.5119346150273986,
      "incr_op_margin_yoy": 0.6796546380340934,
      "rev_growth_yoy": -0.2955378173253075,
      "rev_growth_yoy_accel": 0.03505185536455169,
      "op_leverage_ratio": 0.9769988818080163,
      "fcf_margin_change": -1.0392160751618846
    },
    {
      "date": "2025-03-31T00:00:00",
      "quarter_label": "2025-03 (Q1)",
      "revenue": 13459000,
      "gross_profit": null,
      "operating_income": 1403000,
      "net_income": 1064000,
      "opex": 12100000,
      "cogs": null,
      "rd": null,
      "sga": 6534000,
      "fcf": -4791000,
      "ocf": 2617000,
      "capex": -7408000,
      "gross_margin": null,
      "op_margin": 0.10424251430269708,
      "fcf_margin": -0.35596998291106324,
      "incr_op_margin_yoy": -0.8898305084745762,
      "rev_growth_yoy": 0.10673464353260423,
      "rev_growth_yoy_accel": 0.4022724608579117,
      "op_leverage_ratio": 0.8492794520725474,
      "fcf_margin_change": 0.15596463211633532
    },
    {
      "date": "2025-06-30T00:00:00",
      "quarter_label": "2025-06 (Q2)",
      "revenue": 14304000,
      "gross_profit": null,
      "operating_income": 2232000,
      "net_income": 1637000,
      "opex": 12151000,
      "cogs": null,
      "rd": null,
      "sga": 6140000,
      "fcf": 1720000,
      "ocf": 1879000,
      "capex": -159000,
      "gross_margin": null,
      "op_margin": 0.15604026845637584,
      "fcf_margin": 0.12024608501118568,
      "incr_op_margin_yoy": -0.5751863217886892,
      "rev_growth_yoy": 0.18971970390085668,
      "rev_growth_yoy_accel": 0.08298506036825246,
      "op_leverage_ratio": 14.895638023394218,
      "fcf_margin_change": 0.4762160679222489
    },
    {
      "date": "2025-09-30T00:00:00",
      "quarter_label": "2025-09 (Q3)",
      "revenue": 11360000,
      "gross_profit": null,
      "operating_income": 1301000,
      "net_income": 585000,
      "opex": 10148000,
      "cogs": null,
      "rd": null,
      "sga": 5968000,
      "fcf": -233000,
      "ocf": 61000,
      "capex": -294000,
      "gross_margin": null,
      "op_margin": 0.11452464788732394,
      "fcf_margin": -0.02051056338028169,
      "rev_growth_yoy": 0.09125840537944284,
      "rev_growth_yoy_accel": -0.09846129852141385,
      "fcf_margin_change": -0.14075664839146737
    }
  ],
  "signals": [
    {
      "quarter": "2025-09 (Q3)",
      "signal": "YoY REVENUE GROWTH DECELERATION",
      "detail": "YoY growth: +9.1% vs prior quarter YoY: +19.0% (decel: -9.8%)",
      "severity": "WARNING"
    },
    {
      "quarter": "2025-06 (Q2)",
      "signal": "FCF TURNED POSITIVE",
      "detail": "FCF margin: -35.6% -> +12.0%",
      "severity": "HIGH"
    },
    {
      "quarter": "2025-06 (Q2)",
      "signal": "OPERATING LEVERAGE",
      "detail": "Rev growth +6.3% vs OpEx growth +0.4% (leverage: 14.9x)",
      "severity": "MEDIUM"
    },
    {
      "quarter": "2025-06 (Q2)",
      "signal": "YoY REVENUE GROWTH ACCELERATION",
      "detail": "YoY growth: +19.0% vs prior quarter YoY: +10.7% (accel: +8.3%)",
      "severity": "MEDIUM"
    },
    {
      "quarter": "2025-03 (Q1)",
      "signal": "FCF MARGIN EXPANSION",
      "detail": "FCF margin: -51.2% -> -35.6% (+15.6%)",
      "severity": "MEDIUM"
    },
    {
      "quarter": "2025-03 (Q1)",
      "signal": "YoY REVENUE GROWTH ACCELERATION",
      "detail": "YoY growth: +10.7% vs prior quarter YoY: -29.6% (accel: +40.2%)",
      "severity": "HIGH"
    },
    {
      "quarter": "2024-12 (Q4)",
      "signal": "INCREMENTAL MARGIN (YoY)",
      "detail": "YoY Incr OPM: +68.0% vs year-ago OPM: +29.8%",
      "severity": "HIGH"
    },
    {
      "quarter": "2024-09 (Q3)",
      "signal": "YoY REVENUE GROWTH DECELERATION",
      "detail": "YoY growth: -33.1% vs prior quarter YoY: -8.2% (decel: -24.9%)",
      "severity": "WARNING"
    },
    {
      "quarter": "2024-06 (Q2)",
      "signal": "FCF MARGIN EXPANSION",
      "detail": "FCF margin: +13.6% -> +49.7% (+36.1%)",
      "severity": "MEDIUM"
    },
    {
      "quarter": "2024-06 (Q2)",
      "signal": "YoY REVENUE GROWTH ACCELERATION",
      "detail": "YoY growth: -8.2% vs prior quarter YoY: -26.8% (accel: +18.6%)",
      "severity": "HIGH"
    },
    {
      "quarter": "2024-03 (Q1)",
      "signal": "FCF MARGIN EXPANSION",
      "detail": "FCF margin: +2.8% -> +13.6% (+10.8%)",
      "severity": "MEDIUM"
    },
    {
      "quarter": "2024-03 (Q1)",
      "signal": "YoY REVENUE GROWTH DECELERATION",
      "detail": "YoY growth: -26.8% vs prior quarter YoY: +10.5% (decel: -37.3%)",
      "severity": "WARNING"
    },
    {
      "quarter": "2023-12 (Q4)",
      "signal": "YoY REVENUE GROWTH DECELERATION",
      "detail": "YoY growth: +10.5% vs prior quarter YoY: +22.8% (decel: -12.3%)",
      "severity": "WARNING"
    },
    {
      "quarter": "2023-12 (Q4)",
      "signal": "INCREMENTAL MARGIN (YoY)",
      "detail": "YoY Incr OPM: +96.9% vs year-ago OPM: +22.8%",
      "severity": "HIGH"
    },
    {
      "quarter": "2023-09 (Q3)",
      "signal": "FCF TURNED POSITIVE",
      "detail": "FCF margin: -18.4% -> +37.9%",
      "severity": "HIGH"
    },
    {
      "quarter": "2023-06 (Q2)",
      "signal": "YoY REVENUE GROWTH DECELERATION",
      "detail": "YoY growth: +18.4% vs prior quarter YoY: +77.5% (decel: -59.2%)",
      "severity": "WARNING"
    },
    {
      "quarter": "2023-03 (Q1)",
      "signal": "FCF MARGIN EXPANSION",
      "detail": "FCF margin: +27.4% -> +53.3% (+25.9%)",
      "severity": "MEDIUM"
    },
    {
      "quarter": "2023-03 (Q1)",
      "signal": "OPERATING LEVERAGE",
      "detail": "Rev growth +20.1% vs OpEx growth +11.9% (leverage: 1.7x)",
      "severity": "MEDIUM"
    },
    {
      "quarter": "2023-03 (Q1)",
      "signal": "YoY REVENUE GROWTH DECELERATION",
      "detail": "YoY growth: +77.5% vs prior quarter YoY: +83.8% (decel: -6.3%)",
      "severity": "WARNING"
    },
    {
      "quarter": "2023-03 (Q1)",
      "signal": "INCREMENTAL MARGIN (YoY)",
      "detail": "YoY Incr OPM: +41.6% vs year-ago OPM: +9.4%",
      "severity": "HIGH"
    },
    {
      "quarter": "2022-12 (Q4)",
      "signal": "FCF MARGIN EXPANSION",
      "detail": "FCF margin: +11.0% -> +27.4% (+16.4%)",
      "severity": "MEDIUM"
    },
    {
      "quarter": "2022-12 (Q4)",
      "signal": "YoY REVENUE GROWTH DECELERATION",
      "detail": "YoY growth: +83.8% vs prior quarter YoY: +111.3% (decel: -27.5%)",
      "severity": "WARNING"
    },
    {
      "quarter": "2022-12 (Q4)",
      "signal": "INCREMENTAL MARGIN (YoY)",
      "detail": "YoY Incr OPM: +28.3% vs year-ago OPM: +18.1%",
      "severity": "MEDIUM"
    },
    {
      "quarter": "2022-09 (Q3)",
      "signal": "FCF TURNED POSITIVE",
      "detail": "FCF margin: -18.1% -> +11.0%",
      "severity": "HIGH"
    },
    {
      "quarter": "2022-09 (Q3)",
      "signal": "INCREMENTAL MARGIN (YoY)",
      "detail": "YoY Incr OPM: +44.1% vs year-ago OPM: +8.9%",
      "severity": "HIGH"
    },
    {
      "quarter": "2022-06 (Q2)",
      "signal": "YoY REVENUE GROWTH ACCELERATION",
      "detail": "YoY growth: +113.8% vs prior quarter YoY: +31.8% (accel: +82.0%)",
      "severity": "HIGH"
    },
    {
      "quarter": "2022-06 (Q2)",
      "signal": "INCREMENTAL MARGIN (YoY)",
      "detail": "YoY Incr OPM: +60.3% vs year-ago OPM: +1.4%",
      "severity": "HIGH"
    },
    {
      "quarter": "2022-03 (Q1)",
      "signal": "FCF MARGIN EXPANSION",
      "detail": "FCF margin: +19.8% -> +32.9% (+13.1%)",
      "severity": "MEDIUM"
    },
    {
      "quarter": "2022-03 (Q1)",
      "signal": "YoY REVENUE GROWTH ACCELERATION",
      "detail": "YoY growth: +31.8% vs prior quarter YoY: -8.9% (accel: +40.6%)",
      "severity": "HIGH"
    },
    {
      "quarter": "2021-12 (Q4)",
      "signal": "FCF TURNED POSITIVE",
      "detail": "FCF margin: -20.5% -> +19.8%",
      "severity": "HIGH"
    },
    {
      "quarter": "2021-12 (Q4)",
      "signal": "OPERATING LEVERAGE",
      "detail": "Rev growth +25.6% vs OpEx growth +14.7% (leverage: 1.7x)",
      "severity": "MEDIUM"
    },
    {
      "quarter": "2021-09 (Q3)",
      "signal": "OPERATING LEVERAGE",
      "detail": "Rev growth +15.7% vs OpEx growth +5.3% (leverage: 3.0x)",
      "severity": "MEDIUM"
    },
    {
      "quarter": "2021-06 (Q2)",
      "signal": "FCF TURNED POSITIVE",
      "detail": "FCF margin: -82.4% -> +29.5%",
      "severity": "HIGH"
    }
  ],
  "data_quality": {
    "n_quarters": 20,
    "coverage": {
      "revenue": [
        20,
        20
      ],
      "gross_profit": [
        0,
        20
      ],
      "op_income": [
        20,
        20
      ],
      "fcf": [
        20,
        20
      ]
    },
    "gaps": [],
    "warnings": [
      "gross_profit: no data"
    ]
  },
  "market_cap": null,
  "source": "SEC EDGAR",
  "last_updated": "2026-02-02T23:40:31.681936",
  "sector": "Financial Services",
  "industry": "Capital Markets"
}