{
  "ticker": "HGTY",
  "name": "HAGERTY, INC.",
  "quarters": [
    {
      "date": "2020-12-31T00:00:00",
      "quarter_label": "2020-12 (Q4)",
      "revenue": 121446000,
      "gross_profit": null,
      "operating_income": -10074000,
      "net_income": null,
      "opex": null,
      "cogs": null,
      "rd": null,
      "sga": null,
      "fcf": null,
      "ocf": null,
      "capex": null,
      "gross_margin": null,
      "op_margin": -0.08295044711229682,
      "fcf_margin": null
    },
    {
      "date": "2021-03-31T00:00:00",
      "quarter_label": "2021-03 (Q1)",
      "revenue": 129200000,
      "gross_profit": null,
      "operating_income": -5096000,
      "net_income": -1140,
      "opex": null,
      "cogs": null,
      "rd": null,
      "sga": null,
      "fcf": 20997000,
      "ocf": 20997000,
      "capex": null,
      "gross_margin": null,
      "op_margin": -0.039442724458204334,
      "fcf_margin": 0.162515479876161
    },
    {
      "date": "2021-06-30T00:00:00",
      "quarter_label": "2021-06 (Q2)",
      "revenue": 167409000,
      "gross_profit": null,
      "operating_income": -278610,
      "net_income": -1604362,
      "opex": null,
      "cogs": null,
      "rd": null,
      "sga": null,
      "fcf": 47077000,
      "ocf": 47077000,
      "capex": null,
      "gross_margin": null,
      "op_margin": -0.001664247441893805,
      "fcf_margin": 0.2812094929185408,
      "fcf_margin_change": 0.11869401304237981
    },
    {
      "date": "2021-09-30T00:00:00",
      "quarter_label": "2021-09 (Q3)",
      "revenue": 168086000,
      "gross_profit": null,
      "operating_income": -1191550,
      "net_income": -8960156,
      "opex": null,
      "cogs": null,
      "rd": null,
      "sga": null,
      "fcf": 17285000,
      "ocf": 17285000,
      "capex": null,
      "gross_margin": null,
      "op_margin": -0.007088930666444558,
      "fcf_margin": 0.1028342634127768,
      "fcf_margin_change": -0.178375229505764
    },
    {
      "date": "2021-12-31T00:00:00",
      "quarter_label": "2021-12 (Q4)",
      "revenue": 154384000,
      "gross_profit": null,
      "operating_income": -21006000,
      "net_income": -35792342,
      "opex": null,
      "cogs": null,
      "rd": null,
      "sga": null,
      "fcf": -43078000,
      "ocf": -43078000,
      "capex": null,
      "gross_margin": null,
      "op_margin": -0.13606332262410611,
      "fcf_margin": -0.27903150585552905,
      "incr_op_margin_yoy": -0.3318962899993928,
      "rev_growth_yoy": 0.2712151902903348,
      "fcf_margin_change": -0.38186576926830584
    },
    {
      "date": "2022-03-31T00:00:00",
      "quarter_label": "2022-03 (Q1)",
      "revenue": 167811000,
      "gross_profit": null,
      "operating_income": -13004000,
      "net_income": 27507000,
      "opex": null,
      "cogs": null,
      "rd": null,
      "sga": null,
      "fcf": 9014000,
      "ocf": 9014000,
      "capex": null,
      "gross_margin": null,
      "op_margin": -0.07749194033764176,
      "fcf_margin": 0.053715191495194,
      "incr_op_margin_yoy": -0.20481210017870555,
      "rev_growth_yoy": 0.2988467492260062,
      "rev_growth_yoy_accel": 0.027631558935671374,
      "fcf_margin_change": 0.33274669735072304
    },
    {
      "date": "2022-06-30T00:00:00",
      "quarter_label": "2022-06 (Q2)",
      "revenue": 206017000,
      "gross_profit": null,
      "operating_income": 2387000,
      "net_income": -5536000,
      "opex": null,
      "cogs": null,
      "rd": null,
      "sga": null,
      "fcf": 50911000,
      "ocf": 50911000,
      "capex": null,
      "gross_margin": null,
      "op_margin": 0.011586422479698277,
      "fcf_margin": 0.24712038326934185,
      "incr_op_margin_yoy": 0.06904294446746788,
      "rev_growth_yoy": 0.2306208148904778,
      "rev_growth_yoy_accel": -0.06822593433552837,
      "fcf_margin_change": 0.19340519177414786
    },
    {
      "date": "2022-09-30T00:00:00",
      "quarter_label": "2022-09 (Q3)",
      "revenue": 216757000,
      "gross_profit": null,
      "operating_income": -21223000,
      "net_income": 14714000,
      "opex": null,
      "cogs": null,
      "rd": null,
      "sga": null,
      "fcf": 33638000,
      "ocf": 33638000,
      "capex": null,
      "gross_margin": null,
      "op_margin": -0.0979114861342425,
      "fcf_margin": 0.15518760639794793,
      "incr_op_margin_yoy": -0.4115684904768753,
      "rev_growth_yoy": 0.2895601061361446,
      "rev_growth_yoy_accel": 0.05893929124566677,
      "fcf_margin_change": -0.09193277687139392
    },
    {
      "date": "2022-12-31T00:00:00",
      "quarter_label": "2022-12 (Q4)",
      "revenue": 197003000,
      "gross_profit": null,
      "operating_income": -35726000,
      "net_income": -4607000,
      "opex": null,
      "cogs": null,
      "rd": null,
      "sga": null,
      "fcf": -38235000,
      "ocf": -38235000,
      "capex": null,
      "gross_margin": null,
      "op_margin": -0.18134749217017,
      "fcf_margin": -0.19408333883240356,
      "incr_op_margin_yoy": -0.3453858607663249,
      "rev_growth_yoy": 0.27605839983417974,
      "rev_growth_yoy_accel": -0.013501706301964844,
      "fcf_margin_change": -0.3492709452303515
    },
    {
      "date": "2023-03-31T00:00:00",
      "quarter_label": "2023-03 (Q1)",
      "revenue": 218352000,
      "gross_profit": null,
      "operating_income": -16489000,
      "net_income": -2099000,
      "opex": null,
      "cogs": null,
      "rd": null,
      "sga": null,
      "fcf": 11728000,
      "ocf": 11728000,
      "capex": null,
      "gross_margin": null,
      "op_margin": -0.07551568110207371,
      "fcf_margin": 0.053711438411372464,
      "incr_op_margin_yoy": -0.06895391860073999,
      "rev_growth_yoy": 0.3011781110892611,
      "rev_growth_yoy_accel": 0.02511971125508139,
      "fcf_margin_change": 0.24779477724377602
    },
    {
      "date": "2023-06-30T00:00:00",
      "quarter_label": "2023-06 (Q2)",
      "revenue": 261244000,
      "gross_profit": null,
      "operating_income": 17253000,
      "net_income": 2405000,
      "opex": null,
      "cogs": null,
      "rd": null,
      "sga": null,
      "fcf": 58829000,
      "ocf": 58829000,
      "capex": null,
      "gross_margin": null,
      "op_margin": 0.06604170813492367,
      "fcf_margin": 0.2251879469002159,
      "incr_op_margin_yoy": 0.26917993010665076,
      "rev_growth_yoy": 0.2680701107190183,
      "rev_growth_yoy_accel": -0.03310800037024281,
      "fcf_margin_change": 0.17147650848884344
    },
    {
      "date": "2023-09-30T00:00:00",
      "quarter_label": "2023-09 (Q3)",
      "revenue": 275574000,
      "gross_profit": null,
      "operating_income": 16117000,
      "net_income": null,
      "opex": null,
      "cogs": null,
      "rd": null,
      "sga": null,
      "fcf": 61664000,
      "ocf": 61664000,
      "capex": null,
      "gross_margin": null,
      "op_margin": 0.058485198168187126,
      "fcf_margin": 0.223765667298076,
      "incr_op_margin_yoy": 0.6348504684019927,
      "rev_growth_yoy": 0.27134994486913916,
      "rev_growth_yoy_accel": 0.0032798341501208417,
      "fcf_margin_change": -0.001422279602139892
    },
    {
      "date": "2023-12-31T00:00:00",
      "quarter_label": "2023-12 (Q4)",
      "revenue": 245043000,
      "gross_profit": null,
      "operating_income": -6473000,
      "net_income": null,
      "opex": null,
      "cogs": null,
      "rd": null,
      "sga": null,
      "fcf": 1485000,
      "ocf": 1485000,
      "capex": null,
      "gross_margin": null,
      "op_margin": -0.026415771925743646,
      "fcf_margin": 0.006060160869724905,
      "incr_op_margin_yoy": 0.6089300582847627,
      "rev_growth_yoy": 0.24385415450526135,
      "rev_growth_yoy_accel": -0.02749579036387781,
      "fcf_margin_change": -0.2177055064283511
    },
    {
      "date": "2024-03-31T00:00:00",
      "quarter_label": "2024-03 (Q1)",
      "revenue": 271708000,
      "gross_profit": null,
      "operating_income": 12224000,
      "net_income": null,
      "opex": null,
      "cogs": null,
      "rd": null,
      "sga": null,
      "fcf": 58238000,
      "ocf": 58238000,
      "capex": null,
      "gross_margin": null,
      "op_margin": 0.04498947399414077,
      "fcf_margin": 0.21434039483563236,
      "incr_op_margin_yoy": 0.5381400404827948,
      "rev_growth_yoy": 0.2443577343005789,
      "rev_growth_yoy_accel": 0.000503579795317538,
      "fcf_margin_change": 0.20828023396590745
    },
    {
      "date": "2024-06-30T00:00:00",
      "quarter_label": "2024-06 (Q2)",
      "revenue": 313225000,
      "gross_profit": null,
      "operating_income": 38067000,
      "net_income": null,
      "opex": null,
      "cogs": null,
      "rd": null,
      "sga": null,
      "fcf": 64017000,
      "ocf": 64017000,
      "capex": null,
      "gross_margin": null,
      "op_margin": 0.12153244472823051,
      "fcf_margin": 0.2043802378481922,
      "incr_op_margin_yoy": 0.40041553644600913,
      "rev_growth_yoy": 0.1989749046868062,
      "rev_growth_yoy_accel": -0.045382829613772685,
      "fcf_margin_change": -0.009960156987440155
    },
    {
      "date": "2024-09-30T00:00:00",
      "quarter_label": "2024-09 (Q3)",
      "revenue": 323374000,
      "gross_profit": null,
      "operating_income": 10089000,
      "net_income": null,
      "opex": null,
      "cogs": null,
      "rd": null,
      "sga": null,
      "fcf": 67387000,
      "ocf": 67387000,
      "capex": null,
      "gross_margin": null,
      "op_margin": 0.03119916876434098,
      "fcf_margin": 0.20838719253867038,
      "incr_op_margin_yoy": -0.12610878661087865,
      "rev_growth_yoy": 0.17345613156538717,
      "rev_growth_yoy_accel": -0.025518773121419036,
      "fcf_margin_change": 0.004006954690478182
    },
    {
      "date": "2024-12-31T00:00:00",
      "quarter_label": "2024-12 (Q4)",
      "revenue": 291731000,
      "gross_profit": null,
      "operating_income": 6038000,
      "net_income": null,
      "opex": null,
      "cogs": null,
      "rd": null,
      "sga": null,
      "fcf": -12618000,
      "ocf": -12618000,
      "capex": null,
      "gross_margin": null,
      "op_margin": 0.020697149085973036,
      "fcf_margin": -0.04325217409188602,
      "incr_op_margin_yoy": 0.267970356408499,
      "rev_growth_yoy": 0.19052982537758678,
      "rev_growth_yoy_accel": 0.017073693812199614,
      "fcf_margin_change": -0.2516393666305564
    },
    {
      "date": "2025-03-31T00:00:00",
      "quarter_label": "2025-03 (Q1)",
      "revenue": 319593000,
      "gross_profit": null,
      "operating_income": 25728000,
      "net_income": null,
      "opex": null,
      "cogs": null,
      "rd": null,
      "sga": null,
      "fcf": 43830000,
      "ocf": 43830000,
      "capex": null,
      "gross_margin": null,
      "op_margin": 0.08050238897597882,
      "fcf_margin": 0.13714317898076617,
      "incr_op_margin_yoy": 0.2820089798475514,
      "rev_growth_yoy": 0.17623698970954113,
      "rev_growth_yoy_accel": -0.01429283566804565,
      "fcf_margin_change": 0.1803953530726522
    },
    {
      "date": "2025-06-30T00:00:00",
      "quarter_label": "2025-06 (Q2)",
      "revenue": 368699000,
      "gross_profit": null,
      "operating_income": 47699000,
      "net_income": null,
      "opex": null,
      "cogs": null,
      "rd": null,
      "sga": null,
      "fcf": 53884000,
      "ocf": 53884000,
      "capex": null,
      "gross_margin": null,
      "op_margin": 0.12937111302173318,
      "fcf_margin": 0.14614631447332377,
      "incr_op_margin_yoy": 0.1736308901467354,
      "rev_growth_yoy": 0.177105914278873,
      "rev_growth_yoy_accel": 0.0008689245693318803,
      "fcf_margin_change": 0.009003135492557601
    },
    {
      "date": "2025-09-30T00:00:00",
      "quarter_label": "2025-09 (Q3)",
      "revenue": 379994000,
      "gross_profit": null,
      "operating_income": 34317000,
      "net_income": null,
      "opex": null,
      "cogs": null,
      "rd": null,
      "sga": null,
      "fcf": 92171000,
      "ocf": 92171000,
      "capex": null,
      "gross_margin": null,
      "op_margin": 0.09030932067348432,
      "fcf_margin": 0.24255909303831114,
      "incr_op_margin_yoy": 0.42790533380430945,
      "rev_growth_yoy": 0.17509138025939006,
      "rev_growth_yoy_accel": -0.0020145340194829553,
      "fcf_margin_change": 0.09641277856498737
    }
  ],
  "signals": [
    {
      "quarter": "2025-09 (Q3)",
      "signal": "FCF MARGIN EXPANSION",
      "detail": "FCF margin: +14.6% -> +24.3% (+9.6%)",
      "severity": "MEDIUM"
    },
    {
      "quarter": "2025-09 (Q3)",
      "signal": "INCREMENTAL MARGIN (YoY)",
      "detail": "YoY Incr OPM: +42.8% vs year-ago OPM: +3.1%",
      "severity": "HIGH"
    },
    {
      "quarter": "2025-03 (Q1)",
      "signal": "FCF TURNED POSITIVE",
      "detail": "FCF margin: -4.3% -> +13.7%",
      "severity": "HIGH"
    },
    {
      "quarter": "2025-03 (Q1)",
      "signal": "INCREMENTAL MARGIN (YoY)",
      "detail": "YoY Incr OPM: +28.2% vs year-ago OPM: +4.5%",
      "severity": "HIGH"
    },
    {
      "quarter": "2024-12 (Q4)",
      "signal": "OP MARGIN TURNED POSITIVE (YoY)",
      "detail": "Op margin: -2.6% (year-ago) -> +2.1%",
      "severity": "HIGH"
    },
    {
      "quarter": "2024-06 (Q2)",
      "signal": "INCREMENTAL MARGIN (YoY)",
      "detail": "YoY Incr OPM: +40.0% vs year-ago OPM: +6.6%",
      "severity": "HIGH"
    },
    {
      "quarter": "2024-03 (Q1)",
      "signal": "FCF MARGIN EXPANSION",
      "detail": "FCF margin: +0.6% -> +21.4% (+20.8%)",
      "severity": "MEDIUM"
    },
    {
      "quarter": "2024-03 (Q1)",
      "signal": "OP MARGIN TURNED POSITIVE (YoY)",
      "detail": "Op margin: -7.6% (year-ago) -> +4.5%",
      "severity": "HIGH"
    },
    {
      "quarter": "2024-03 (Q1)",
      "signal": "OP MARGIN TURNED POSITIVE (QoQ)",
      "detail": "Op margin: -2.6% -> +4.5%",
      "severity": "HIGH"
    },
    {
      "quarter": "2023-09 (Q3)",
      "signal": "OP MARGIN TURNED POSITIVE (YoY)",
      "detail": "Op margin: -9.8% (year-ago) -> +5.8%",
      "severity": "HIGH"
    },
    {
      "quarter": "2023-06 (Q2)",
      "signal": "FCF MARGIN EXPANSION",
      "detail": "FCF margin: +5.4% -> +22.5% (+17.1%)",
      "severity": "MEDIUM"
    },
    {
      "quarter": "2023-06 (Q2)",
      "signal": "INCREMENTAL MARGIN (YoY)",
      "detail": "YoY Incr OPM: +26.9% vs year-ago OPM: +1.2%",
      "severity": "HIGH"
    },
    {
      "quarter": "2023-06 (Q2)",
      "signal": "OP MARGIN TURNED POSITIVE (QoQ)",
      "detail": "Op margin: -7.6% -> +6.6%",
      "severity": "HIGH"
    },
    {
      "quarter": "2023-03 (Q1)",
      "signal": "FCF TURNED POSITIVE",
      "detail": "FCF margin: -19.4% -> +5.4%",
      "severity": "HIGH"
    },
    {
      "quarter": "2022-09 (Q3)",
      "signal": "YoY REVENUE GROWTH ACCELERATION",
      "detail": "YoY growth: +29.0% vs prior quarter YoY: +23.1% (accel: +5.9%)",
      "severity": "MEDIUM"
    },
    {
      "quarter": "2022-06 (Q2)",
      "signal": "FCF MARGIN EXPANSION",
      "detail": "FCF margin: +5.4% -> +24.7% (+19.3%)",
      "severity": "MEDIUM"
    },
    {
      "quarter": "2022-06 (Q2)",
      "signal": "YoY REVENUE GROWTH DECELERATION",
      "detail": "YoY growth: +23.1% vs prior quarter YoY: +29.9% (decel: -6.8%)",
      "severity": "WARNING"
    },
    {
      "quarter": "2022-06 (Q2)",
      "signal": "OP MARGIN TURNED POSITIVE (YoY)",
      "detail": "Op margin: -0.2% (year-ago) -> +1.2%",
      "severity": "HIGH"
    },
    {
      "quarter": "2022-06 (Q2)",
      "signal": "OP MARGIN TURNED POSITIVE (QoQ)",
      "detail": "Op margin: -7.7% -> +1.2%",
      "severity": "HIGH"
    },
    {
      "quarter": "2022-03 (Q1)",
      "signal": "FCF TURNED POSITIVE",
      "detail": "FCF margin: -27.9% -> +5.4%",
      "severity": "HIGH"
    },
    {
      "quarter": "2021-06 (Q2)",
      "signal": "FCF MARGIN EXPANSION",
      "detail": "FCF margin: +16.3% -> +28.1% (+11.9%)",
      "severity": "MEDIUM"
    }
  ],
  "data_quality": {
    "n_quarters": 20,
    "coverage": {
      "revenue": [
        20,
        20
      ],
      "gross_profit": [
        0,
        20
      ],
      "op_income": [
        20,
        20
      ],
      "fcf": [
        19,
        20
      ]
    },
    "gaps": [],
    "warnings": [
      "gross_profit: no data"
    ]
  },
  "market_cap": null,
  "source": "SEC EDGAR",
  "last_updated": "2026-02-02T21:11:43.084043",
  "sector": "Financial Services",
  "industry": "Insurance - Property & Casualty"
}