{
  "ticker": "HGV",
  "name": "Hilton Grand Vacations Inc.",
  "quarters": [
    {
      "date": "2020-12-31T00:00:00",
      "quarter_label": "2020-12 (Q4)",
      "revenue": 212000000,
      "gross_profit": null,
      "operating_income": null,
      "net_income": -154000000,
      "opex": 427000000,
      "cogs": null,
      "rd": null,
      "sga": null,
      "fcf": -9000000,
      "ocf": -7000000,
      "capex": -2000000,
      "gross_margin": null,
      "op_margin": null,
      "fcf_margin": -0.04245283018867924
    },
    {
      "date": "2021-03-31T00:00:00",
      "quarter_label": "2021-03 (Q1)",
      "revenue": 235000000,
      "gross_profit": null,
      "operating_income": null,
      "net_income": -6771415,
      "opex": 234000000,
      "cogs": null,
      "rd": null,
      "sga": null,
      "fcf": 61000000,
      "ocf": 62000000,
      "capex": -1000000,
      "gross_margin": null,
      "op_margin": null,
      "fcf_margin": 0.25957446808510637,
      "op_leverage_ratio": Infinity,
      "fcf_margin_change": 0.3020272982737856
    },
    {
      "date": "2021-06-30T00:00:00",
      "quarter_label": "2021-06 (Q2)",
      "revenue": 334000000,
      "gross_profit": null,
      "operating_income": null,
      "net_income": 8700776,
      "opex": 308000000,
      "cogs": null,
      "rd": null,
      "sga": null,
      "fcf": 27000000,
      "ocf": 30000000,
      "capex": -3000000,
      "gross_margin": null,
      "op_margin": null,
      "fcf_margin": 0.08083832335329341,
      "op_leverage_ratio": 1.3321449108683152,
      "fcf_margin_change": -0.17873614473181296
    },
    {
      "date": "2021-09-30T00:00:00",
      "quarter_label": "2021-09 (Q3)",
      "revenue": 928000000,
      "gross_profit": null,
      "operating_income": null,
      "net_income": 98704709,
      "opex": 719000000,
      "cogs": null,
      "rd": null,
      "sga": null,
      "fcf": -63000000,
      "ocf": -56000000,
      "capex": -7000000,
      "gross_margin": null,
      "op_margin": null,
      "fcf_margin": -0.06788793103448276,
      "op_leverage_ratio": 1.3327505572796012,
      "fcf_margin_change": -0.14872625438777617
    },
    {
      "date": "2021-12-31T00:00:00",
      "quarter_label": "2021-12 (Q4)",
      "revenue": 838000000,
      "gross_profit": null,
      "operating_income": null,
      "net_income": 75792855,
      "opex": 684000000,
      "cogs": null,
      "rd": null,
      "sga": null,
      "fcf": 125000000,
      "ocf": 132000000,
      "capex": -7000000,
      "gross_margin": null,
      "op_margin": null,
      "fcf_margin": 0.14916467780429593,
      "rev_growth_yoy": 2.952830188679245,
      "fcf_margin_change": 0.2170526088387787
    },
    {
      "date": "2022-03-31T00:00:00",
      "quarter_label": "2022-03 (Q1)",
      "revenue": 779000000,
      "gross_profit": null,
      "operating_income": null,
      "net_income": 50768844,
      "opex": 679000000,
      "cogs": null,
      "rd": null,
      "sga": null,
      "fcf": 262000000,
      "ocf": 270000000,
      "capex": -8000000,
      "gross_margin": null,
      "op_margin": null,
      "fcf_margin": 0.3363286264441592,
      "rev_growth_yoy": 2.3148936170212764,
      "rev_growth_yoy_accel": -0.6379365716579688,
      "fcf_margin_change": 0.18716394863986324
    },
    {
      "date": "2022-06-30T00:00:00",
      "quarter_label": "2022-06 (Q2)",
      "revenue": 948000000,
      "gross_profit": null,
      "operating_income": null,
      "net_income": 72931504,
      "opex": 801000000,
      "cogs": null,
      "rd": null,
      "sga": null,
      "fcf": 249000000,
      "ocf": 260000000,
      "capex": -11000000,
      "gross_margin": null,
      "op_margin": null,
      "fcf_margin": 0.2626582278481013,
      "rev_growth_yoy": 1.8383233532934131,
      "rev_growth_yoy_accel": -0.47657026372786326,
      "op_leverage_ratio": 1.2074222942401986,
      "fcf_margin_change": -0.0736703985960579
    },
    {
      "date": "2022-09-30T00:00:00",
      "quarter_label": "2022-09 (Q3)",
      "revenue": 1116000000,
      "gross_profit": null,
      "operating_income": null,
      "net_income": 149767212,
      "opex": 879000000,
      "cogs": null,
      "rd": null,
      "sga": null,
      "fcf": 227000000,
      "ocf": 233000000,
      "capex": -6000000,
      "gross_margin": null,
      "op_margin": null,
      "fcf_margin": 0.20340501792114696,
      "rev_growth_yoy": 0.2025862068965517,
      "rev_growth_yoy_accel": -1.6357371463968615,
      "op_leverage_ratio": 1.8198636806231743,
      "fcf_margin_change": -0.05925320992695432
    },
    {
      "date": "2022-12-31T00:00:00",
      "quarter_label": "2022-12 (Q4)",
      "revenue": 992000000,
      "gross_profit": null,
      "operating_income": null,
      "net_income": 78432439,
      "opex": 865000000,
      "cogs": null,
      "rd": null,
      "sga": null,
      "fcf": -49000000,
      "ocf": -16000000,
      "capex": -33000000,
      "gross_margin": null,
      "op_margin": null,
      "fcf_margin": -0.04939516129032258,
      "rev_growth_yoy": 0.18377088305489261,
      "rev_growth_yoy_accel": -0.0188153238416591,
      "fcf_margin_change": -0.2528001792114695
    },
    {
      "date": "2023-03-31T00:00:00",
      "quarter_label": "2023-03 (Q1)",
      "revenue": 934000000,
      "gross_profit": null,
      "operating_income": null,
      "net_income": 73000000,
      "opex": 804000000,
      "cogs": null,
      "rd": null,
      "sga": null,
      "fcf": 21000000,
      "ocf": 26000000,
      "capex": -5000000,
      "gross_margin": null,
      "op_margin": null,
      "fcf_margin": 0.022483940042826552,
      "rev_growth_yoy": 0.19897304236200256,
      "rev_growth_yoy_accel": 0.015202159307109941,
      "fcf_margin_change": 0.07187910133314913
    },
    {
      "date": "2023-06-30T00:00:00",
      "quarter_label": "2023-06 (Q2)",
      "revenue": 1007000000,
      "gross_profit": null,
      "operating_income": null,
      "net_income": 80000000,
      "opex": 853000000,
      "cogs": null,
      "rd": null,
      "sga": null,
      "fcf": 190000000,
      "ocf": 194000000,
      "capex": -4000000,
      "gross_margin": null,
      "op_margin": null,
      "fcf_margin": 0.18867924528301888,
      "rev_growth_yoy": 0.06223628691983123,
      "rev_growth_yoy_accel": -0.13673675544217134,
      "op_leverage_ratio": 1.2824367434339903,
      "fcf_margin_change": 0.16619530524019233
    },
    {
      "date": "2023-09-30T00:00:00",
      "quarter_label": "2023-09 (Q3)",
      "revenue": 1018000000,
      "gross_profit": null,
      "operating_income": null,
      "net_income": 92000000,
      "opex": 838000000,
      "cogs": null,
      "rd": null,
      "sga": null,
      "fcf": 83000000,
      "ocf": 92000000,
      "capex": -9000000,
      "gross_margin": null,
      "op_margin": null,
      "fcf_margin": 0.08153241650294696,
      "rev_growth_yoy": -0.08781362007168458,
      "rev_growth_yoy_accel": -0.15004990699151582,
      "op_leverage_ratio": Infinity,
      "fcf_margin_change": -0.10714682878007192
    },
    {
      "date": "2023-12-31T00:00:00",
      "quarter_label": "2023-12 (Q4)",
      "revenue": 1019000000,
      "gross_profit": null,
      "operating_income": null,
      "net_income": 68000000,
      "opex": 870000000,
      "cogs": null,
      "rd": null,
      "sga": null,
      "fcf": -13000000,
      "ocf": 0,
      "capex": -13000000,
      "gross_margin": null,
      "op_margin": null,
      "fcf_margin": -0.012757605495583905,
      "rev_growth_yoy": 0.02721774193548387,
      "rev_growth_yoy_accel": 0.11503136200716846,
      "fcf_margin_change": -0.09429002199853087
    },
    {
      "date": "2024-03-31T00:00:00",
      "quarter_label": "2024-03 (Q1)",
      "revenue": 1156000000,
      "gross_profit": null,
      "operating_income": null,
      "net_income": -4000000,
      "opex": 1090000000,
      "cogs": null,
      "rd": null,
      "sga": null,
      "fcf": -10000000,
      "ocf": 0,
      "capex": -10000000,
      "gross_margin": null,
      "op_margin": null,
      "fcf_margin": -0.00865051903114187,
      "rev_growth_yoy": 0.23768736616702354,
      "rev_growth_yoy_accel": 0.21046962423153967,
      "op_leverage_ratio": 0.5316709786778482,
      "fcf_margin_change": 0.004107086464442036
    },
    {
      "date": "2024-06-30T00:00:00",
      "quarter_label": "2024-06 (Q2)",
      "revenue": 1235000000,
      "gross_profit": null,
      "operating_income": null,
      "net_income": 2000000,
      "opex": 1141000000,
      "cogs": null,
      "rd": null,
      "sga": null,
      "fcf": 106000000,
      "ocf": 113000000,
      "capex": -7000000,
      "gross_margin": null,
      "op_margin": null,
      "fcf_margin": 0.08582995951417004,
      "rev_growth_yoy": 0.22641509433962265,
      "rev_growth_yoy_accel": -0.011272271827400898,
      "op_leverage_ratio": 1.460580772101228,
      "fcf_margin_change": 0.09448047854531191
    },
    {
      "date": "2024-09-30T00:00:00",
      "quarter_label": "2024-09 (Q3)",
      "revenue": 1306000000,
      "gross_profit": null,
      "operating_income": null,
      "net_income": 29000000,
      "opex": 1142000000,
      "cogs": null,
      "rd": null,
      "sga": null,
      "fcf": 81000000,
      "ocf": 91000000,
      "capex": -10000000,
      "gross_margin": null,
      "op_margin": null,
      "fcf_margin": 0.062021439509954056,
      "rev_growth_yoy": 0.2829076620825147,
      "rev_growth_yoy_accel": 0.056492567742892075,
      "op_leverage_ratio": Infinity,
      "fcf_margin_change": -0.02380852000421598
    },
    {
      "date": "2024-12-31T00:00:00",
      "quarter_label": "2024-12 (Q4)",
      "revenue": 1284000000,
      "gross_profit": null,
      "operating_income": null,
      "net_income": 20000000,
      "opex": 1150000000,
      "cogs": null,
      "rd": null,
      "sga": null,
      "fcf": 90000000,
      "ocf": 105000000,
      "capex": -15000000,
      "gross_margin": null,
      "op_margin": null,
      "fcf_margin": 0.07009345794392523,
      "rev_growth_yoy": 0.26005888125613347,
      "rev_growth_yoy_accel": -0.022848780826381254,
      "fcf_margin_change": 0.008072018433971172
    },
    {
      "date": "2025-03-31T00:00:00",
      "quarter_label": "2025-03 (Q1)",
      "revenue": 1148000000,
      "gross_profit": null,
      "operating_income": null,
      "net_income": -17000000,
      "opex": 1088000000,
      "cogs": null,
      "rd": null,
      "sga": null,
      "fcf": 24000000,
      "ocf": 38000000,
      "capex": -14000000,
      "gross_margin": null,
      "op_margin": null,
      "fcf_margin": 0.020905923344947737,
      "rev_growth_yoy": -0.006920415224913495,
      "rev_growth_yoy_accel": -0.26697929648104696,
      "fcf_margin_change": -0.04918753459897749
    },
    {
      "date": "2025-06-30T00:00:00",
      "quarter_label": "2025-06 (Q2)",
      "revenue": 1266000000,
      "gross_profit": null,
      "operating_income": null,
      "net_income": 25000000,
      "opex": 1154000000,
      "cogs": null,
      "rd": null,
      "sga": null,
      "fcf": 46000000,
      "ocf": 61000000,
      "capex": -15000000,
      "gross_margin": null,
      "op_margin": null,
      "fcf_margin": 0.036334913112164295,
      "rev_growth_yoy": 0.025101214574898785,
      "rev_growth_yoy_accel": 0.03202162979981228,
      "op_leverage_ratio": 1.694435645655158,
      "fcf_margin_change": 0.015428989767216558
    },
    {
      "date": "2025-09-30T00:00:00",
      "quarter_label": "2025-09 (Q3)",
      "revenue": 1300000000,
      "gross_profit": null,
      "operating_income": null,
      "net_income": 25000000,
      "opex": 1179000000,
      "cogs": null,
      "rd": null,
      "sga": null,
      "fcf": 13000000,
      "ocf": 34000000,
      "capex": -21000000,
      "gross_margin": null,
      "op_margin": null,
      "fcf_margin": 0.01,
      "rev_growth_yoy": -0.004594180704441042,
      "rev_growth_yoy_accel": -0.02969539527933983,
      "op_leverage_ratio": 1.2396840442338073,
      "fcf_margin_change": -0.026334913112164293
    }
  ],
  "signals": [
    {
      "quarter": "2025-06 (Q2)",
      "signal": "OPERATING LEVERAGE",
      "detail": "Rev growth +10.3% vs OpEx growth +6.1% (leverage: 1.7x)",
      "severity": "MEDIUM"
    },
    {
      "quarter": "2025-03 (Q1)",
      "signal": "YoY REVENUE GROWTH DECELERATION",
      "detail": "YoY growth: -0.7% vs prior quarter YoY: +26.0% (decel: -26.7%)",
      "severity": "WARNING"
    },
    {
      "quarter": "2024-09 (Q3)",
      "signal": "OPERATING LEVERAGE",
      "detail": "Rev growth +5.7% vs OpEx growth +0.1% (leverage: 65.6x)",
      "severity": "MEDIUM"
    },
    {
      "quarter": "2024-09 (Q3)",
      "signal": "YoY REVENUE GROWTH ACCELERATION",
      "detail": "YoY growth: +28.3% vs prior quarter YoY: +22.6% (accel: +5.6%)",
      "severity": "MEDIUM"
    },
    {
      "quarter": "2024-06 (Q2)",
      "signal": "FCF TURNED POSITIVE",
      "detail": "FCF margin: -0.9% -> +8.6%",
      "severity": "HIGH"
    },
    {
      "quarter": "2024-03 (Q1)",
      "signal": "YoY REVENUE GROWTH ACCELERATION",
      "detail": "YoY growth: +23.8% vs prior quarter YoY: +2.7% (accel: +21.0%)",
      "severity": "HIGH"
    },
    {
      "quarter": "2023-12 (Q4)",
      "signal": "YoY REVENUE GROWTH ACCELERATION",
      "detail": "YoY growth: +2.7% vs prior quarter YoY: -8.8% (accel: +11.5%)",
      "severity": "MEDIUM"
    },
    {
      "quarter": "2023-09 (Q3)",
      "signal": "YoY REVENUE GROWTH DECELERATION",
      "detail": "YoY growth: -8.8% vs prior quarter YoY: +6.2% (decel: -15.0%)",
      "severity": "WARNING"
    },
    {
      "quarter": "2023-06 (Q2)",
      "signal": "FCF MARGIN EXPANSION",
      "detail": "FCF margin: +2.2% -> +18.9% (+16.6%)",
      "severity": "MEDIUM"
    },
    {
      "quarter": "2023-06 (Q2)",
      "signal": "YoY REVENUE GROWTH DECELERATION",
      "detail": "YoY growth: +6.2% vs prior quarter YoY: +19.9% (decel: -13.7%)",
      "severity": "WARNING"
    },
    {
      "quarter": "2023-03 (Q1)",
      "signal": "FCF TURNED POSITIVE",
      "detail": "FCF margin: -4.9% -> +2.2%",
      "severity": "HIGH"
    },
    {
      "quarter": "2022-09 (Q3)",
      "signal": "OPERATING LEVERAGE",
      "detail": "Rev growth +17.7% vs OpEx growth +9.7% (leverage: 1.8x)",
      "severity": "MEDIUM"
    },
    {
      "quarter": "2022-09 (Q3)",
      "signal": "YoY REVENUE GROWTH DECELERATION",
      "detail": "YoY growth: +20.3% vs prior quarter YoY: +183.8% (decel: -163.6%)",
      "severity": "WARNING"
    },
    {
      "quarter": "2022-06 (Q2)",
      "signal": "YoY REVENUE GROWTH DECELERATION",
      "detail": "YoY growth: +183.8% vs prior quarter YoY: +231.5% (decel: -47.7%)",
      "severity": "WARNING"
    },
    {
      "quarter": "2022-03 (Q1)",
      "signal": "FCF MARGIN EXPANSION",
      "detail": "FCF margin: +14.9% -> +33.6% (+18.7%)",
      "severity": "MEDIUM"
    },
    {
      "quarter": "2022-03 (Q1)",
      "signal": "YoY REVENUE GROWTH DECELERATION",
      "detail": "YoY growth: +231.5% vs prior quarter YoY: +295.3% (decel: -63.8%)",
      "severity": "WARNING"
    },
    {
      "quarter": "2021-12 (Q4)",
      "signal": "FCF TURNED POSITIVE",
      "detail": "FCF margin: -6.8% -> +14.9%",
      "severity": "HIGH"
    },
    {
      "quarter": "2021-03 (Q1)",
      "signal": "FCF TURNED POSITIVE",
      "detail": "FCF margin: -4.2% -> +26.0%",
      "severity": "HIGH"
    }
  ],
  "data_quality": {
    "n_quarters": 20,
    "coverage": {
      "revenue": [
        20,
        20
      ],
      "gross_profit": [
        0,
        20
      ],
      "op_income": [
        0,
        20
      ],
      "fcf": [
        20,
        20
      ]
    },
    "gaps": [],
    "warnings": [
      "gross_profit: no data",
      "op_income: no data"
    ]
  },
  "market_cap": null,
  "source": "SEC EDGAR",
  "last_updated": "2026-02-02T21:13:55.972149"
}