{
  "ticker": "HHS",
  "name": "HARTE HANKS, INC.",
  "quarters": [
    {
      "date": "2020-12-31T00:00:00",
      "quarter_label": "2020-12 (Q4)",
      "revenue": 47075000,
      "gross_profit": null,
      "operating_income": -368000,
      "net_income": 1044000,
      "opex": 45364000,
      "cogs": null,
      "rd": null,
      "sga": 5940000,
      "fcf": 2268000,
      "ocf": 3593000,
      "capex": -1325000,
      "gross_margin": null,
      "op_margin": -0.007817312798725438,
      "fcf_margin": 0.04817843866171004
    },
    {
      "date": "2021-03-31T00:00:00",
      "quarter_label": "2021-03 (Q1)",
      "revenue": 43754000,
      "gross_profit": null,
      "operating_income": -884000,
      "net_income": -1758000,
      "opex": 41742000,
      "cogs": null,
      "rd": null,
      "sga": 4121000,
      "fcf": -6410000,
      "ocf": -5675000,
      "capex": -735000,
      "gross_margin": null,
      "op_margin": -0.020203867075010283,
      "fcf_margin": -0.14650089134707683,
      "fcf_margin_change": -0.19467933000878687
    },
    {
      "date": "2021-06-30T00:00:00",
      "quarter_label": "2021-06 (Q2)",
      "revenue": 49259000,
      "gross_profit": null,
      "operating_income": 1435000,
      "net_income": 10569000,
      "opex": 45417000,
      "cogs": null,
      "rd": null,
      "sga": 4591000,
      "fcf": 712000,
      "ocf": 961000,
      "capex": -249000,
      "gross_margin": null,
      "op_margin": 0.029131732272275116,
      "fcf_margin": 0.014454211413142777,
      "op_leverage_ratio": 1.429076478605338,
      "fcf_margin_change": 0.1609551027602196
    },
    {
      "date": "2021-09-30T00:00:00",
      "quarter_label": "2021-09 (Q3)",
      "revenue": 49597000,
      "gross_profit": null,
      "operating_income": 4226000,
      "net_income": 4404000,
      "opex": 43827000,
      "cogs": null,
      "rd": null,
      "sga": 4516000,
      "fcf": -2718000,
      "ocf": -1224000,
      "capex": -1494000,
      "gross_margin": null,
      "op_margin": 0.08520676653829869,
      "fcf_margin": -0.054801701715829584,
      "fcf_margin_change": -0.06925591312897236
    },
    {
      "date": "2021-12-31T00:00:00",
      "quarter_label": "2021-12 (Q4)",
      "revenue": 51986000,
      "gross_profit": null,
      "operating_income": 2863000,
      "net_income": 1756000,
      "opex": 47053000,
      "cogs": null,
      "rd": null,
      "sga": 4630000,
      "fcf": 3607000,
      "ocf": 4175000,
      "capex": -568000,
      "gross_margin": null,
      "op_margin": 0.055072519524487364,
      "fcf_margin": 0.06938406494056092,
      "incr_op_margin_yoy": 0.6579108124618204,
      "rev_growth_yoy": 0.10432288900690388,
      "op_leverage_ratio": 0.6543922127662037,
      "fcf_margin_change": 0.1241857666563905
    },
    {
      "date": "2022-03-31T00:00:00",
      "quarter_label": "2022-03 (Q1)",
      "revenue": 49062000,
      "gross_profit": null,
      "operating_income": 3894000,
      "net_income": 3345000,
      "opex": 44569000,
      "cogs": null,
      "rd": null,
      "sga": 4633000,
      "fcf": -2193000,
      "ocf": -764000,
      "capex": -1429000,
      "gross_margin": null,
      "op_margin": 0.0793689617219029,
      "fcf_margin": -0.0446985446985447,
      "incr_op_margin_yoy": 0.9001507159005275,
      "rev_growth_yoy": 0.1213146226630708,
      "rev_growth_yoy_accel": 0.01699173365616692,
      "fcf_margin_change": -0.11408260963910562
    },
    {
      "date": "2022-06-30T00:00:00",
      "quarter_label": "2022-06 (Q2)",
      "revenue": 48553000,
      "gross_profit": null,
      "operating_income": 4011000,
      "net_income": 4461000,
      "opex": 43956000,
      "cogs": null,
      "rd": null,
      "sga": 3960000,
      "fcf": 8439000,
      "ocf": 10626000,
      "capex": -2187000,
      "gross_margin": null,
      "op_margin": 0.08261075525714168,
      "fcf_margin": 0.1738100632298725,
      "rev_growth_yoy": -0.014332406260784832,
      "rev_growth_yoy_accel": -0.13564702892385563,
      "fcf_margin_change": 0.2185086079284172
    },
    {
      "date": "2022-09-30T00:00:00",
      "quarter_label": "2022-09 (Q3)",
      "revenue": 53886000,
      "gross_profit": null,
      "operating_income": 3773000,
      "net_income": 7166000,
      "opex": 49534000,
      "cogs": null,
      "rd": null,
      "sga": 4727000,
      "fcf": 10263000,
      "ocf": 12390000,
      "capex": -2127000,
      "gross_margin": null,
      "op_margin": 0.07001818654195895,
      "fcf_margin": 0.190457632780314,
      "incr_op_margin_yoy": -0.10561902541384938,
      "rev_growth_yoy": 0.08647700465753977,
      "rev_growth_yoy_accel": 0.1008094109183246,
      "op_leverage_ratio": 0.865555995825759,
      "fcf_margin_change": 0.0166475695504415
    },
    {
      "date": "2022-12-31T00:00:00",
      "quarter_label": "2022-12 (Q4)",
      "revenue": 54778000,
      "gross_profit": null,
      "operating_income": 3429000,
      "net_income": 21804000,
      "opex": 50385000,
      "cogs": null,
      "rd": null,
      "sga": 4650000,
      "fcf": 6483000,
      "ocf": 6540000,
      "capex": -57000,
      "gross_margin": null,
      "op_margin": 0.06259812333418525,
      "fcf_margin": 0.11835043265544562,
      "incr_op_margin_yoy": 0.2027220630372493,
      "rev_growth_yoy": 0.05370676720655561,
      "rev_growth_yoy_accel": -0.03277023745098416,
      "op_leverage_ratio": 0.9635244671335356,
      "fcf_margin_change": -0.07210720012486838
    },
    {
      "date": "2023-03-31T00:00:00",
      "quarter_label": "2023-03 (Q1)",
      "revenue": 47120000,
      "gross_profit": null,
      "operating_income": 1053000,
      "net_income": -791000,
      "opex": 45001000,
      "cogs": null,
      "rd": null,
      "sga": 6084000,
      "fcf": 1138000,
      "ocf": 1704000,
      "capex": -566000,
      "gross_margin": null,
      "op_margin": 0.022347198641765705,
      "fcf_margin": 0.024151103565365026,
      "incr_op_margin_yoy": 1.4629248197734295,
      "rev_growth_yoy": -0.0395825689943337,
      "rev_growth_yoy_accel": -0.0932893362008893,
      "fcf_margin_change": -0.0941993290900806
    },
    {
      "date": "2023-06-30T00:00:00",
      "quarter_label": "2023-06 (Q2)",
      "revenue": 47762000,
      "gross_profit": null,
      "operating_income": 1670000,
      "net_income": 580000,
      "opex": 45059000,
      "cogs": null,
      "rd": null,
      "sga": 5065000,
      "fcf": 2193000,
      "ocf": 2883000,
      "capex": -690000,
      "gross_margin": null,
      "op_margin": 0.03496503496503497,
      "fcf_margin": 0.04591516268162975,
      "rev_growth_yoy": -0.01629147529503841,
      "rev_growth_yoy_accel": 0.023291093699295287,
      "op_leverage_ratio": 10.571190943153212,
      "fcf_margin_change": 0.021764059116264722
    },
    {
      "date": "2023-09-30T00:00:00",
      "quarter_label": "2023-09 (Q3)",
      "revenue": 47119000,
      "gross_profit": null,
      "operating_income": 2914000,
      "net_income": 618000,
      "opex": 43253000,
      "cogs": null,
      "rd": null,
      "sga": 4922000,
      "fcf": 1299000,
      "ocf": 1523000,
      "capex": -224000,
      "gross_margin": null,
      "op_margin": 0.0618434177295783,
      "fcf_margin": 0.027568496784736517,
      "incr_op_margin_yoy": 0.12693955962760456,
      "rev_growth_yoy": -0.12557992799614,
      "rev_growth_yoy_accel": -0.1092884527011016,
      "fcf_margin_change": -0.01834666589689323
    },
    {
      "date": "2023-12-31T00:00:00",
      "quarter_label": "2023-12 (Q4)",
      "revenue": 49491000,
      "gross_profit": null,
      "operating_income": -2278000,
      "net_income": -1977000,
      "opex": 44896000,
      "cogs": null,
      "rd": null,
      "sga": 4602000,
      "fcf": 3035000,
      "ocf": 4367000,
      "capex": -1332000,
      "gross_margin": null,
      "op_margin": -0.04602857085126589,
      "fcf_margin": 0.06132428118243721,
      "incr_op_margin_yoy": 1.0794401361830905,
      "rev_growth_yoy": -0.09651684983022381,
      "rev_growth_yoy_accel": 0.029063078165916204,
      "op_leverage_ratio": 1.3252484091992927,
      "fcf_margin_change": 0.033755784397700696
    },
    {
      "date": "2024-03-31T00:00:00",
      "quarter_label": "2024-03 (Q1)",
      "revenue": 45448000,
      "gross_profit": null,
      "operating_income": 375000,
      "net_income": -171000,
      "opex": 44027000,
      "cogs": null,
      "rd": null,
      "sga": 5939000,
      "fcf": -6218000,
      "ocf": -5692000,
      "capex": -526000,
      "gross_margin": null,
      "op_margin": 0.008251188171096638,
      "fcf_margin": -0.13681570146101038,
      "incr_op_margin_yoy": 0.4055023923444976,
      "rev_growth_yoy": -0.035483870967741936,
      "rev_growth_yoy_accel": 0.06103297886248187,
      "fcf_margin_change": -0.1981399826434476
    },
    {
      "date": "2024-06-30T00:00:00",
      "quarter_label": "2024-06 (Q2)",
      "revenue": 45035000,
      "gross_profit": null,
      "operating_income": 1373000,
      "net_income": -27834000,
      "opex": 42640000,
      "cogs": null,
      "rd": null,
      "sga": 5852000,
      "fcf": 926000,
      "ocf": 1608000,
      "capex": -682000,
      "gross_margin": null,
      "op_margin": 0.03048739868990785,
      "fcf_margin": 0.02056178527811702,
      "incr_op_margin_yoy": 0.10891089108910891,
      "rev_growth_yoy": -0.057095599011766675,
      "rev_growth_yoy_accel": -0.02161172804402474,
      "fcf_margin_change": 0.1573774867391274
    },
    {
      "date": "2024-09-30T00:00:00",
      "quarter_label": "2024-09 (Q3)",
      "revenue": 47630000,
      "gross_profit": null,
      "operating_income": 1898000,
      "net_income": 142000,
      "opex": 44694000,
      "cogs": null,
      "rd": null,
      "sga": 5260000,
      "fcf": -4859000,
      "ocf": -2948000,
      "capex": -1911000,
      "gross_margin": null,
      "op_margin": 0.03984883476800336,
      "fcf_margin": -0.10201553642662188,
      "rev_growth_yoy": 0.010844882107005667,
      "rev_growth_yoy_accel": 0.06794048111877234,
      "op_leverage_ratio": 1.1962004235805344,
      "fcf_margin_change": -0.1225773217047389
    },
    {
      "date": "2024-12-31T00:00:00",
      "quarter_label": "2024-12 (Q4)",
      "revenue": 47129000,
      "gross_profit": null,
      "operating_income": -1553000,
      "net_income": -2434000,
      "opex": -51936000,
      "cogs": null,
      "rd": null,
      "sga": 5730000,
      "fcf": 3418000,
      "ocf": 4045000,
      "capex": -627000,
      "gross_margin": null,
      "op_margin": -0.03295211016571538,
      "fcf_margin": 0.07252434806594665,
      "incr_op_margin_yoy": -0.3069432684165961,
      "rev_growth_yoy": -0.04772584914428886,
      "rev_growth_yoy_accel": -0.05857073125129453,
      "fcf_margin_change": 0.17453988449256852
    },
    {
      "date": "2025-03-31T00:00:00",
      "quarter_label": "2025-03 (Q1)",
      "revenue": 41561000,
      "gross_profit": null,
      "operating_income": -40000,
      "net_income": -392000,
      "opex": 19901000,
      "cogs": null,
      "rd": null,
      "sga": 5844000,
      "fcf": -923000,
      "ocf": -818000,
      "capex": -105000,
      "gross_margin": null,
      "op_margin": -0.000962440749741344,
      "fcf_margin": -0.022208320300281515,
      "incr_op_margin_yoy": 0.10676614355544121,
      "rev_growth_yoy": -0.08552631578947369,
      "rev_growth_yoy_accel": -0.03780046664518483,
      "fcf_margin_change": -0.09473266836622816
    },
    {
      "date": "2025-06-30T00:00:00",
      "quarter_label": "2025-06 (Q2)",
      "revenue": 38631000,
      "gross_profit": null,
      "operating_income": 34000,
      "net_income": -335000,
      "opex": 17938000,
      "cogs": null,
      "rd": null,
      "sga": 5538000,
      "fcf": -5073000,
      "ocf": -4850000,
      "capex": -223000,
      "gross_margin": null,
      "op_margin": 0.0008801221816675727,
      "fcf_margin": -0.13131940669410577,
      "incr_op_margin_yoy": 0.20908806995627732,
      "rev_growth_yoy": -0.1422005107138892,
      "rev_growth_yoy_accel": -0.056674194924415514,
      "fcf_margin_change": -0.10911108639382426
    },
    {
      "date": "2025-09-30T00:00:00",
      "quarter_label": "2025-09 (Q3)",
      "revenue": 39520000,
      "gross_profit": null,
      "operating_income": 509000,
      "net_income": -2286000,
      "opex": 16873000,
      "cogs": null,
      "rd": null,
      "sga": 5149000,
      "fcf": 2190000,
      "ocf": 3196000,
      "capex": -1006000,
      "gross_margin": null,
      "op_margin": 0.012879554655870446,
      "fcf_margin": 0.05541497975708502,
      "incr_op_margin_yoy": 0.17127003699136867,
      "rev_growth_yoy": -0.17027083770732732,
      "rev_growth_yoy_accel": -0.028070326993438116,
      "op_leverage_ratio": Infinity,
      "fcf_margin_change": 0.18673438645119078
    }
  ],
  "signals": [
    {
      "quarter": "2025-09 (Q3)",
      "signal": "FCF TURNED POSITIVE",
      "detail": "FCF margin: -13.1% -> +5.5%",
      "severity": "HIGH"
    },
    {
      "quarter": "2025-09 (Q3)",
      "signal": "INCREMENTAL MARGIN (YoY)",
      "detail": "YoY Incr OPM: +17.1% vs year-ago OPM: +4.0%",
      "severity": "MEDIUM"
    },
    {
      "quarter": "2025-06 (Q2)",
      "signal": "YoY REVENUE GROWTH DECELERATION",
      "detail": "YoY growth: -14.2% vs prior quarter YoY: -8.6% (decel: -5.7%)",
      "severity": "WARNING"
    },
    {
      "quarter": "2025-06 (Q2)",
      "signal": "INCREMENTAL MARGIN (YoY)",
      "detail": "YoY Incr OPM: +20.9% vs year-ago OPM: +3.0%",
      "severity": "MEDIUM"
    },
    {
      "quarter": "2025-06 (Q2)",
      "signal": "OP MARGIN TURNED POSITIVE (QoQ)",
      "detail": "Op margin: -0.1% -> +0.1%",
      "severity": "HIGH"
    },
    {
      "quarter": "2024-12 (Q4)",
      "signal": "FCF TURNED POSITIVE",
      "detail": "FCF margin: -10.2% -> +7.3%",
      "severity": "HIGH"
    },
    {
      "quarter": "2024-12 (Q4)",
      "signal": "YoY REVENUE GROWTH DECELERATION",
      "detail": "YoY growth: -4.8% vs prior quarter YoY: +1.1% (decel: -5.9%)",
      "severity": "WARNING"
    },
    {
      "quarter": "2024-09 (Q3)",
      "signal": "YoY REVENUE GROWTH ACCELERATION",
      "detail": "YoY growth: +1.1% vs prior quarter YoY: -5.7% (accel: +6.8%)",
      "severity": "MEDIUM"
    },
    {
      "quarter": "2024-06 (Q2)",
      "signal": "FCF TURNED POSITIVE",
      "detail": "FCF margin: -13.7% -> +2.1%",
      "severity": "HIGH"
    },
    {
      "quarter": "2024-03 (Q1)",
      "signal": "YoY REVENUE GROWTH ACCELERATION",
      "detail": "YoY growth: -3.5% vs prior quarter YoY: -9.7% (accel: +6.1%)",
      "severity": "MEDIUM"
    },
    {
      "quarter": "2024-03 (Q1)",
      "signal": "INCREMENTAL MARGIN (YoY)",
      "detail": "YoY Incr OPM: +40.6% vs year-ago OPM: +2.2%",
      "severity": "HIGH"
    },
    {
      "quarter": "2024-03 (Q1)",
      "signal": "OP MARGIN TURNED POSITIVE (QoQ)",
      "detail": "Op margin: -4.6% -> +0.8%",
      "severity": "HIGH"
    },
    {
      "quarter": "2023-09 (Q3)",
      "signal": "YoY REVENUE GROWTH DECELERATION",
      "detail": "YoY growth: -12.6% vs prior quarter YoY: -1.6% (decel: -10.9%)",
      "severity": "WARNING"
    },
    {
      "quarter": "2023-06 (Q2)",
      "signal": "OPERATING LEVERAGE",
      "detail": "Rev growth +1.4% vs OpEx growth +0.1% (leverage: 10.6x)",
      "severity": "MEDIUM"
    },
    {
      "quarter": "2023-03 (Q1)",
      "signal": "YoY REVENUE GROWTH DECELERATION",
      "detail": "YoY growth: -4.0% vs prior quarter YoY: +5.4% (decel: -9.3%)",
      "severity": "WARNING"
    },
    {
      "quarter": "2023-03 (Q1)",
      "signal": "INCREMENTAL MARGIN (YoY)",
      "detail": "YoY Incr OPM: +146.3% vs year-ago OPM: +7.9%",
      "severity": "HIGH"
    },
    {
      "quarter": "2022-12 (Q4)",
      "signal": "INCREMENTAL MARGIN (YoY)",
      "detail": "YoY Incr OPM: +20.3% vs year-ago OPM: +5.5%",
      "severity": "MEDIUM"
    },
    {
      "quarter": "2022-09 (Q3)",
      "signal": "YoY REVENUE GROWTH ACCELERATION",
      "detail": "YoY growth: +8.6% vs prior quarter YoY: -1.4% (accel: +10.1%)",
      "severity": "MEDIUM"
    },
    {
      "quarter": "2022-06 (Q2)",
      "signal": "FCF TURNED POSITIVE",
      "detail": "FCF margin: -4.5% -> +17.4%",
      "severity": "HIGH"
    },
    {
      "quarter": "2022-06 (Q2)",
      "signal": "YoY REVENUE GROWTH DECELERATION",
      "detail": "YoY growth: -1.4% vs prior quarter YoY: +12.1% (decel: -13.6%)",
      "severity": "WARNING"
    },
    {
      "quarter": "2022-03 (Q1)",
      "signal": "OP MARGIN TURNED POSITIVE (YoY)",
      "detail": "Op margin: -2.0% (year-ago) -> +7.9%",
      "severity": "HIGH"
    },
    {
      "quarter": "2021-12 (Q4)",
      "signal": "FCF TURNED POSITIVE",
      "detail": "FCF margin: -5.5% -> +6.9%",
      "severity": "HIGH"
    },
    {
      "quarter": "2021-12 (Q4)",
      "signal": "OP MARGIN TURNED POSITIVE (YoY)",
      "detail": "Op margin: -0.8% (year-ago) -> +5.5%",
      "severity": "HIGH"
    },
    {
      "quarter": "2021-06 (Q2)",
      "signal": "FCF TURNED POSITIVE",
      "detail": "FCF margin: -14.7% -> +1.4%",
      "severity": "HIGH"
    },
    {
      "quarter": "2021-06 (Q2)",
      "signal": "OP MARGIN TURNED POSITIVE (QoQ)",
      "detail": "Op margin: -2.0% -> +2.9%",
      "severity": "HIGH"
    }
  ],
  "data_quality": {
    "n_quarters": 20,
    "coverage": {
      "revenue": [
        20,
        20
      ],
      "gross_profit": [
        0,
        20
      ],
      "op_income": [
        20,
        20
      ],
      "fcf": [
        20,
        20
      ]
    },
    "gaps": [],
    "warnings": [
      "gross_profit: no data"
    ]
  },
  "market_cap": null,
  "source": "SEC EDGAR",
  "last_updated": "2026-02-02T23:57:01.777506",
  "sector": "Industrials",
  "industry": "Conglomerates"
}