{
  "ticker": "HI",
  "name": "HILLENBRAND, INC.",
  "quarters": [
    {
      "date": "2020-12-31T00:00:00",
      "quarter_label": "2020-12 (Q4)",
      "revenue": 692500000,
      "gross_profit": 244200000,
      "operating_income": null,
      "net_income": 76400000,
      "opex": 131600000,
      "cogs": 448300000,
      "rd": null,
      "sga": null,
      "fcf": 66200000,
      "ocf": 66200000,
      "capex": null,
      "gross_margin": 0.3526353790613718,
      "op_margin": null,
      "fcf_margin": 0.09559566787003611
    },
    {
      "date": "2021-03-31T00:00:00",
      "quarter_label": "2021-03 (Q1)",
      "revenue": 722300000,
      "gross_profit": 245900000,
      "operating_income": null,
      "net_income": 78100000,
      "opex": 138000000,
      "cogs": 476400000,
      "rd": null,
      "sga": null,
      "fcf": 192800000,
      "ocf": 192800000,
      "capex": null,
      "gross_margin": 0.3404402602796622,
      "op_margin": null,
      "fcf_margin": 0.2669251003738059,
      "op_leverage_ratio": 0.88485559566787,
      "fcf_margin_change": 0.1713294325037698
    },
    {
      "date": "2021-06-30T00:00:00",
      "quarter_label": "2021-06 (Q2)",
      "revenue": 695100000,
      "gross_profit": 225900000,
      "operating_income": null,
      "net_income": 40400000,
      "opex": 126600000,
      "cogs": 469200000,
      "rd": null,
      "sga": null,
      "fcf": 183700000,
      "ocf": 183700000,
      "capex": null,
      "gross_margin": 0.3249892101855848,
      "op_margin": null,
      "fcf_margin": 0.26427852107610417,
      "fcf_margin_change": -0.0026465792977017344
    },
    {
      "date": "2021-09-30T00:00:00",
      "quarter_label": "2021-09 (Q3)",
      "revenue": 754900000,
      "gross_profit": 241300000,
      "operating_income": null,
      "net_income": 55000000,
      "opex": 130200000,
      "cogs": 513600000,
      "rd": null,
      "sga": null,
      "fcf": 85700000,
      "ocf": 85700000,
      "capex": null,
      "gross_margin": 0.31964498609087294,
      "op_margin": null,
      "fcf_margin": 0.11352497019472778,
      "op_leverage_ratio": 3.025416007289119,
      "fcf_margin_change": -0.15075355088137637
    },
    {
      "date": "2021-12-31T00:00:00",
      "quarter_label": "2021-12 (Q4)",
      "revenue": 728400000,
      "gross_profit": 237300000,
      "operating_income": null,
      "net_income": 49000000,
      "opex": 128100000,
      "cogs": 491100000,
      "rd": null,
      "sga": null,
      "fcf": 44500000,
      "ocf": 44500000,
      "capex": null,
      "gross_margin": 0.3257825370675453,
      "op_margin": null,
      "fcf_margin": 0.06109280615046678,
      "rev_growth_yoy": 0.05184115523465704,
      "fcf_margin_change": -0.052432164044261
    },
    {
      "date": "2022-03-31T00:00:00",
      "quarter_label": "2022-03 (Q1)",
      "revenue": 742000000,
      "gross_profit": 243300000,
      "operating_income": null,
      "net_income": 54300000,
      "opex": 131800000,
      "cogs": 498700000,
      "rd": null,
      "sga": null,
      "fcf": 46200000,
      "ocf": 46200000,
      "capex": null,
      "gross_margin": 0.32789757412398923,
      "op_margin": null,
      "fcf_margin": 0.062264150943396226,
      "rev_growth_yoy": 0.02727398587844386,
      "rev_growth_yoy_accel": -0.024567169356213177,
      "op_leverage_ratio": 0.6464223696513647,
      "fcf_margin_change": 0.001171344792929449
    },
    {
      "date": "2022-06-30T00:00:00",
      "quarter_label": "2022-06 (Q2)",
      "revenue": 720600000,
      "gross_profit": 231300000,
      "operating_income": null,
      "net_income": 48800000,
      "opex": 128700000,
      "cogs": 489300000,
      "rd": null,
      "sga": null,
      "fcf": 3600000,
      "ocf": 3600000,
      "capex": null,
      "gross_margin": 0.32098251457119065,
      "op_margin": null,
      "fcf_margin": 0.004995836802664446,
      "rev_growth_yoy": 0.036685369011653,
      "rev_growth_yoy_accel": 0.00941138313320914,
      "fcf_margin_change": -0.05726831414073178
    },
    {
      "date": "2022-09-30T00:00:00",
      "quarter_label": "2022-09 (Q3)",
      "revenue": 749900000,
      "gross_profit": 242700000,
      "operating_income": null,
      "net_income": 56800000,
      "opex": 133500000,
      "cogs": 507200000,
      "rd": null,
      "sga": null,
      "fcf": 96800000,
      "ocf": 96800000,
      "capex": null,
      "gross_margin": 0.3236431524203227,
      "op_margin": null,
      "fcf_margin": 0.12908387785038006,
      "rev_growth_yoy": -0.0066233938269969535,
      "rev_growth_yoy_accel": -0.043308762838649956,
      "op_leverage_ratio": 1.0902112822647794,
      "fcf_margin_change": 0.1240880410477156
    },
    {
      "date": "2022-12-31T00:00:00",
      "quarter_label": "2022-12 (Q4)",
      "revenue": 655700000,
      "gross_profit": 210900000,
      "operating_income": null,
      "net_income": 45500000,
      "opex": 142300000,
      "cogs": 444800000,
      "rd": null,
      "sga": null,
      "fcf": null,
      "ocf": null,
      "capex": null,
      "gross_margin": 0.3216409943571755,
      "op_margin": null,
      "fcf_margin": null,
      "rev_growth_yoy": -0.09980779791323449,
      "rev_growth_yoy_accel": -0.09318440408623754
    },
    {
      "date": "2023-03-31T00:00:00",
      "quarter_label": "2023-03 (Q1)",
      "revenue": 690900000,
      "gross_profit": 229300000,
      "operating_income": null,
      "net_income": 462700000,
      "opex": 144600000,
      "cogs": 461600000,
      "rd": null,
      "sga": null,
      "fcf": null,
      "ocf": null,
      "capex": null,
      "gross_margin": 0.3318859458677088,
      "op_margin": null,
      "fcf_margin": null,
      "rev_growth_yoy": -0.06886792452830189,
      "rev_growth_yoy_accel": 0.030939873384932606,
      "op_leverage_ratio": 3.3213492384507757
    },
    {
      "date": "2023-06-30T00:00:00",
      "quarter_label": "2023-06 (Q2)",
      "revenue": 716600000,
      "gross_profit": 246900000,
      "operating_income": null,
      "net_income": 43300000,
      "opex": 144800000,
      "cogs": 469700000,
      "rd": null,
      "sga": null,
      "fcf": null,
      "ocf": null,
      "capex": null,
      "gross_margin": 0.34454367848171924,
      "op_margin": null,
      "fcf_margin": null,
      "rev_growth_yoy": -0.005550929780738274,
      "rev_growth_yoy_accel": 0.06331699474756361,
      "op_leverage_ratio": 26.89405123751628
    },
    {
      "date": "2023-09-30T00:00:00",
      "quarter_label": "2023-09 (Q3)",
      "revenue": 762800000,
      "gross_profit": 267500000,
      "operating_income": null,
      "net_income": 18200000,
      "opex": 149400000,
      "cogs": 495300000,
      "rd": null,
      "sga": null,
      "fcf": null,
      "ocf": null,
      "capex": null,
      "gross_margin": 0.3506816990036707,
      "op_margin": null,
      "fcf_margin": null,
      "rev_growth_yoy": 0.017202293639151888,
      "rev_growth_yoy_accel": 0.02275322341989016,
      "op_leverage_ratio": 2.029438532199153
    },
    {
      "date": "2023-12-31T00:00:00",
      "quarter_label": "2023-12 (Q4)",
      "revenue": 773300000,
      "gross_profit": 251000000,
      "operating_income": null,
      "net_income": 17200000,
      "opex": 157900000,
      "cogs": 522300000,
      "rd": null,
      "sga": null,
      "fcf": null,
      "ocf": null,
      "capex": null,
      "gross_margin": 0.3245829561619035,
      "op_margin": null,
      "fcf_margin": null,
      "rev_growth_yoy": 0.17935031264297696,
      "rev_growth_yoy_accel": 0.16214801900382508,
      "op_leverage_ratio": 0.2419414540855671
    },
    {
      "date": "2024-03-31T00:00:00",
      "quarter_label": "2024-03 (Q1)",
      "revenue": 785300000,
      "gross_profit": 250700000,
      "operating_income": null,
      "net_income": 6100000,
      "opex": 181400000,
      "cogs": 534600000,
      "rd": null,
      "sga": null,
      "fcf": null,
      "ocf": null,
      "capex": null,
      "gross_margin": 0.31924105437412453,
      "op_margin": null,
      "fcf_margin": null,
      "rev_growth_yoy": 0.1366333767549573,
      "rev_growth_yoy_accel": -0.04271693588801967,
      "op_leverage_ratio": 0.10426715017980415
    },
    {
      "date": "2024-06-30T00:00:00",
      "quarter_label": "2024-06 (Q2)",
      "revenue": 786600000,
      "gross_profit": 266400000,
      "operating_income": null,
      "net_income": -248900000,
      "opex": 174200000,
      "cogs": 520200000,
      "rd": null,
      "sga": null,
      "fcf": null,
      "ocf": null,
      "capex": null,
      "gross_margin": 0.33867276887871856,
      "op_margin": null,
      "fcf_margin": null,
      "rev_growth_yoy": 0.09768350544236673,
      "rev_growth_yoy_accel": -0.03894987131259056
    },
    {
      "date": "2024-09-30T00:00:00",
      "quarter_label": "2024-09 (Q3)",
      "revenue": 837600000,
      "gross_profit": 288400000,
      "operating_income": null,
      "net_income": 14600000,
      "opex": null,
      "cogs": 549200000,
      "rd": null,
      "sga": null,
      "fcf": null,
      "ocf": null,
      "capex": null,
      "gross_margin": 0.3443170964660936,
      "op_margin": null,
      "fcf_margin": null,
      "rev_growth_yoy": 0.09805977975878342,
      "rev_growth_yoy_accel": 0.0003762743164166943
    },
    {
      "date": "2024-12-31T00:00:00",
      "quarter_label": "2024-12 (Q4)",
      "revenue": 706900000,
      "gross_profit": 235000000,
      "operating_income": null,
      "net_income": 6400000,
      "opex": 171100000,
      "cogs": 471900000,
      "rd": null,
      "sga": null,
      "fcf": null,
      "ocf": null,
      "capex": null,
      "gross_margin": 0.33243740274437683,
      "op_margin": null,
      "fcf_margin": null,
      "rev_growth_yoy": -0.0858657700762964,
      "rev_growth_yoy_accel": -0.1839255498350798
    },
    {
      "date": "2025-03-31T00:00:00",
      "quarter_label": "2025-03 (Q1)",
      "revenue": 715900000,
      "gross_profit": 236400000,
      "operating_income": null,
      "net_income": -40900000,
      "opex": 179800000,
      "cogs": 479500000,
      "rd": null,
      "sga": null,
      "fcf": null,
      "ocf": null,
      "capex": null,
      "gross_margin": 0.33021371699958096,
      "op_margin": null,
      "fcf_margin": null,
      "rev_growth_yoy": -0.08837386985865274,
      "rev_growth_yoy_accel": -0.002508099782356346,
      "op_leverage_ratio": 0.2503890224925732
    },
    {
      "date": "2025-06-30T00:00:00",
      "quarter_label": "2025-06 (Q2)",
      "revenue": 598900000,
      "gross_profit": 202600000,
      "operating_income": null,
      "net_income": 1900000,
      "opex": 146300000,
      "cogs": 396300000,
      "rd": null,
      "sga": null,
      "fcf": null,
      "ocf": null,
      "capex": null,
      "gross_margin": 0.33828685924194357,
      "op_margin": null,
      "fcf_margin": null,
      "rev_growth_yoy": -0.23862191711161962,
      "rev_growth_yoy_accel": -0.15024804725296687
    },
    {
      "date": "2025-09-30T00:00:00",
      "quarter_label": "2025-09 (Q3)",
      "revenue": 652100000,
      "gross_profit": 226800000,
      "operating_income": null,
      "net_income": 75700000,
      "opex": null,
      "cogs": 425300000,
      "rd": null,
      "sga": null,
      "fcf": null,
      "ocf": null,
      "capex": null,
      "gross_margin": 0.3477994172672903,
      "op_margin": null,
      "fcf_margin": null,
      "rev_growth_yoy": -0.22146609360076408,
      "rev_growth_yoy_accel": 0.01715582351085554
    }
  ],
  "signals": [
    {
      "quarter": "2025-06 (Q2)",
      "signal": "YoY REVENUE GROWTH DECELERATION",
      "detail": "YoY growth: -23.9% vs prior quarter YoY: -8.8% (decel: -15.0%)",
      "severity": "WARNING"
    },
    {
      "quarter": "2024-12 (Q4)",
      "signal": "YoY REVENUE GROWTH DECELERATION",
      "detail": "YoY growth: -8.6% vs prior quarter YoY: +9.8% (decel: -18.4%)",
      "severity": "WARNING"
    },
    {
      "quarter": "2023-12 (Q4)",
      "signal": "YoY REVENUE GROWTH ACCELERATION",
      "detail": "YoY growth: +17.9% vs prior quarter YoY: +1.7% (accel: +16.2%)",
      "severity": "HIGH"
    },
    {
      "quarter": "2023-09 (Q3)",
      "signal": "OPERATING LEVERAGE",
      "detail": "Rev growth +6.4% vs OpEx growth +3.2% (leverage: 2.0x)",
      "severity": "MEDIUM"
    },
    {
      "quarter": "2023-06 (Q2)",
      "signal": "OPERATING LEVERAGE",
      "detail": "Rev growth +3.7% vs OpEx growth +0.1% (leverage: 26.9x)",
      "severity": "MEDIUM"
    },
    {
      "quarter": "2023-06 (Q2)",
      "signal": "YoY REVENUE GROWTH ACCELERATION",
      "detail": "YoY growth: -0.6% vs prior quarter YoY: -6.9% (accel: +6.3%)",
      "severity": "MEDIUM"
    },
    {
      "quarter": "2023-03 (Q1)",
      "signal": "OPERATING LEVERAGE",
      "detail": "Rev growth +5.4% vs OpEx growth +1.6% (leverage: 3.3x)",
      "severity": "MEDIUM"
    },
    {
      "quarter": "2022-12 (Q4)",
      "signal": "YoY REVENUE GROWTH DECELERATION",
      "detail": "YoY growth: -10.0% vs prior quarter YoY: -0.7% (decel: -9.3%)",
      "severity": "WARNING"
    },
    {
      "quarter": "2022-09 (Q3)",
      "signal": "FCF MARGIN EXPANSION",
      "detail": "FCF margin: +0.5% -> +12.9% (+12.4%)",
      "severity": "MEDIUM"
    },
    {
      "quarter": "2021-09 (Q3)",
      "signal": "OPERATING LEVERAGE",
      "detail": "Rev growth +8.6% vs OpEx growth +2.8% (leverage: 3.0x)",
      "severity": "MEDIUM"
    },
    {
      "quarter": "2021-03 (Q1)",
      "signal": "FCF MARGIN EXPANSION",
      "detail": "FCF margin: +9.6% -> +26.7% (+17.1%)",
      "severity": "MEDIUM"
    }
  ],
  "data_quality": {
    "n_quarters": 20,
    "coverage": {
      "revenue": [
        20,
        20
      ],
      "gross_profit": [
        20,
        20
      ],
      "op_income": [
        0,
        20
      ],
      "fcf": [
        8,
        20
      ]
    },
    "gaps": [],
    "warnings": [
      "op_income: no data",
      "fcf: 8/20Q"
    ]
  },
  "market_cap": null,
  "source": "SEC EDGAR",
  "last_updated": "2026-02-02T21:32:43.392937",
  "sector": "Industrials",
  "industry": "Specialty Industrial Machinery"
}