{
  "ticker": "HIG-PG",
  "name": "The Hartford Insurance Group, Inc.",
  "quarters": [
    {
      "date": "2020-12-31T00:00:00",
      "quarter_label": "2020-12 (Q4)",
      "revenue": 5328000000,
      "gross_profit": null,
      "operating_income": null,
      "net_income": 537000000,
      "opex": null,
      "cogs": null,
      "rd": null,
      "sga": 1086000000,
      "fcf": 1180000000,
      "ocf": 1216000000,
      "capex": -36000000,
      "gross_margin": null,
      "op_margin": null,
      "fcf_margin": 0.22147147147147148
    },
    {
      "date": "2021-03-31T00:00:00",
      "quarter_label": "2021-03 (Q1)",
      "revenue": 5299000000,
      "gross_profit": null,
      "operating_income": null,
      "net_income": 249000000,
      "opex": null,
      "cogs": null,
      "rd": null,
      "sga": 1144000000,
      "fcf": 736000000,
      "ocf": 759000000,
      "capex": -23000000,
      "gross_margin": null,
      "op_margin": null,
      "fcf_margin": 0.13889413096810718,
      "fcf_margin_change": -0.0825773405033643
    },
    {
      "date": "2021-06-30T00:00:00",
      "quarter_label": "2021-06 (Q2)",
      "revenue": 5589000000,
      "gross_profit": null,
      "operating_income": null,
      "net_income": 905000000,
      "opex": null,
      "cogs": null,
      "rd": null,
      "sga": 1202000000,
      "fcf": 814000000,
      "ocf": 838000000,
      "capex": -24000000,
      "gross_margin": null,
      "op_margin": null,
      "fcf_margin": 0.14564322776883162,
      "fcf_margin_change": 0.006749096800724441
    },
    {
      "date": "2021-09-30T00:00:00",
      "quarter_label": "2021-09 (Q3)",
      "revenue": 5686000000,
      "gross_profit": null,
      "operating_income": null,
      "net_income": 482000000,
      "opex": null,
      "cogs": null,
      "rd": null,
      "sga": 1200000000,
      "fcf": 1247000000,
      "ocf": 1292000000,
      "capex": -45000000,
      "gross_margin": null,
      "op_margin": null,
      "fcf_margin": 0.21931058740766796,
      "fcf_margin_change": 0.07366735963883633
    },
    {
      "date": "2021-12-31T00:00:00",
      "quarter_label": "2021-12 (Q4)",
      "revenue": 5816000000,
      "gross_profit": null,
      "operating_income": null,
      "net_income": 729000000,
      "opex": null,
      "cogs": null,
      "rd": null,
      "sga": 1233000000,
      "fcf": 1163000000,
      "ocf": 1204000000,
      "capex": -41000000,
      "gross_margin": null,
      "op_margin": null,
      "fcf_margin": 0.1999656121045392,
      "rev_growth_yoy": 0.0915915915915916,
      "fcf_margin_change": -0.01934497530312876
    },
    {
      "date": "2022-03-31T00:00:00",
      "quarter_label": "2022-03 (Q1)",
      "revenue": 5393000000,
      "gross_profit": null,
      "operating_income": null,
      "net_income": 445000000,
      "opex": null,
      "cogs": null,
      "rd": null,
      "sga": 1207000000,
      "fcf": 398000000,
      "ocf": 429000000,
      "capex": -31000000,
      "gross_margin": null,
      "op_margin": null,
      "fcf_margin": 0.07379936955312442,
      "rev_growth_yoy": 0.01773919607473108,
      "rev_growth_yoy_accel": -0.07385239551686051,
      "fcf_margin_change": -0.1261662425514148
    },
    {
      "date": "2022-06-30T00:00:00",
      "quarter_label": "2022-06 (Q2)",
      "revenue": 5373000000,
      "gross_profit": null,
      "operating_income": null,
      "net_income": 442000000,
      "opex": null,
      "cogs": null,
      "rd": null,
      "sga": 1222000000,
      "fcf": 928000000,
      "ocf": 974000000,
      "capex": -46000000,
      "gross_margin": null,
      "op_margin": null,
      "fcf_margin": 0.17271542899683603,
      "rev_growth_yoy": -0.03864734299516908,
      "rev_growth_yoy_accel": -0.05638653906990016,
      "fcf_margin_change": 0.09891605944371161
    },
    {
      "date": "2022-09-30T00:00:00",
      "quarter_label": "2022-09 (Q3)",
      "revenue": 5580000000,
      "gross_profit": null,
      "operating_income": null,
      "net_income": 339000000,
      "opex": null,
      "cogs": null,
      "rd": null,
      "sga": 1203000000,
      "fcf": 1476000000,
      "ocf": 1521000000,
      "capex": -45000000,
      "gross_margin": null,
      "op_margin": null,
      "fcf_margin": 0.2645161290322581,
      "rev_growth_yoy": -0.018642279282448118,
      "rev_growth_yoy_accel": 0.020005063712720962,
      "fcf_margin_change": 0.09180070003542204
    },
    {
      "date": "2022-12-31T00:00:00",
      "quarter_label": "2022-12 (Q4)",
      "revenue": 6016000000,
      "gross_profit": null,
      "operating_income": null,
      "net_income": 592000000,
      "opex": null,
      "cogs": null,
      "rd": null,
      "sga": 1198000000,
      "fcf": 1031000000,
      "ocf": 1084000000,
      "capex": -53000000,
      "gross_margin": null,
      "op_margin": null,
      "fcf_margin": 0.17137632978723405,
      "rev_growth_yoy": 0.0343878954607978,
      "rev_growth_yoy_accel": 0.053030174743245916,
      "fcf_margin_change": -0.09313979924502402
    },
    {
      "date": "2023-03-31T00:00:00",
      "quarter_label": "2023-03 (Q1)",
      "revenue": 5910000000,
      "gross_profit": null,
      "operating_income": null,
      "net_income": 535000000,
      "opex": null,
      "cogs": null,
      "rd": null,
      "sga": 1216000000,
      "fcf": 822000000,
      "ocf": 871000000,
      "capex": -49000000,
      "gross_margin": null,
      "op_margin": null,
      "fcf_margin": 0.13908629441624365,
      "rev_growth_yoy": 0.09586501019840533,
      "rev_growth_yoy_accel": 0.06147711473760754,
      "fcf_margin_change": -0.0322900353709904
    },
    {
      "date": "2023-06-30T00:00:00",
      "quarter_label": "2023-06 (Q2)",
      "revenue": 6049000000,
      "gross_profit": null,
      "operating_income": null,
      "net_income": 547000000,
      "opex": null,
      "cogs": null,
      "rd": null,
      "sga": 1225000000,
      "fcf": -99000000,
      "ocf": -49000000,
      "capex": -50000000,
      "gross_margin": null,
      "op_margin": null,
      "fcf_margin": -0.01636634154405687,
      "rev_growth_yoy": 0.1258142564675228,
      "rev_growth_yoy_accel": 0.029949246269117477,
      "fcf_margin_change": -0.1554526359603005
    },
    {
      "date": "2023-09-30T00:00:00",
      "quarter_label": "2023-09 (Q3)",
      "revenue": 6168000000,
      "gross_profit": null,
      "operating_income": null,
      "net_income": 651000000,
      "opex": null,
      "cogs": null,
      "rd": null,
      "sga": 1226000000,
      "fcf": 1719000000,
      "ocf": 1771000000,
      "capex": -52000000,
      "gross_margin": null,
      "op_margin": null,
      "fcf_margin": 0.2786964980544747,
      "rev_growth_yoy": 0.1053763440860215,
      "rev_growth_yoy_accel": -0.020437912381501305,
      "fcf_margin_change": 0.2950628395985316
    },
    {
      "date": "2023-12-31T00:00:00",
      "quarter_label": "2023-12 (Q4)",
      "revenue": 6400000000,
      "gross_profit": null,
      "operating_income": null,
      "net_income": 771000000,
      "opex": null,
      "cogs": null,
      "rd": null,
      "sga": 1214000000,
      "fcf": 1563000000,
      "ocf": 1627000000,
      "capex": -64000000,
      "gross_margin": null,
      "op_margin": null,
      "fcf_margin": 0.24421875,
      "rev_growth_yoy": 0.06382978723404255,
      "rev_growth_yoy_accel": -0.04154655685197896,
      "fcf_margin_change": -0.034477748054474705
    },
    {
      "date": "2024-03-31T00:00:00",
      "quarter_label": "2024-03 (Q1)",
      "revenue": 6419000000,
      "gross_profit": null,
      "operating_income": null,
      "net_income": 753000000,
      "opex": null,
      "cogs": null,
      "rd": null,
      "sga": 1283000000,
      "fcf": 1047000000,
      "ocf": 1097000000,
      "capex": -50000000,
      "gross_margin": null,
      "op_margin": null,
      "fcf_margin": 0.16310951861660694,
      "rev_growth_yoy": 0.08612521150592217,
      "rev_growth_yoy_accel": 0.022295424271879624,
      "fcf_margin_change": -0.08110923138339307
    },
    {
      "date": "2024-06-30T00:00:00",
      "quarter_label": "2024-06 (Q2)",
      "revenue": 6486000000,
      "gross_profit": null,
      "operating_income": null,
      "net_income": 738000000,
      "opex": null,
      "cogs": null,
      "rd": null,
      "sga": 1285000000,
      "fcf": 1199000000,
      "ocf": 1260000000,
      "capex": -61000000,
      "gross_margin": null,
      "op_margin": null,
      "fcf_margin": 0.18485969781066913,
      "rev_growth_yoy": 0.07224334600760456,
      "rev_growth_yoy_accel": -0.013881865498317617,
      "fcf_margin_change": 0.02175017919406219
    },
    {
      "date": "2024-09-30T00:00:00",
      "quarter_label": "2024-09 (Q3)",
      "revenue": 6751000000,
      "gross_profit": null,
      "operating_income": null,
      "net_income": 767000000,
      "opex": null,
      "cogs": null,
      "rd": null,
      "sga": 1323000000,
      "fcf": 1618000000,
      "ocf": 1678000000,
      "capex": -60000000,
      "gross_margin": null,
      "op_margin": null,
      "fcf_margin": 0.2396681973041031,
      "rev_growth_yoy": 0.0945201037613489,
      "rev_growth_yoy_accel": 0.02227675775374434,
      "fcf_margin_change": 0.05480849949343397
    },
    {
      "date": "2024-12-31T00:00:00",
      "quarter_label": "2024-12 (Q4)",
      "revenue": 6879000000,
      "gross_profit": null,
      "operating_income": null,
      "net_income": 853000000,
      "opex": null,
      "cogs": null,
      "rd": null,
      "sga": 1367000000,
      "fcf": 1900000000,
      "ocf": 1874000000,
      "capex": 26000000,
      "gross_margin": null,
      "op_margin": null,
      "fcf_margin": 0.2762029364733246,
      "rev_growth_yoy": 0.07484375,
      "rev_growth_yoy_accel": -0.019676353761348894,
      "fcf_margin_change": 0.03653473916922151
    },
    {
      "date": "2025-03-31T00:00:00",
      "quarter_label": "2025-03 (Q1)",
      "revenue": 6810000000,
      "gross_profit": null,
      "operating_income": null,
      "net_income": 630000000,
      "opex": null,
      "cogs": null,
      "rd": null,
      "sga": 1352000000,
      "fcf": 947000000,
      "ocf": 985000000,
      "capex": -38000000,
      "gross_margin": null,
      "op_margin": null,
      "fcf_margin": 0.13906020558002938,
      "rev_growth_yoy": 0.0609129147842343,
      "rev_growth_yoy_accel": -0.0139308352157657,
      "fcf_margin_change": -0.13714273089329523
    },
    {
      "date": "2025-06-30T00:00:00",
      "quarter_label": "2025-06 (Q2)",
      "revenue": 6987000000,
      "gross_profit": null,
      "operating_income": null,
      "net_income": 995000000,
      "opex": null,
      "cogs": null,
      "rd": null,
      "sga": 1337000000,
      "fcf": 1251000000,
      "ocf": 1291000000,
      "capex": -40000000,
      "gross_margin": null,
      "op_margin": null,
      "fcf_margin": 0.1790468012022327,
      "rev_growth_yoy": 0.07724329324699353,
      "rev_growth_yoy_accel": 0.016330378462759226,
      "fcf_margin_change": 0.03998659562220333
    },
    {
      "date": "2025-09-30T00:00:00",
      "quarter_label": "2025-09 (Q3)",
      "revenue": 7232000000,
      "gross_profit": null,
      "operating_income": null,
      "net_income": 1080000000,
      "opex": null,
      "cogs": null,
      "rd": null,
      "sga": 1414000000,
      "fcf": 1793000000,
      "ocf": 1838000000,
      "capex": -45000000,
      "gross_margin": null,
      "op_margin": null,
      "fcf_margin": 0.2479258849557522,
      "rev_growth_yoy": 0.07124870389571915,
      "rev_growth_yoy_accel": -0.005994589351274379,
      "fcf_margin_change": 0.0688790837535195
    }
  ],
  "signals": [
    {
      "quarter": "2025-09 (Q3)",
      "signal": "FCF MARGIN EXPANSION",
      "detail": "FCF margin: +17.9% -> +24.8% (+6.9%)",
      "severity": "MEDIUM"
    },
    {
      "quarter": "2024-09 (Q3)",
      "signal": "FCF MARGIN EXPANSION",
      "detail": "FCF margin: +18.5% -> +24.0% (+5.5%)",
      "severity": "MEDIUM"
    },
    {
      "quarter": "2023-09 (Q3)",
      "signal": "FCF TURNED POSITIVE",
      "detail": "FCF margin: -1.6% -> +27.9%",
      "severity": "HIGH"
    },
    {
      "quarter": "2023-03 (Q1)",
      "signal": "YoY REVENUE GROWTH ACCELERATION",
      "detail": "YoY growth: +9.6% vs prior quarter YoY: +3.4% (accel: +6.1%)",
      "severity": "MEDIUM"
    },
    {
      "quarter": "2022-12 (Q4)",
      "signal": "YoY REVENUE GROWTH ACCELERATION",
      "detail": "YoY growth: +3.4% vs prior quarter YoY: -1.9% (accel: +5.3%)",
      "severity": "MEDIUM"
    },
    {
      "quarter": "2022-09 (Q3)",
      "signal": "FCF MARGIN EXPANSION",
      "detail": "FCF margin: +17.3% -> +26.5% (+9.2%)",
      "severity": "MEDIUM"
    },
    {
      "quarter": "2022-06 (Q2)",
      "signal": "FCF MARGIN EXPANSION",
      "detail": "FCF margin: +7.4% -> +17.3% (+9.9%)",
      "severity": "MEDIUM"
    },
    {
      "quarter": "2022-06 (Q2)",
      "signal": "YoY REVENUE GROWTH DECELERATION",
      "detail": "YoY growth: -3.9% vs prior quarter YoY: +1.8% (decel: -5.6%)",
      "severity": "WARNING"
    },
    {
      "quarter": "2022-03 (Q1)",
      "signal": "YoY REVENUE GROWTH DECELERATION",
      "detail": "YoY growth: +1.8% vs prior quarter YoY: +9.2% (decel: -7.4%)",
      "severity": "WARNING"
    },
    {
      "quarter": "2021-09 (Q3)",
      "signal": "FCF MARGIN EXPANSION",
      "detail": "FCF margin: +14.6% -> +21.9% (+7.4%)",
      "severity": "MEDIUM"
    }
  ],
  "data_quality": {
    "n_quarters": 20,
    "coverage": {
      "revenue": [
        20,
        20
      ],
      "gross_profit": [
        0,
        20
      ],
      "op_income": [
        0,
        20
      ],
      "fcf": [
        20,
        20
      ]
    },
    "gaps": [],
    "warnings": [
      "gross_profit: no data",
      "op_income: no data"
    ]
  },
  "market_cap": null,
  "source": "SEC EDGAR",
  "last_updated": "2026-02-03T00:53:54.883895",
  "sector": "Financial Services",
  "industry": "Insurance - Diversified"
}