{
  "ticker": "HII",
  "name": "HUNTINGTON INGALLS INDUSTRIES, INC.",
  "quarters": [
    {
      "date": "2020-12-31T00:00:00",
      "quarter_label": "2020-12 (Q4)",
      "revenue": 2757000000,
      "gross_profit": null,
      "operating_income": 305000000,
      "net_income": 249000000,
      "opex": null,
      "cogs": null,
      "rd": null,
      "sga": null,
      "fcf": 469000000,
      "ocf": 602000000,
      "capex": -133000000,
      "gross_margin": null,
      "op_margin": 0.11062749365252085,
      "fcf_margin": 0.17011244105912224
    },
    {
      "date": "2021-03-31T00:00:00",
      "quarter_label": "2021-03 (Q1)",
      "revenue": 2278000000,
      "gross_profit": null,
      "operating_income": 147000000,
      "net_income": 148000000,
      "opex": null,
      "cogs": null,
      "rd": null,
      "sga": null,
      "fcf": -17000000,
      "ocf": 43000000,
      "capex": -60000000,
      "gross_margin": null,
      "op_margin": 0.06453028972783142,
      "fcf_margin": -0.007462686567164179,
      "fcf_margin_change": -0.1775751276262864
    },
    {
      "date": "2021-06-30T00:00:00",
      "quarter_label": "2021-06 (Q2)",
      "revenue": 2231000000,
      "gross_profit": null,
      "operating_income": 128000000,
      "net_income": 129000000,
      "opex": null,
      "cogs": null,
      "rd": null,
      "sga": null,
      "fcf": 22000000,
      "ocf": 96000000,
      "capex": -74000000,
      "gross_margin": null,
      "op_margin": 0.05737337516808606,
      "fcf_margin": 0.009861048857014791,
      "fcf_margin_change": 0.01732373542417897
    },
    {
      "date": "2021-09-30T00:00:00",
      "quarter_label": "2021-09 (Q3)",
      "revenue": 2338000000,
      "gross_profit": null,
      "operating_income": 118000000,
      "net_income": 147000000,
      "opex": null,
      "cogs": null,
      "rd": null,
      "sga": null,
      "fcf": 268000000,
      "ocf": 350000000,
      "capex": -82000000,
      "gross_margin": null,
      "op_margin": 0.0504704875962361,
      "fcf_margin": 0.1146278870829769,
      "fcf_margin_change": 0.10476683822596211
    },
    {
      "date": "2021-12-31T00:00:00",
      "quarter_label": "2021-12 (Q4)",
      "revenue": 2677000000,
      "gross_profit": null,
      "operating_income": 120000000,
      "net_income": 120000000,
      "opex": null,
      "cogs": null,
      "rd": null,
      "sga": null,
      "fcf": 156000000,
      "ocf": 271000000,
      "capex": -115000000,
      "gross_margin": null,
      "op_margin": 0.04482629809488233,
      "fcf_margin": 0.05827418752334703,
      "incr_op_margin_yoy": 2.3125,
      "rev_growth_yoy": -0.029017047515415305,
      "fcf_margin_change": -0.05635369955962987
    },
    {
      "date": "2022-03-31T00:00:00",
      "quarter_label": "2022-03 (Q1)",
      "revenue": 2576000000,
      "gross_profit": null,
      "operating_income": 138000000,
      "net_income": 140000000,
      "opex": null,
      "cogs": null,
      "rd": null,
      "sga": null,
      "fcf": -126000000,
      "ocf": -83000000,
      "capex": -43000000,
      "gross_margin": null,
      "op_margin": 0.05357142857142857,
      "fcf_margin": -0.04891304347826087,
      "incr_op_margin_yoy": -0.030201342281879196,
      "rev_growth_yoy": 0.13081650570676032,
      "rev_growth_yoy_accel": 0.15983355322217563,
      "fcf_margin_change": -0.1071872310016079
    },
    {
      "date": "2022-06-30T00:00:00",
      "quarter_label": "2022-06 (Q2)",
      "revenue": 2662000000,
      "gross_profit": null,
      "operating_income": 191000000,
      "net_income": 178000000,
      "opex": null,
      "cogs": null,
      "rd": null,
      "sga": null,
      "fcf": 208000000,
      "ocf": 267000000,
      "capex": -59000000,
      "gross_margin": null,
      "op_margin": 0.07175056348610068,
      "fcf_margin": 0.0781367392937641,
      "incr_op_margin_yoy": 0.14617169373549885,
      "rev_growth_yoy": 0.1931869116987898,
      "rev_growth_yoy_accel": 0.062370405992029476,
      "fcf_margin_change": 0.12704978277202497
    },
    {
      "date": "2022-09-30T00:00:00",
      "quarter_label": "2022-09 (Q3)",
      "revenue": 2626000000,
      "gross_profit": null,
      "operating_income": 131000000,
      "net_income": 138000000,
      "opex": null,
      "cogs": null,
      "rd": null,
      "sga": null,
      "fcf": -96000000,
      "ocf": -19000000,
      "capex": -77000000,
      "gross_margin": null,
      "op_margin": 0.049885757806549885,
      "fcf_margin": -0.03655750190403656,
      "incr_op_margin_yoy": 0.04513888888888889,
      "rev_growth_yoy": 0.12318220701454234,
      "rev_growth_yoy_accel": -0.07000470468424745,
      "fcf_margin_change": -0.11469424119780065
    },
    {
      "date": "2022-12-31T00:00:00",
      "quarter_label": "2022-12 (Q4)",
      "revenue": 2812000000,
      "gross_profit": null,
      "operating_income": 105000000,
      "net_income": 123000000,
      "opex": null,
      "cogs": null,
      "rd": null,
      "sga": null,
      "fcf": 496000000,
      "ocf": 601000000,
      "capex": -105000000,
      "gross_margin": null,
      "op_margin": 0.03733997155049787,
      "fcf_margin": 0.1763869132290185,
      "incr_op_margin_yoy": -0.1111111111111111,
      "rev_growth_yoy": 0.05042958535674262,
      "rev_growth_yoy_accel": -0.07275262165779972,
      "fcf_margin_change": 0.21294441513305506
    },
    {
      "date": "2023-03-31T00:00:00",
      "quarter_label": "2023-03 (Q1)",
      "revenue": 2674000000,
      "gross_profit": null,
      "operating_income": 141000000,
      "net_income": 129000000,
      "opex": null,
      "cogs": null,
      "rd": null,
      "sga": null,
      "fcf": -52000000,
      "ocf": -9000000,
      "capex": -43000000,
      "gross_margin": null,
      "op_margin": 0.05272999252056844,
      "fcf_margin": -0.01944652206432311,
      "incr_op_margin_yoy": 0.030612244897959183,
      "rev_growth_yoy": 0.03804347826086957,
      "rev_growth_yoy_accel": -0.012386107095873053,
      "fcf_margin_change": -0.19583343529334163
    },
    {
      "date": "2023-06-30T00:00:00",
      "quarter_label": "2023-06 (Q2)",
      "revenue": 2787000000,
      "gross_profit": null,
      "operating_income": 156000000,
      "net_income": 130000000,
      "opex": null,
      "cogs": null,
      "rd": null,
      "sga": null,
      "fcf": 14000000,
      "ocf": 82000000,
      "capex": -68000000,
      "gross_margin": null,
      "op_margin": 0.05597416576964478,
      "fcf_margin": 0.005023322569070686,
      "incr_op_margin_yoy": -0.28,
      "rev_growth_yoy": 0.04695717505634861,
      "rev_growth_yoy_accel": 0.008913696795479042,
      "fcf_margin_change": 0.024469844633393797
    },
    {
      "date": "2023-09-30T00:00:00",
      "quarter_label": "2023-09 (Q3)",
      "revenue": 2816000000,
      "gross_profit": null,
      "operating_income": 172000000,
      "net_income": 148000000,
      "opex": null,
      "cogs": null,
      "rd": null,
      "sga": null,
      "fcf": 282000000,
      "ocf": 335000000,
      "capex": -53000000,
      "gross_margin": null,
      "op_margin": 0.061079545454545456,
      "fcf_margin": 0.10014204545454546,
      "incr_op_margin_yoy": 0.21578947368421053,
      "rev_growth_yoy": 0.07235338918507235,
      "rev_growth_yoy_accel": 0.02539621412872374,
      "fcf_margin_change": 0.09511872288547477
    },
    {
      "date": "2023-12-31T00:00:00",
      "quarter_label": "2023-12 (Q4)",
      "revenue": 3177000000,
      "gross_profit": null,
      "operating_income": 312000000,
      "net_income": 274000000,
      "opex": null,
      "cogs": null,
      "rd": null,
      "sga": null,
      "fcf": 434000000,
      "ocf": 562000000,
      "capex": -128000000,
      "gross_margin": null,
      "op_margin": 0.09820585457979225,
      "fcf_margin": 0.1366068618193264,
      "incr_op_margin_yoy": 0.5671232876712329,
      "rev_growth_yoy": 0.129800853485064,
      "rev_growth_yoy_accel": 0.05744746429999166,
      "fcf_margin_change": 0.03646481636478095
    },
    {
      "date": "2024-03-31T00:00:00",
      "quarter_label": "2024-03 (Q1)",
      "revenue": 2805000000,
      "gross_profit": null,
      "operating_income": 154000000,
      "net_income": 153000000,
      "opex": null,
      "cogs": null,
      "rd": null,
      "sga": null,
      "fcf": -277000000,
      "ocf": -202000000,
      "capex": -75000000,
      "gross_margin": null,
      "op_margin": 0.054901960784313725,
      "fcf_margin": -0.09875222816399287,
      "incr_op_margin_yoy": 0.09923664122137404,
      "rev_growth_yoy": 0.04899027673896784,
      "rev_growth_yoy_accel": -0.08081057674609618,
      "fcf_margin_change": -0.23535908998331928
    },
    {
      "date": "2024-06-30T00:00:00",
      "quarter_label": "2024-06 (Q2)",
      "revenue": 2977000000,
      "gross_profit": null,
      "operating_income": 189000000,
      "net_income": 173000000,
      "opex": null,
      "cogs": null,
      "rd": null,
      "sga": null,
      "fcf": -99000000,
      "ocf": -9000000,
      "capex": -90000000,
      "gross_margin": null,
      "op_margin": 0.06348673160900235,
      "fcf_margin": -0.033254954652334565,
      "incr_op_margin_yoy": 0.1736842105263158,
      "rev_growth_yoy": 0.06817366343738787,
      "rev_growth_yoy_accel": 0.019183386698420034,
      "fcf_margin_change": 0.06549727351165831
    },
    {
      "date": "2024-09-30T00:00:00",
      "quarter_label": "2024-09 (Q3)",
      "revenue": 2749000000,
      "gross_profit": null,
      "operating_income": 82000000,
      "net_income": 101000000,
      "opex": null,
      "cogs": null,
      "rd": null,
      "sga": null,
      "fcf": 125000000,
      "ocf": 213000000,
      "capex": -88000000,
      "gross_margin": null,
      "op_margin": 0.029829028737722807,
      "fcf_margin": 0.045471080392870136,
      "incr_op_margin_yoy": 1.3432835820895523,
      "rev_growth_yoy": -0.023792613636363636,
      "rev_growth_yoy_accel": -0.0919662770737515,
      "fcf_margin_change": 0.0787260350452047
    },
    {
      "date": "2024-12-31T00:00:00",
      "quarter_label": "2024-12 (Q4)",
      "revenue": 3004000000,
      "gross_profit": null,
      "operating_income": 110000000,
      "net_income": 123000000,
      "opex": null,
      "cogs": null,
      "rd": null,
      "sga": null,
      "fcf": 277000000,
      "ocf": 391000000,
      "capex": -114000000,
      "gross_margin": null,
      "op_margin": 0.03661784287616511,
      "fcf_margin": 0.09221038615179761,
      "incr_op_margin_yoy": 1.1676300578034682,
      "rev_growth_yoy": -0.05445388731507712,
      "rev_growth_yoy_accel": -0.03066127367871348,
      "fcf_margin_change": 0.04673930575892747
    },
    {
      "date": "2025-03-31T00:00:00",
      "quarter_label": "2025-03 (Q1)",
      "revenue": 2734000000,
      "gross_profit": null,
      "operating_income": 161000000,
      "net_income": 149000000,
      "opex": null,
      "cogs": null,
      "rd": null,
      "sga": null,
      "fcf": -462000000,
      "ocf": -395000000,
      "capex": -67000000,
      "gross_margin": null,
      "op_margin": 0.05888807607900512,
      "fcf_margin": -0.168983174835406,
      "incr_op_margin_yoy": -0.09859154929577464,
      "rev_growth_yoy": -0.02531194295900178,
      "rev_growth_yoy_accel": 0.029141944356075335,
      "fcf_margin_change": -0.2611935609872036
    },
    {
      "date": "2025-06-30T00:00:00",
      "quarter_label": "2025-06 (Q2)",
      "revenue": 3082000000,
      "gross_profit": null,
      "operating_income": 163000000,
      "net_income": 152000000,
      "opex": null,
      "cogs": null,
      "rd": null,
      "sga": null,
      "fcf": 727000000,
      "ocf": 823000000,
      "capex": -96000000,
      "gross_margin": null,
      "op_margin": 0.05288773523685918,
      "fcf_margin": 0.23588578844905905,
      "incr_op_margin_yoy": -0.24761904761904763,
      "rev_growth_yoy": 0.03527040644944575,
      "rev_growth_yoy_accel": 0.06058234940844753,
      "fcf_margin_change": 0.4048689632844651
    },
    {
      "date": "2025-09-30T00:00:00",
      "quarter_label": "2025-09 (Q3)",
      "revenue": 3192000000,
      "gross_profit": null,
      "operating_income": 161000000,
      "net_income": 145000000,
      "opex": null,
      "cogs": null,
      "rd": null,
      "sga": null,
      "fcf": 13000000,
      "ocf": 118000000,
      "capex": -105000000,
      "gross_margin": null,
      "op_margin": 0.05043859649122807,
      "fcf_margin": 0.004072681704260651,
      "incr_op_margin_yoy": 0.17832957110609482,
      "rev_growth_yoy": 0.16114950891233176,
      "rev_growth_yoy_accel": 0.12587910246288603,
      "fcf_margin_change": -0.2318131067447984
    }
  ],
  "signals": [
    {
      "quarter": "2025-09 (Q3)",
      "signal": "YoY REVENUE GROWTH ACCELERATION",
      "detail": "YoY growth: +16.1% vs prior quarter YoY: +3.5% (accel: +12.6%)",
      "severity": "MEDIUM"
    },
    {
      "quarter": "2025-09 (Q3)",
      "signal": "INCREMENTAL MARGIN (YoY)",
      "detail": "YoY Incr OPM: +17.8% vs year-ago OPM: +3.0%",
      "severity": "MEDIUM"
    },
    {
      "quarter": "2025-06 (Q2)",
      "signal": "FCF TURNED POSITIVE",
      "detail": "FCF margin: -16.9% -> +23.6%",
      "severity": "HIGH"
    },
    {
      "quarter": "2025-06 (Q2)",
      "signal": "YoY REVENUE GROWTH ACCELERATION",
      "detail": "YoY growth: +3.5% vs prior quarter YoY: -2.5% (accel: +6.1%)",
      "severity": "MEDIUM"
    },
    {
      "quarter": "2024-12 (Q4)",
      "signal": "INCREMENTAL MARGIN (YoY)",
      "detail": "YoY Incr OPM: +116.8% vs year-ago OPM: +9.8%",
      "severity": "HIGH"
    },
    {
      "quarter": "2024-09 (Q3)",
      "signal": "FCF TURNED POSITIVE",
      "detail": "FCF margin: -3.3% -> +4.5%",
      "severity": "HIGH"
    },
    {
      "quarter": "2024-09 (Q3)",
      "signal": "YoY REVENUE GROWTH DECELERATION",
      "detail": "YoY growth: -2.4% vs prior quarter YoY: +6.8% (decel: -9.2%)",
      "severity": "WARNING"
    },
    {
      "quarter": "2024-09 (Q3)",
      "signal": "INCREMENTAL MARGIN (YoY)",
      "detail": "YoY Incr OPM: +134.3% vs year-ago OPM: +6.1%",
      "severity": "HIGH"
    },
    {
      "quarter": "2024-06 (Q2)",
      "signal": "FCF MARGIN EXPANSION",
      "detail": "FCF margin: -9.9% -> -3.3% (+6.5%)",
      "severity": "MEDIUM"
    },
    {
      "quarter": "2024-06 (Q2)",
      "signal": "INCREMENTAL MARGIN (YoY)",
      "detail": "YoY Incr OPM: +17.4% vs year-ago OPM: +5.6%",
      "severity": "MEDIUM"
    },
    {
      "quarter": "2024-03 (Q1)",
      "signal": "YoY REVENUE GROWTH DECELERATION",
      "detail": "YoY growth: +4.9% vs prior quarter YoY: +13.0% (decel: -8.1%)",
      "severity": "WARNING"
    },
    {
      "quarter": "2023-12 (Q4)",
      "signal": "YoY REVENUE GROWTH ACCELERATION",
      "detail": "YoY growth: +13.0% vs prior quarter YoY: +7.2% (accel: +5.7%)",
      "severity": "MEDIUM"
    },
    {
      "quarter": "2023-12 (Q4)",
      "signal": "INCREMENTAL MARGIN (YoY)",
      "detail": "YoY Incr OPM: +56.7% vs year-ago OPM: +3.7%",
      "severity": "HIGH"
    },
    {
      "quarter": "2023-09 (Q3)",
      "signal": "FCF MARGIN EXPANSION",
      "detail": "FCF margin: +0.5% -> +10.0% (+9.5%)",
      "severity": "MEDIUM"
    },
    {
      "quarter": "2023-09 (Q3)",
      "signal": "INCREMENTAL MARGIN (YoY)",
      "detail": "YoY Incr OPM: +21.6% vs year-ago OPM: +5.0%",
      "severity": "MEDIUM"
    },
    {
      "quarter": "2023-06 (Q2)",
      "signal": "FCF TURNED POSITIVE",
      "detail": "FCF margin: -1.9% -> +0.5%",
      "severity": "HIGH"
    },
    {
      "quarter": "2022-12 (Q4)",
      "signal": "FCF TURNED POSITIVE",
      "detail": "FCF margin: -3.7% -> +17.6%",
      "severity": "HIGH"
    },
    {
      "quarter": "2022-12 (Q4)",
      "signal": "YoY REVENUE GROWTH DECELERATION",
      "detail": "YoY growth: +5.0% vs prior quarter YoY: +12.3% (decel: -7.3%)",
      "severity": "WARNING"
    },
    {
      "quarter": "2022-09 (Q3)",
      "signal": "YoY REVENUE GROWTH DECELERATION",
      "detail": "YoY growth: +12.3% vs prior quarter YoY: +19.3% (decel: -7.0%)",
      "severity": "WARNING"
    },
    {
      "quarter": "2022-06 (Q2)",
      "signal": "FCF TURNED POSITIVE",
      "detail": "FCF margin: -4.9% -> +7.8%",
      "severity": "HIGH"
    },
    {
      "quarter": "2022-06 (Q2)",
      "signal": "YoY REVENUE GROWTH ACCELERATION",
      "detail": "YoY growth: +19.3% vs prior quarter YoY: +13.1% (accel: +6.2%)",
      "severity": "MEDIUM"
    },
    {
      "quarter": "2022-03 (Q1)",
      "signal": "YoY REVENUE GROWTH ACCELERATION",
      "detail": "YoY growth: +13.1% vs prior quarter YoY: -2.9% (accel: +16.0%)",
      "severity": "HIGH"
    },
    {
      "quarter": "2021-12 (Q4)",
      "signal": "INCREMENTAL MARGIN (YoY)",
      "detail": "YoY Incr OPM: +231.2% vs year-ago OPM: +11.1%",
      "severity": "HIGH"
    },
    {
      "quarter": "2021-09 (Q3)",
      "signal": "FCF MARGIN EXPANSION",
      "detail": "FCF margin: +1.0% -> +11.5% (+10.5%)",
      "severity": "MEDIUM"
    },
    {
      "quarter": "2021-06 (Q2)",
      "signal": "FCF TURNED POSITIVE",
      "detail": "FCF margin: -0.7% -> +1.0%",
      "severity": "HIGH"
    }
  ],
  "data_quality": {
    "n_quarters": 20,
    "coverage": {
      "revenue": [
        20,
        20
      ],
      "gross_profit": [
        0,
        20
      ],
      "op_income": [
        20,
        20
      ],
      "fcf": [
        20,
        20
      ]
    },
    "gaps": [],
    "warnings": [
      "gross_profit: no data"
    ]
  },
  "market_cap": null,
  "source": "SEC EDGAR",
  "last_updated": "2026-02-02T20:23:18.653603"
}