{
  "ticker": "HIPO",
  "name": "HIPPO HOLDINGS INC.",
  "quarters": [
    {
      "date": "2020-12-31T00:00:00",
      "quarter_label": "2020-12 (Q4)",
      "revenue": 16400000,
      "gross_profit": null,
      "operating_income": null,
      "net_income": -54100000,
      "opex": null,
      "cogs": null,
      "rd": null,
      "sga": null,
      "fcf": -29100000,
      "ocf": -29100000,
      "capex": null,
      "gross_margin": null,
      "op_margin": null,
      "fcf_margin": -1.774390243902439
    },
    {
      "date": "2021-03-31T00:00:00",
      "quarter_label": "2021-03 (Q1)",
      "revenue": 17000000,
      "gross_profit": null,
      "operating_income": -1456122,
      "net_income": -2461835,
      "opex": null,
      "cogs": null,
      "rd": null,
      "sga": null,
      "fcf": -15500000,
      "ocf": -15500000,
      "capex": null,
      "gross_margin": null,
      "op_margin": -0.08565423529411764,
      "fcf_margin": -0.9117647058823529,
      "fcf_margin_change": 0.8626255380200861
    },
    {
      "date": "2021-06-30T00:00:00",
      "quarter_label": "2021-06 (Q2)",
      "revenue": 20900000,
      "gross_profit": null,
      "operating_income": -561581,
      "net_income": -2632093,
      "opex": null,
      "cogs": null,
      "rd": null,
      "sga": null,
      "fcf": -53700000,
      "ocf": -53700000,
      "capex": null,
      "gross_margin": null,
      "op_margin": -0.026869904306220094,
      "fcf_margin": -2.569377990430622,
      "fcf_margin_change": -1.6576132845482694
    },
    {
      "date": "2021-09-30T00:00:00",
      "quarter_label": "2021-09 (Q3)",
      "revenue": 21300000,
      "gross_profit": null,
      "operating_income": null,
      "net_income": -30900000,
      "opex": null,
      "cogs": null,
      "rd": null,
      "sga": null,
      "fcf": -50100000,
      "ocf": -50000000,
      "capex": -100000,
      "gross_margin": null,
      "op_margin": null,
      "fcf_margin": -2.352112676056338,
      "fcf_margin_change": 0.2172653143742842
    },
    {
      "date": "2021-12-31T00:00:00",
      "quarter_label": "2021-12 (Q4)",
      "revenue": 32100000,
      "gross_profit": null,
      "operating_income": null,
      "net_income": -60700000,
      "opex": null,
      "cogs": null,
      "rd": null,
      "sga": null,
      "fcf": -6000000,
      "ocf": -5300000,
      "capex": -700000,
      "gross_margin": null,
      "op_margin": null,
      "fcf_margin": -0.18691588785046728,
      "rev_growth_yoy": 0.9573170731707317,
      "fcf_margin_change": 2.1651967882058707
    },
    {
      "date": "2022-03-31T00:00:00",
      "quarter_label": "2022-03 (Q1)",
      "revenue": 24500000,
      "gross_profit": null,
      "operating_income": null,
      "net_income": -67600000,
      "opex": null,
      "cogs": null,
      "rd": null,
      "sga": null,
      "fcf": -61000000,
      "ocf": -58600000,
      "capex": -2400000,
      "gross_margin": null,
      "op_margin": null,
      "fcf_margin": -2.489795918367347,
      "rev_growth_yoy": 0.4411764705882353,
      "rev_growth_yoy_accel": -0.5161406025824964,
      "fcf_margin_change": -2.3028800305168797
    },
    {
      "date": "2022-06-30T00:00:00",
      "quarter_label": "2022-06 (Q2)",
      "revenue": 28700000,
      "gross_profit": null,
      "operating_income": null,
      "net_income": -73500000,
      "opex": null,
      "cogs": null,
      "rd": null,
      "sga": null,
      "fcf": -30400000,
      "ocf": -29800000,
      "capex": -600000,
      "gross_margin": null,
      "op_margin": null,
      "fcf_margin": -1.0592334494773519,
      "rev_growth_yoy": 0.37320574162679426,
      "rev_growth_yoy_accel": -0.06797072896144102,
      "fcf_margin_change": 1.4305624688899952
    },
    {
      "date": "2022-09-30T00:00:00",
      "quarter_label": "2022-09 (Q3)",
      "revenue": 30700000,
      "gross_profit": null,
      "operating_income": null,
      "net_income": -129200000,
      "opex": null,
      "cogs": null,
      "rd": null,
      "sga": null,
      "fcf": -44800000,
      "ocf": -43000000,
      "capex": -1800000,
      "gross_margin": null,
      "op_margin": null,
      "fcf_margin": -1.4592833876221498,
      "rev_growth_yoy": 0.4413145539906103,
      "rev_growth_yoy_accel": 0.06810881236381605,
      "fcf_margin_change": -0.40004993814479795
    },
    {
      "date": "2022-12-31T00:00:00",
      "quarter_label": "2022-12 (Q4)",
      "revenue": 35800000,
      "gross_profit": null,
      "operating_income": null,
      "net_income": -63100000,
      "opex": null,
      "cogs": null,
      "rd": null,
      "sga": null,
      "fcf": -30200000,
      "ocf": -30100000,
      "capex": -100000,
      "gross_margin": null,
      "op_margin": null,
      "fcf_margin": -0.8435754189944135,
      "rev_growth_yoy": 0.11526479750778816,
      "rev_growth_yoy_accel": -0.32604975648282214,
      "fcf_margin_change": 0.6157079686277364
    },
    {
      "date": "2023-03-31T00:00:00",
      "quarter_label": "2023-03 (Q1)",
      "revenue": 39800000,
      "gross_profit": null,
      "operating_income": null,
      "net_income": -69800000,
      "opex": null,
      "cogs": null,
      "rd": null,
      "sga": null,
      "fcf": -35700000,
      "ocf": -35700000,
      "capex": null,
      "gross_margin": null,
      "op_margin": null,
      "fcf_margin": -0.8969849246231156,
      "rev_growth_yoy": 0.6244897959183674,
      "rev_growth_yoy_accel": 0.5092249984105792,
      "fcf_margin_change": -0.05340950562870217
    },
    {
      "date": "2023-06-30T00:00:00",
      "quarter_label": "2023-06 (Q2)",
      "revenue": 47700000,
      "gross_profit": null,
      "operating_income": null,
      "net_income": -107800000,
      "opex": null,
      "cogs": null,
      "rd": null,
      "sga": null,
      "fcf": -38300000,
      "ocf": -9300000,
      "capex": -29000000,
      "gross_margin": null,
      "op_margin": null,
      "fcf_margin": -0.8029350104821803,
      "rev_growth_yoy": 0.662020905923345,
      "rev_growth_yoy_accel": 0.03753111000497755,
      "fcf_margin_change": 0.09404991414093533
    },
    {
      "date": "2023-09-30T00:00:00",
      "quarter_label": "2023-09 (Q3)",
      "revenue": 57700000,
      "gross_profit": null,
      "operating_income": null,
      "net_income": -53100000,
      "opex": null,
      "cogs": null,
      "rd": null,
      "sga": null,
      "fcf": 900000,
      "ocf": 1100000,
      "capex": -200000,
      "gross_margin": null,
      "op_margin": null,
      "fcf_margin": 0.01559792027729636,
      "rev_growth_yoy": 0.8794788273615635,
      "rev_growth_yoy_accel": 0.21745792143821852,
      "fcf_margin_change": 0.8185329307594766
    },
    {
      "date": "2023-12-31T00:00:00",
      "quarter_label": "2023-12 (Q4)",
      "revenue": 64500000,
      "gross_profit": null,
      "operating_income": null,
      "net_income": -42300000,
      "opex": null,
      "cogs": null,
      "rd": null,
      "sga": null,
      "fcf": -48900000,
      "ocf": -48500000,
      "capex": -400000,
      "gross_margin": null,
      "op_margin": null,
      "fcf_margin": -0.7581395348837209,
      "rev_growth_yoy": 0.8016759776536313,
      "rev_growth_yoy_accel": -0.07780284970793216,
      "fcf_margin_change": -0.7737374551610172
    },
    {
      "date": "2024-03-31T00:00:00",
      "quarter_label": "2024-03 (Q1)",
      "revenue": 85100000,
      "gross_profit": null,
      "operating_income": null,
      "net_income": -35700000,
      "opex": null,
      "cogs": null,
      "rd": null,
      "sga": null,
      "fcf": 17600000,
      "ocf": 17700000,
      "capex": -100000,
      "gross_margin": null,
      "op_margin": null,
      "fcf_margin": 0.20681551116333724,
      "rev_growth_yoy": 1.1381909547738693,
      "rev_growth_yoy_accel": 0.33651497712023803,
      "fcf_margin_change": 0.9649550460470582
    },
    {
      "date": "2024-06-30T00:00:00",
      "quarter_label": "2024-06 (Q2)",
      "revenue": 89600000,
      "gross_profit": null,
      "operating_income": null,
      "net_income": -40500000,
      "opex": null,
      "cogs": null,
      "rd": null,
      "sga": null,
      "fcf": -10700000,
      "ocf": -10600000,
      "capex": -100000,
      "gross_margin": null,
      "op_margin": null,
      "fcf_margin": -0.11941964285714286,
      "rev_growth_yoy": 0.8784067085953878,
      "rev_growth_yoy_accel": -0.2597842461784815,
      "fcf_margin_change": -0.3262351540204801
    },
    {
      "date": "2024-09-30T00:00:00",
      "quarter_label": "2024-09 (Q3)",
      "revenue": 95500000,
      "gross_profit": null,
      "operating_income": null,
      "net_income": -8500000,
      "opex": null,
      "cogs": null,
      "rd": null,
      "sga": null,
      "fcf": 46800000,
      "ocf": 46800000,
      "capex": null,
      "gross_margin": null,
      "op_margin": null,
      "fcf_margin": 0.4900523560209424,
      "rev_growth_yoy": 0.6551126516464472,
      "rev_growth_yoy_accel": -0.22329405694894067,
      "fcf_margin_change": 0.6094719988780852
    },
    {
      "date": "2024-12-31T00:00:00",
      "quarter_label": "2024-12 (Q4)",
      "revenue": 101900000,
      "gross_profit": null,
      "operating_income": null,
      "net_income": 44200000,
      "opex": null,
      "cogs": null,
      "rd": null,
      "sga": null,
      "fcf": -6500000,
      "ocf": -6400000,
      "capex": -100000,
      "gross_margin": null,
      "op_margin": null,
      "fcf_margin": -0.06378802747791953,
      "rev_growth_yoy": 0.57984496124031,
      "rev_growth_yoy_accel": -0.07526769040613712,
      "fcf_margin_change": -0.5538403834988619
    },
    {
      "date": "2025-03-31T00:00:00",
      "quarter_label": "2025-03 (Q1)",
      "revenue": 110300000,
      "gross_profit": null,
      "operating_income": null,
      "net_income": -47700000,
      "opex": null,
      "cogs": null,
      "rd": null,
      "sga": null,
      "fcf": -35700000,
      "ocf": -35600000,
      "capex": -100000,
      "gross_margin": null,
      "op_margin": null,
      "fcf_margin": -0.3236627379873073,
      "rev_growth_yoy": 0.29612220916568743,
      "rev_growth_yoy_accel": -0.2837227520746226,
      "fcf_margin_change": -0.2598747105093878
    },
    {
      "date": "2025-06-30T00:00:00",
      "quarter_label": "2025-06 (Q2)",
      "revenue": 117300000,
      "gross_profit": null,
      "operating_income": null,
      "net_income": 1300000,
      "opex": null,
      "cogs": null,
      "rd": null,
      "sga": null,
      "fcf": 24800000,
      "ocf": 24700000,
      "capex": 100000,
      "gross_margin": null,
      "op_margin": null,
      "fcf_margin": 0.21142369991474852,
      "rev_growth_yoy": 0.3091517857142857,
      "rev_growth_yoy_accel": 0.013029576548598265,
      "fcf_margin_change": 0.5350864379020559
    },
    {
      "date": "2025-09-30T00:00:00",
      "quarter_label": "2025-09 (Q3)",
      "revenue": 120600000,
      "gross_profit": null,
      "operating_income": null,
      "net_income": 98100000,
      "opex": null,
      "cogs": null,
      "rd": null,
      "sga": null,
      "fcf": 16800000,
      "ocf": 16900000,
      "capex": -100000,
      "gross_margin": null,
      "op_margin": null,
      "fcf_margin": 0.13930348258706468,
      "rev_growth_yoy": 0.2628272251308901,
      "rev_growth_yoy_accel": -0.046324560583395624,
      "fcf_margin_change": -0.07212021732768384
    }
  ],
  "signals": [
    {
      "quarter": "2025-06 (Q2)",
      "signal": "FCF TURNED POSITIVE",
      "detail": "FCF margin: -32.4% -> +21.1%",
      "severity": "HIGH"
    },
    {
      "quarter": "2025-03 (Q1)",
      "signal": "YoY REVENUE GROWTH DECELERATION",
      "detail": "YoY growth: +29.6% vs prior quarter YoY: +58.0% (decel: -28.4%)",
      "severity": "WARNING"
    },
    {
      "quarter": "2024-12 (Q4)",
      "signal": "YoY REVENUE GROWTH DECELERATION",
      "detail": "YoY growth: +58.0% vs prior quarter YoY: +65.5% (decel: -7.5%)",
      "severity": "WARNING"
    },
    {
      "quarter": "2024-09 (Q3)",
      "signal": "FCF TURNED POSITIVE",
      "detail": "FCF margin: -11.9% -> +49.0%",
      "severity": "HIGH"
    },
    {
      "quarter": "2024-09 (Q3)",
      "signal": "YoY REVENUE GROWTH DECELERATION",
      "detail": "YoY growth: +65.5% vs prior quarter YoY: +87.8% (decel: -22.3%)",
      "severity": "WARNING"
    },
    {
      "quarter": "2024-06 (Q2)",
      "signal": "YoY REVENUE GROWTH DECELERATION",
      "detail": "YoY growth: +87.8% vs prior quarter YoY: +113.8% (decel: -26.0%)",
      "severity": "WARNING"
    },
    {
      "quarter": "2024-03 (Q1)",
      "signal": "FCF TURNED POSITIVE",
      "detail": "FCF margin: -75.8% -> +20.7%",
      "severity": "HIGH"
    },
    {
      "quarter": "2024-03 (Q1)",
      "signal": "YoY REVENUE GROWTH ACCELERATION",
      "detail": "YoY growth: +113.8% vs prior quarter YoY: +80.2% (accel: +33.7%)",
      "severity": "HIGH"
    },
    {
      "quarter": "2023-12 (Q4)",
      "signal": "YoY REVENUE GROWTH DECELERATION",
      "detail": "YoY growth: +80.2% vs prior quarter YoY: +87.9% (decel: -7.8%)",
      "severity": "WARNING"
    },
    {
      "quarter": "2023-09 (Q3)",
      "signal": "FCF TURNED POSITIVE",
      "detail": "FCF margin: -80.3% -> +1.6%",
      "severity": "HIGH"
    },
    {
      "quarter": "2023-09 (Q3)",
      "signal": "YoY REVENUE GROWTH ACCELERATION",
      "detail": "YoY growth: +87.9% vs prior quarter YoY: +66.2% (accel: +21.7%)",
      "severity": "HIGH"
    },
    {
      "quarter": "2023-06 (Q2)",
      "signal": "FCF MARGIN EXPANSION",
      "detail": "FCF margin: -89.7% -> -80.3% (+9.4%)",
      "severity": "MEDIUM"
    },
    {
      "quarter": "2023-03 (Q1)",
      "signal": "YoY REVENUE GROWTH ACCELERATION",
      "detail": "YoY growth: +62.4% vs prior quarter YoY: +11.5% (accel: +50.9%)",
      "severity": "HIGH"
    },
    {
      "quarter": "2022-12 (Q4)",
      "signal": "FCF MARGIN EXPANSION",
      "detail": "FCF margin: -145.9% -> -84.4% (+61.6%)",
      "severity": "MEDIUM"
    },
    {
      "quarter": "2022-12 (Q4)",
      "signal": "YoY REVENUE GROWTH DECELERATION",
      "detail": "YoY growth: +11.5% vs prior quarter YoY: +44.1% (decel: -32.6%)",
      "severity": "WARNING"
    },
    {
      "quarter": "2022-09 (Q3)",
      "signal": "YoY REVENUE GROWTH ACCELERATION",
      "detail": "YoY growth: +44.1% vs prior quarter YoY: +37.3% (accel: +6.8%)",
      "severity": "MEDIUM"
    },
    {
      "quarter": "2022-06 (Q2)",
      "signal": "FCF MARGIN EXPANSION",
      "detail": "FCF margin: -249.0% -> -105.9% (+143.1%)",
      "severity": "MEDIUM"
    },
    {
      "quarter": "2022-06 (Q2)",
      "signal": "YoY REVENUE GROWTH DECELERATION",
      "detail": "YoY growth: +37.3% vs prior quarter YoY: +44.1% (decel: -6.8%)",
      "severity": "WARNING"
    },
    {
      "quarter": "2022-03 (Q1)",
      "signal": "YoY REVENUE GROWTH DECELERATION",
      "detail": "YoY growth: +44.1% vs prior quarter YoY: +95.7% (decel: -51.6%)",
      "severity": "WARNING"
    },
    {
      "quarter": "2021-12 (Q4)",
      "signal": "FCF MARGIN EXPANSION",
      "detail": "FCF margin: -235.2% -> -18.7% (+216.5%)",
      "severity": "MEDIUM"
    },
    {
      "quarter": "2021-09 (Q3)",
      "signal": "FCF MARGIN EXPANSION",
      "detail": "FCF margin: -256.9% -> -235.2% (+21.7%)",
      "severity": "MEDIUM"
    },
    {
      "quarter": "2021-03 (Q1)",
      "signal": "FCF MARGIN EXPANSION",
      "detail": "FCF margin: -177.4% -> -91.2% (+86.3%)",
      "severity": "MEDIUM"
    }
  ],
  "data_quality": {
    "n_quarters": 20,
    "coverage": {
      "revenue": [
        20,
        20
      ],
      "gross_profit": [
        0,
        20
      ],
      "op_income": [
        2,
        20
      ],
      "fcf": [
        20,
        20
      ]
    },
    "gaps": [],
    "warnings": [
      "gross_profit: no data",
      "op_income: 2/20Q"
    ]
  },
  "market_cap": null,
  "source": "SEC EDGAR",
  "last_updated": "2026-02-02T22:09:59.462212",
  "sector": "Financial Services",
  "industry": "Insurance - Property & Casualty"
}