{
  "ticker": "HIW",
  "name": "HIGHWOODS PROPERTIES, INC.",
  "sector": "Real Estate",
  "industry": "REIT - Office",
  "quarters": [
    {
      "date": "2021-03-31T00:00:00",
      "quarter_label": "2021-03 (Q1)",
      "revenue": 183805000,
      "gross_profit": null,
      "operating_income": 127616000,
      "net_income": null,
      "opex": 127068000,
      "cogs": null,
      "rd": null,
      "sga": null,
      "fcf": 82980000,
      "ocf": 82980000,
      "capex": null,
      "gross_margin": null,
      "op_margin": 0.6943010255433748,
      "fcf_margin": 0.45145670683604905
    },
    {
      "date": "2021-06-30T00:00:00",
      "quarter_label": "2021-06 (Q2)",
      "revenue": 185502000,
      "gross_profit": null,
      "operating_income": 129276000,
      "net_income": null,
      "opex": 128282000,
      "cogs": null,
      "rd": null,
      "sga": null,
      "fcf": 114435000,
      "ocf": 114435000,
      "capex": null,
      "gross_margin": null,
      "op_margin": 0.6968981466507099,
      "fcf_margin": 0.6168936183976453,
      "fcf_margin_change": 0.1654369115615963
    },
    {
      "date": "2021-09-30T00:00:00",
      "quarter_label": "2021-09 (Q3)",
      "revenue": 195495000,
      "gross_profit": null,
      "operating_income": 134928000,
      "net_income": null,
      "opex": 137464000,
      "cogs": null,
      "rd": null,
      "sga": null,
      "fcf": 111803000,
      "ocf": 111803000,
      "capex": null,
      "gross_margin": null,
      "op_margin": 0.6901864497813244,
      "fcf_margin": 0.5718969794623904,
      "op_leverage_ratio": 0.7526199477867919,
      "fcf_margin_change": -0.04499663893525496
    },
    {
      "date": "2021-12-31T00:00:00",
      "quarter_label": "2021-12 (Q4)",
      "revenue": 203205000,
      "gross_profit": null,
      "operating_income": 139751000,
      "net_income": null,
      "opex": 143430000,
      "cogs": null,
      "rd": null,
      "sga": null,
      "fcf": 105340000,
      "ocf": 105340000,
      "capex": null,
      "gross_margin": null,
      "op_margin": 0.6877340616618686,
      "fcf_margin": 0.5183927560837578,
      "op_leverage_ratio": 0.9087082099209262,
      "fcf_margin_change": -0.05350422337863259
    },
    {
      "date": "2022-03-31T00:00:00",
      "quarter_label": "2022-03 (Q1)",
      "revenue": 206378000,
      "gross_profit": null,
      "operating_income": 144956000,
      "net_income": null,
      "opex": 144645000,
      "cogs": null,
      "rd": null,
      "sga": null,
      "fcf": 74078000,
      "ocf": 74078000,
      "capex": null,
      "gross_margin": null,
      "op_margin": 0.7023810677494694,
      "fcf_margin": 0.3589432982197715,
      "incr_op_margin_yoy": 0.7681743676073185,
      "rev_growth_yoy": 0.12280949919751911,
      "op_leverage_ratio": 1.8433143444207805,
      "fcf_margin_change": -0.1594494578639863
    },
    {
      "date": "2022-06-30T00:00:00",
      "quarter_label": "2022-06 (Q2)",
      "revenue": 203841000,
      "gross_profit": null,
      "operating_income": 141472000,
      "net_income": null,
      "opex": 176702000,
      "cogs": null,
      "rd": null,
      "sga": null,
      "fcf": 127820000,
      "ocf": 127820000,
      "capex": null,
      "gross_margin": null,
      "op_margin": 0.6940311321078684,
      "fcf_margin": 0.6270573633371108,
      "incr_op_margin_yoy": 0.6650308086591418,
      "rev_growth_yoy": 0.09886146780088624,
      "rev_growth_yoy_accel": -0.023948031396632874,
      "fcf_margin_change": 0.2681140651173393
    },
    {
      "date": "2022-09-30T00:00:00",
      "quarter_label": "2022-09 (Q3)",
      "revenue": 206997000,
      "gross_profit": null,
      "operating_income": 140663000,
      "net_income": null,
      "opex": 150492000,
      "cogs": null,
      "rd": null,
      "sga": null,
      "fcf": 117981000,
      "ocf": 117981000,
      "capex": null,
      "gross_margin": null,
      "op_margin": 0.6795412493900878,
      "fcf_margin": 0.5699647820982913,
      "incr_op_margin_yoy": 0.4986089375760737,
      "rev_growth_yoy": 0.05883526432901097,
      "rev_growth_yoy_accel": -0.04002620347187527,
      "op_leverage_ratio": null,
      "fcf_margin_change": -0.05709258123881955
    },
    {
      "date": "2022-12-31T00:00:00",
      "quarter_label": "2022-12 (Q4)",
      "revenue": 211713000,
      "gross_profit": null,
      "operating_income": 142032000,
      "net_income": null,
      "opex": 154358000,
      "cogs": null,
      "rd": null,
      "sga": null,
      "fcf": 101900000,
      "ocf": 101900000,
      "capex": null,
      "gross_margin": null,
      "op_margin": 0.6708704708733049,
      "fcf_margin": 0.48131196478251215,
      "incr_op_margin_yoy": 0.26810061118946876,
      "rev_growth_yoy": 0.04186904849782239,
      "rev_growth_yoy_accel": -0.016966215831188576,
      "op_leverage_ratio": 0.8868727466131282,
      "fcf_margin_change": -0.08865281731577912
    },
    {
      "date": "2023-03-31T00:00:00",
      "quarter_label": "2023-03 (Q1)",
      "revenue": 212752000,
      "gross_profit": null,
      "operating_income": 147021000,
      "net_income": null,
      "opex": 148779000,
      "cogs": null,
      "rd": null,
      "sga": null,
      "fcf": 65669000,
      "ocf": 65669000,
      "capex": null,
      "gross_margin": null,
      "op_margin": 0.6910440324885313,
      "fcf_margin": 0.3086645483943747,
      "incr_op_margin_yoy": 0.3239723878255413,
      "rev_growth_yoy": 0.03088507495954026,
      "rev_growth_yoy_accel": -0.010983973538282132,
      "fcf_margin_change": -0.17264741638813746
    },
    {
      "date": "2023-06-30T00:00:00",
      "quarter_label": "2023-06 (Q2)",
      "revenue": 207291000,
      "gross_profit": null,
      "operating_income": 140984000,
      "net_income": null,
      "opex": 150705000,
      "cogs": null,
      "rd": null,
      "sga": null,
      "fcf": 115451000,
      "ocf": 115451000,
      "capex": null,
      "gross_margin": null,
      "op_margin": 0.6801260064353976,
      "fcf_margin": 0.5569513389389795,
      "incr_op_margin_yoy": -0.14144927536231883,
      "rev_growth_yoy": 0.016924956215874136,
      "rev_growth_yoy_accel": -0.013960118743666126,
      "fcf_margin_change": 0.24828679054460484
    },
    {
      "date": "2023-09-30T00:00:00",
      "quarter_label": "2023-09 (Q3)",
      "revenue": 207095000,
      "gross_profit": null,
      "operating_income": 139902000,
      "net_income": null,
      "opex": 150831000,
      "cogs": null,
      "rd": null,
      "sga": null,
      "fcf": 103051000,
      "ocf": 103051000,
      "capex": null,
      "gross_margin": null,
      "op_margin": 0.6755450397160724,
      "fcf_margin": 0.49760254955455224,
      "rev_growth_yoy": 0.00047343681309390957,
      "rev_growth_yoy_accel": -0.016451519402780227,
      "fcf_margin_change": -0.05934878938442728
    },
    {
      "date": "2023-12-31T00:00:00",
      "quarter_label": "2023-12 (Q4)",
      "revenue": 206859000,
      "gross_profit": null,
      "operating_income": 137308000,
      "net_income": null,
      "opex": 160735000,
      "cogs": null,
      "rd": null,
      "sga": null,
      "fcf": 102791000,
      "ocf": 102791000,
      "capex": null,
      "gross_margin": null,
      "op_margin": 0.663775808642602,
      "fcf_margin": 0.4969133564408607,
      "incr_op_margin_yoy": 0.973217964565307,
      "rev_growth_yoy": -0.022927264740474133,
      "rev_growth_yoy_accel": -0.02340070155356804,
      "fcf_margin_change": -0.000689193113691533
    },
    {
      "date": "2024-03-31T00:00:00",
      "quarter_label": "2024-03 (Q1)",
      "revenue": 211275000,
      "gross_profit": null,
      "operating_income": 140840000,
      "net_income": null,
      "opex": 156605000,
      "cogs": null,
      "rd": null,
      "sga": null,
      "fcf": 72410000,
      "ocf": 72410000,
      "capex": null,
      "gross_margin": null,
      "op_margin": 0.666619334989942,
      "fcf_margin": 0.34272867116317596,
      "incr_op_margin_yoy": 4.184834123222749,
      "rev_growth_yoy": -0.006942355418515455,
      "rev_growth_yoy_accel": 0.015984909321958677,
      "op_leverage_ratio": null,
      "fcf_margin_change": -0.15418468527768475
    },
    {
      "date": "2024-06-30T00:00:00",
      "quarter_label": "2024-06 (Q2)",
      "revenue": 204738000,
      "gross_profit": null,
      "operating_income": 140179000,
      "net_income": null,
      "opex": 147661000,
      "cogs": null,
      "rd": null,
      "sga": null,
      "fcf": 129955000,
      "ocf": 129955000,
      "capex": null,
      "gross_margin": null,
      "op_margin": 0.6846750481102678,
      "fcf_margin": 0.6347380554660103,
      "incr_op_margin_yoy": 0.3153153153153153,
      "rev_growth_yoy": -0.01231601950880646,
      "rev_growth_yoy_accel": -0.005373664090291005,
      "fcf_margin_change": 0.2920093843028343
    },
    {
      "date": "2024-09-30T00:00:00",
      "quarter_label": "2024-09 (Q3)",
      "revenue": 204323000,
      "gross_profit": null,
      "operating_income": 138617000,
      "net_income": null,
      "opex": 154720000,
      "cogs": null,
      "rd": null,
      "sga": null,
      "fcf": 97493000,
      "ocf": 97493000,
      "capex": null,
      "gross_margin": null,
      "op_margin": 0.678420931564239,
      "fcf_margin": 0.47715137307106886,
      "incr_op_margin_yoy": 0.46356421356421357,
      "rev_growth_yoy": -0.013385161399357783,
      "rev_growth_yoy_accel": -0.0010691418905513228,
      "fcf_margin_change": -0.1575866823949414
    },
    {
      "date": "2024-12-31T00:00:00",
      "quarter_label": "2024-12 (Q4)",
      "revenue": 205526000,
      "gross_profit": null,
      "operating_income": 134053000,
      "net_income": null,
      "opex": 178736000,
      "cogs": null,
      "rd": null,
      "sga": null,
      "fcf": 103726000,
      "ocf": 103726000,
      "capex": null,
      "gross_margin": null,
      "op_margin": 0.6522435117698004,
      "fcf_margin": 0.5046855385693294,
      "incr_op_margin_yoy": 2.441860465116279,
      "rev_growth_yoy": -0.006444002919863289,
      "rev_growth_yoy_accel": 0.006941158479494494,
      "fcf_margin_change": 0.027534165498260543
    },
    {
      "date": "2025-03-31T00:00:00",
      "quarter_label": "2025-03 (Q1)",
      "revenue": 200383000,
      "gross_profit": null,
      "operating_income": 135349000,
      "net_income": null,
      "opex": 148896000,
      "cogs": null,
      "rd": null,
      "sga": null,
      "fcf": 46324000,
      "ocf": 46324000,
      "capex": null,
      "gross_margin": null,
      "op_margin": 0.675451510357665,
      "fcf_margin": 0.2311772954791574,
      "incr_op_margin_yoy": 0.5041314726404701,
      "rev_growth_yoy": -0.05155366228848657,
      "rev_growth_yoy_accel": -0.04510965936862328,
      "fcf_margin_change": -0.27350824309017197
    },
    {
      "date": "2025-06-30T00:00:00",
      "quarter_label": "2025-06 (Q2)",
      "revenue": 200600000,
      "gross_profit": null,
      "operating_income": 136945000,
      "net_income": null,
      "opex": 148653000,
      "cogs": null,
      "rd": null,
      "sga": null,
      "fcf": 116531000,
      "ocf": 116531000,
      "capex": null,
      "gross_margin": null,
      "op_margin": 0.6826769690927218,
      "fcf_margin": 0.5809122632103689,
      "incr_op_margin_yoy": 0.7815369743837602,
      "rev_growth_yoy": -0.020211196749015815,
      "rev_growth_yoy_accel": 0.03134246553947075,
      "fcf_margin_change": 0.3497349677312115
    },
    {
      "date": "2025-09-30T00:00:00",
      "quarter_label": "2025-09 (Q3)",
      "revenue": 201773000,
      "gross_profit": null,
      "operating_income": 135850000,
      "net_income": null,
      "opex": 157616000,
      "cogs": null,
      "rd": null,
      "sga": null,
      "fcf": 96668000,
      "ocf": 96668000,
      "capex": null,
      "gross_margin": null,
      "op_margin": 0.6732813607370659,
      "fcf_margin": 0.47909284195605956,
      "incr_op_margin_yoy": 1.0850980392156864,
      "rev_growth_yoy": -0.012480239620600716,
      "rev_growth_yoy_accel": 0.0077309571284151,
      "fcf_margin_change": -0.10181942125430937
    },
    {
      "date": "2025-12-31T00:00:00",
      "quarter_label": "2025-12 (Q4)",
      "revenue": 203356000,
      "gross_profit": null,
      "operating_income": 136595000,
      "net_income": null,
      "opex": 150269000,
      "cogs": null,
      "rd": null,
      "sga": null,
      "fcf": 99684000,
      "ocf": 99684000,
      "capex": null,
      "gross_margin": null,
      "op_margin": 0.6717038100670745,
      "fcf_margin": 0.4901945356911033,
      "incr_op_margin_yoy": -1.1714285714285715,
      "rev_growth_yoy": -0.010558274865467144,
      "rev_growth_yoy_accel": 0.001921964755133572,
      "fcf_margin_change": 0.011101693735043716
    }
  ],
  "signals": [
    {
      "quarter": "2025-09 (Q3)",
      "signal": "INCREMENTAL MARGIN (YoY)",
      "detail": "YoY Incr OPM: +108.5% vs year-ago OPM: +67.8%",
      "severity": "HIGH"
    },
    {
      "quarter": "2025-06 (Q2)",
      "signal": "FCF MARGIN EXPANSION",
      "detail": "FCF margin: +23.1% -> +58.1% (+35.0%)",
      "severity": "MEDIUM"
    },
    {
      "quarter": "2024-12 (Q4)",
      "signal": "INCREMENTAL MARGIN (YoY)",
      "detail": "YoY Incr OPM: +244.2% vs year-ago OPM: +66.4%",
      "severity": "HIGH"
    },
    {
      "quarter": "2024-06 (Q2)",
      "signal": "FCF MARGIN EXPANSION",
      "detail": "FCF margin: +34.3% -> +63.5% (+29.2%)",
      "severity": "MEDIUM"
    },
    {
      "quarter": "2024-03 (Q1)",
      "signal": "INCREMENTAL MARGIN (YoY)",
      "detail": "YoY Incr OPM: +418.5% vs year-ago OPM: +69.1%",
      "severity": "HIGH"
    },
    {
      "quarter": "2023-12 (Q4)",
      "signal": "INCREMENTAL MARGIN (YoY)",
      "detail": "YoY Incr OPM: +97.3% vs year-ago OPM: +67.1%",
      "severity": "HIGH"
    },
    {
      "quarter": "2023-06 (Q2)",
      "signal": "FCF MARGIN EXPANSION",
      "detail": "FCF margin: +30.9% -> +55.7% (+24.8%)",
      "severity": "MEDIUM"
    },
    {
      "quarter": "2022-06 (Q2)",
      "signal": "FCF MARGIN EXPANSION",
      "detail": "FCF margin: +35.9% -> +62.7% (+26.8%)",
      "severity": "MEDIUM"
    },
    {
      "quarter": "2022-03 (Q1)",
      "signal": "OPERATING LEVERAGE",
      "detail": "Rev growth +1.6% vs OpEx growth +0.8% (leverage: 1.8x)",
      "severity": "MEDIUM"
    },
    {
      "quarter": "2021-06 (Q2)",
      "signal": "FCF MARGIN EXPANSION",
      "detail": "FCF margin: +45.1% -> +61.7% (+16.5%)",
      "severity": "MEDIUM"
    }
  ],
  "data_quality": {
    "n_quarters": 20,
    "coverage": {
      "revenue": [
        20,
        20
      ],
      "gross_profit": [
        0,
        20
      ],
      "op_income": [
        20,
        20
      ],
      "fcf": [
        20,
        20
      ]
    },
    "gaps": [],
    "warnings": [
      "gross_profit: no data"
    ]
  },
  "market_cap": null,
  "source": "SEC EDGAR",
  "last_updated": "2026-02-24T11:03:21.688048"
}