{
  "ticker": "HLF",
  "name": "HERBALIFE LTD.",
  "quarters": [
    {
      "date": "2020-12-31T00:00:00",
      "quarter_label": "2020-12 (Q4)",
      "revenue": 1410700000,
      "gross_profit": 1101300000,
      "operating_income": 148400000,
      "net_income": 73800000,
      "opex": 952900000,
      "cogs": 309400000,
      "rd": null,
      "sga": 515500000,
      "fcf": 76100000,
      "ocf": 112500000,
      "capex": -36400000,
      "gross_margin": 0.7806762600127596,
      "op_margin": 0.10519600198483023,
      "fcf_margin": 0.05394485007443113
    },
    {
      "date": "2021-03-31T00:00:00",
      "quarter_label": "2021-03 (Q1)",
      "revenue": 1501600000,
      "gross_profit": 1187300000,
      "operating_income": 222500000,
      "net_income": 147400000,
      "opex": 964800000,
      "cogs": 314300000,
      "rd": null,
      "sga": 506700000,
      "fcf": 76700000,
      "ocf": 110100000,
      "capex": -33400000,
      "gross_margin": 0.7906899307405434,
      "op_margin": 0.14817527970165156,
      "fcf_margin": 0.051078849227490675,
      "op_leverage_ratio": 5.159760962583092,
      "fcf_margin_change": -0.0028660008469404558
    },
    {
      "date": "2021-06-30T00:00:00",
      "quarter_label": "2021-06 (Q2)",
      "revenue": 1552300000,
      "gross_profit": 1229100000,
      "operating_income": 237900000,
      "net_income": 144200000,
      "opex": 991200000,
      "cogs": 323200000,
      "rd": null,
      "sga": 505900000,
      "fcf": 141800000,
      "ocf": 176800000,
      "capex": -35000000,
      "gross_margin": 0.7917928235521484,
      "op_margin": 0.15325645815886105,
      "fcf_margin": 0.09134832184500419,
      "op_leverage_ratio": 1.233920182108781,
      "fcf_margin_change": 0.04026947261751351
    },
    {
      "date": "2021-09-30T00:00:00",
      "quarter_label": "2021-09 (Q3)",
      "revenue": 1430900000,
      "gross_profit": 1125700000,
      "operating_income": 189400000,
      "net_income": 117400000,
      "opex": 936300000,
      "cogs": 305200000,
      "rd": null,
      "sga": 486300000,
      "fcf": 51900000,
      "ocf": 88000000,
      "capex": -36100000,
      "gross_margin": 0.7867076665035991,
      "op_margin": 0.13236424627856594,
      "fcf_margin": 0.036270878468097005,
      "fcf_margin_change": -0.05507744337690718
    },
    {
      "date": "2021-12-31T00:00:00",
      "quarter_label": "2021-12 (Q4)",
      "revenue": 1318000000,
      "gross_profit": 1021400000,
      "operating_income": 84300000,
      "net_income": 38200000,
      "opex": 937100000,
      "cogs": 296600000,
      "rd": null,
      "sga": 513200000,
      "fcf": 38500000,
      "ocf": 85400000,
      "capex": -46900000,
      "gross_margin": 0.7749620637329286,
      "op_margin": 0.06396054628224583,
      "fcf_margin": 0.02921092564491654,
      "incr_op_margin_yoy": 0.6914778856526429,
      "rev_growth_yoy": -0.06571205784362373,
      "fcf_margin_change": -0.007059952823180466
    },
    {
      "date": "2022-03-31T00:00:00",
      "quarter_label": "2022-03 (Q1)",
      "revenue": 1335800000,
      "gross_profit": 1028700000,
      "operating_income": 153100000,
      "net_income": 98200000,
      "opex": 875600000,
      "cogs": 307100000,
      "rd": null,
      "sga": 454900000,
      "fcf": 89200000,
      "ocf": 130500000,
      "capex": -41300000,
      "gross_margin": 0.770100314418326,
      "op_margin": 0.11461296601287618,
      "fcf_margin": 0.06677646354244647,
      "incr_op_margin_yoy": 0.41857659831121835,
      "rev_growth_yoy": -0.1104155567394779,
      "rev_growth_yoy_accel": -0.04470349889585416,
      "op_leverage_ratio": Infinity,
      "fcf_margin_change": 0.037565537897529935
    },
    {
      "date": "2022-06-30T00:00:00",
      "quarter_label": "2022-06 (Q2)",
      "revenue": 1392700000,
      "gross_profit": 1076900000,
      "operating_income": 155800000,
      "net_income": 86500000,
      "opex": 921100000,
      "cogs": 315800000,
      "rd": null,
      "sga": 470000000,
      "fcf": 64200000,
      "ocf": 98800000,
      "capex": -34600000,
      "gross_margin": 0.7732462123931931,
      "op_margin": 0.11186903137789904,
      "fcf_margin": 0.04609750843684929,
      "incr_op_margin_yoy": 0.5144110275689223,
      "rev_growth_yoy": -0.10281517747858017,
      "rev_growth_yoy_accel": 0.007600379260897724,
      "op_leverage_ratio": 0.8197193433905516,
      "fcf_margin_change": -0.020678955105597183
    },
    {
      "date": "2022-09-30T00:00:00",
      "quarter_label": "2022-09 (Q3)",
      "revenue": 1295100000,
      "gross_profit": 1010000000,
      "operating_income": 147400000,
      "net_income": 82200000,
      "opex": 862600000,
      "cogs": 285100000,
      "rd": null,
      "sga": 448200000,
      "fcf": 31900000,
      "ocf": 69600000,
      "capex": -37700000,
      "gross_margin": 0.7798625588757625,
      "op_margin": 0.11381360512701721,
      "fcf_margin": 0.024631302602115667,
      "incr_op_margin_yoy": 0.30927835051546393,
      "rev_growth_yoy": -0.09490530435390314,
      "rev_growth_yoy_accel": 0.00790987312467703,
      "fcf_margin_change": -0.02146620583473362
    },
    {
      "date": "2022-12-31T00:00:00",
      "quarter_label": "2022-12 (Q4)",
      "revenue": 1180800000,
      "gross_profit": 915200000,
      "operating_income": 88900000,
      "net_income": 54400000,
      "opex": 826300000,
      "cogs": 265600000,
      "rd": null,
      "sga": 437300000,
      "fcf": 10800000,
      "ocf": 53600000,
      "capex": -42800000,
      "gross_margin": 0.7750677506775068,
      "op_margin": 0.0752879403794038,
      "fcf_margin": 0.009146341463414634,
      "incr_op_margin_yoy": -0.033527696793002916,
      "rev_growth_yoy": -0.10409711684370258,
      "rev_growth_yoy_accel": -0.009191812489799445,
      "fcf_margin_change": -0.015484961138701034
    },
    {
      "date": "2023-03-31T00:00:00",
      "quarter_label": "2023-03 (Q1)",
      "revenue": 1252100000,
      "gross_profit": 953500000,
      "operating_income": 70500000,
      "net_income": 29300000,
      "opex": 883000000,
      "cogs": 298600000,
      "rd": null,
      "sga": 475900000,
      "fcf": 15900000,
      "ocf": 46200000,
      "capex": -30300000,
      "gross_margin": 0.7615206453158694,
      "op_margin": 0.05630540691638048,
      "fcf_margin": 0.012698666240715598,
      "incr_op_margin_yoy": 0.986857825567503,
      "rev_growth_yoy": -0.0626590807007037,
      "rev_growth_yoy_accel": 0.04143803614299889,
      "op_leverage_ratio": 0.8799700260009655,
      "fcf_margin_change": 0.003552324777300964
    },
    {
      "date": "2023-06-30T00:00:00",
      "quarter_label": "2023-06 (Q2)",
      "revenue": 1314000000,
      "gross_profit": 1012400000,
      "operating_income": 123400000,
      "net_income": 59900000,
      "opex": 889000000,
      "cogs": 301600000,
      "rd": null,
      "sga": 460500000,
      "fcf": 97300000,
      "ocf": 135600000,
      "capex": -38300000,
      "gross_margin": 0.7704718417047184,
      "op_margin": 0.0939117199391172,
      "fcf_margin": 0.07404870624048707,
      "incr_op_margin_yoy": 0.41168996188055906,
      "rev_growth_yoy": -0.05650893947009406,
      "rev_growth_yoy_accel": 0.006150141230609633,
      "op_leverage_ratio": 7.2754705428213935,
      "fcf_margin_change": 0.06135003999977147
    },
    {
      "date": "2023-09-30T00:00:00",
      "quarter_label": "2023-09 (Q3)",
      "revenue": 1281300000,
      "gross_profit": 978100000,
      "operating_income": 106700000,
      "net_income": 42800000,
      "opex": 871400000,
      "cogs": 303200000,
      "rd": null,
      "sga": 455300000,
      "fcf": 48500000,
      "ocf": 79600000,
      "capex": -31100000,
      "gross_margin": 0.7633653320846016,
      "op_margin": 0.0832747990322329,
      "fcf_margin": 0.03785218137828768,
      "incr_op_margin_yoy": 2.949275362318841,
      "rev_growth_yoy": -0.010655547834144082,
      "rev_growth_yoy_accel": 0.04585339163594998,
      "fcf_margin_change": -0.03619652486219939
    },
    {
      "date": "2023-12-31T00:00:00",
      "quarter_label": "2023-12 (Q4)",
      "revenue": 1215000000,
      "gross_profit": 927400000,
      "operating_income": 55800000,
      "net_income": 10200000,
      "opex": 871600000,
      "cogs": 287600000,
      "rd": null,
      "sga": 474300000,
      "fcf": 60800000,
      "ocf": 96100000,
      "capex": -35300000,
      "gross_margin": 0.7632921810699589,
      "op_margin": 0.045925925925925926,
      "fcf_margin": 0.05004115226337449,
      "incr_op_margin_yoy": -0.9678362573099415,
      "rev_growth_yoy": 0.028963414634146343,
      "rev_growth_yoy_accel": 0.03961896246829043,
      "fcf_margin_change": 0.01218897088508681
    },
    {
      "date": "2024-03-31T00:00:00",
      "quarter_label": "2024-03 (Q1)",
      "revenue": 1264300000,
      "gross_profit": 979300000,
      "operating_income": 71900000,
      "net_income": 24300000,
      "opex": 907400000,
      "cogs": 285000000,
      "rd": null,
      "sga": 492200000,
      "fcf": -19100000,
      "ocf": 13800000,
      "capex": -32900000,
      "gross_margin": 0.7745788183184371,
      "op_margin": 0.056869413904927626,
      "fcf_margin": -0.015107173930238076,
      "incr_op_margin_yoy": 0.11475409836065574,
      "rev_growth_yoy": 0.009743630700423288,
      "rev_growth_yoy_accel": -0.019219783933723054,
      "op_leverage_ratio": 0.9878814630894085,
      "fcf_margin_change": -0.06514832619361256
    },
    {
      "date": "2024-06-30T00:00:00",
      "quarter_label": "2024-06 (Q2)",
      "revenue": 1281100000,
      "gross_profit": 998000000,
      "operating_income": 80400000,
      "net_income": 4700000,
      "opex": 917600000,
      "cogs": 283100000,
      "rd": null,
      "sga": 502300000,
      "fcf": 66200000,
      "ocf": 102500000,
      "capex": -36300000,
      "gross_margin": 0.7790180313792834,
      "op_margin": 0.0627585668566076,
      "fcf_margin": 0.05167434236203263,
      "incr_op_margin_yoy": 1.3069908814589666,
      "rev_growth_yoy": -0.025038051750380517,
      "rev_growth_yoy_accel": -0.034781682450803805,
      "op_leverage_ratio": 1.1821096072693098,
      "fcf_margin_change": 0.0667815162922707
    },
    {
      "date": "2024-09-30T00:00:00",
      "quarter_label": "2024-09 (Q3)",
      "revenue": 1240300000,
      "gross_profit": 971600000,
      "operating_income": 127100000,
      "net_income": 47400000,
      "opex": 844500000,
      "cogs": 268700000,
      "rd": null,
      "sga": 444000000,
      "fcf": 72400000,
      "ocf": 99500000,
      "capex": -27100000,
      "gross_margin": 0.7833588647907764,
      "op_margin": 0.10247520761106184,
      "fcf_margin": 0.05837297428041603,
      "incr_op_margin_yoy": -0.4975609756097561,
      "rev_growth_yoy": -0.03199875126824319,
      "rev_growth_yoy_accel": -0.006960699517862674,
      "fcf_margin_change": 0.006698631918383401
    },
    {
      "date": "2024-12-31T00:00:00",
      "quarter_label": "2024-12 (Q4)",
      "revenue": 1207400000,
      "gross_profit": 939900000,
      "operating_income": 106500000,
      "net_income": 177900000,
      "opex": 833400000,
      "cogs": 267500000,
      "rd": null,
      "sga": 436900000,
      "fcf": 43900000,
      "ocf": 69600000,
      "capex": -25700000,
      "gross_margin": 0.7784495610402518,
      "op_margin": 0.08820606261388107,
      "fcf_margin": 0.0363591187675998,
      "incr_op_margin_yoy": -6.671052631578948,
      "rev_growth_yoy": -0.006255144032921811,
      "rev_growth_yoy_accel": 0.02574360723532138,
      "fcf_margin_change": -0.022013855512816233
    },
    {
      "date": "2025-03-31T00:00:00",
      "quarter_label": "2025-03 (Q1)",
      "revenue": 1221700000,
      "gross_profit": 956500000,
      "operating_income": 122800000,
      "net_income": 50400000,
      "opex": 833700000,
      "cogs": 265200000,
      "rd": null,
      "sga": 431900000,
      "fcf": -18100000,
      "ocf": 200000,
      "capex": -18300000,
      "gross_margin": 0.782925431775395,
      "op_margin": 0.10051567487926659,
      "fcf_margin": -0.014815421134484735,
      "incr_op_margin_yoy": -1.1948356807511737,
      "rev_growth_yoy": -0.03369453452503361,
      "rev_growth_yoy_accel": -0.0274393904921118,
      "op_leverage_ratio": Infinity,
      "fcf_margin_change": -0.05117453990208454
    },
    {
      "date": "2025-06-30T00:00:00",
      "quarter_label": "2025-06 (Q2)",
      "revenue": 1259100000,
      "gross_profit": 982200000,
      "operating_income": 132600000,
      "net_income": 49300000,
      "opex": 849600000,
      "cogs": 276900000,
      "rd": null,
      "sga": 447900000,
      "fcf": 73200000,
      "ocf": 96000000,
      "capex": -22800000,
      "gross_margin": 0.7800810102454134,
      "op_margin": 0.10531331903740768,
      "fcf_margin": 0.05813676435549202,
      "incr_op_margin_yoy": -2.3727272727272726,
      "rev_growth_yoy": -0.017172742174693622,
      "rev_growth_yoy_accel": 0.01652179235033999,
      "op_leverage_ratio": 1.605165088548126,
      "fcf_margin_change": 0.07295218548997676
    },
    {
      "date": "2025-09-30T00:00:00",
      "quarter_label": "2025-09 (Q3)",
      "revenue": 1273700000,
      "gross_profit": 989500000,
      "operating_income": 125800000,
      "net_income": 43200000,
      "opex": 863700000,
      "cogs": 284200000,
      "rd": null,
      "sga": 447600000,
      "fcf": 118000000,
      "ocf": 138800000,
      "capex": -20800000,
      "gross_margin": 0.7768705346627934,
      "op_margin": 0.09876737065242992,
      "fcf_margin": 0.09264347962628562,
      "incr_op_margin_yoy": -0.038922155688622756,
      "rev_growth_yoy": 0.02692896879787148,
      "rev_growth_yoy_accel": 0.0441017109725651,
      "op_leverage_ratio": 0.6986956235203463,
      "fcf_margin_change": 0.0345067152707936
    }
  ],
  "signals": [
    {
      "quarter": "2025-06 (Q2)",
      "signal": "FCF TURNED POSITIVE",
      "detail": "FCF margin: -1.5% -> +5.8%",
      "severity": "HIGH"
    },
    {
      "quarter": "2025-06 (Q2)",
      "signal": "OPERATING LEVERAGE",
      "detail": "Rev growth +3.1% vs OpEx growth +1.9% (leverage: 1.6x)",
      "severity": "MEDIUM"
    },
    {
      "quarter": "2025-03 (Q1)",
      "signal": "OPERATING LEVERAGE",
      "detail": "Rev growth +1.2% vs OpEx growth +0.0% (leverage: 32.9x)",
      "severity": "MEDIUM"
    },
    {
      "quarter": "2024-06 (Q2)",
      "signal": "FCF TURNED POSITIVE",
      "detail": "FCF margin: -1.5% -> +5.2%",
      "severity": "HIGH"
    },
    {
      "quarter": "2024-06 (Q2)",
      "signal": "INCREMENTAL MARGIN (YoY)",
      "detail": "YoY Incr OPM: +130.7% vs year-ago OPM: +9.4%",
      "severity": "HIGH"
    },
    {
      "quarter": "2023-09 (Q3)",
      "signal": "INCREMENTAL MARGIN (YoY)",
      "detail": "YoY Incr OPM: +294.9% vs year-ago OPM: +11.4%",
      "severity": "HIGH"
    },
    {
      "quarter": "2023-06 (Q2)",
      "signal": "FCF MARGIN EXPANSION",
      "detail": "FCF margin: +1.3% -> +7.4% (+6.1%)",
      "severity": "MEDIUM"
    },
    {
      "quarter": "2023-06 (Q2)",
      "signal": "OPERATING LEVERAGE",
      "detail": "Rev growth +4.9% vs OpEx growth +0.7% (leverage: 7.3x)",
      "severity": "MEDIUM"
    },
    {
      "quarter": "2023-06 (Q2)",
      "signal": "INCREMENTAL MARGIN (YoY)",
      "detail": "YoY Incr OPM: +41.2% vs year-ago OPM: +11.2%",
      "severity": "HIGH"
    },
    {
      "quarter": "2023-03 (Q1)",
      "signal": "INCREMENTAL MARGIN (YoY)",
      "detail": "YoY Incr OPM: +98.7% vs year-ago OPM: +11.5%",
      "severity": "HIGH"
    },
    {
      "quarter": "2022-09 (Q3)",
      "signal": "INCREMENTAL MARGIN (YoY)",
      "detail": "YoY Incr OPM: +30.9% vs year-ago OPM: +13.2%",
      "severity": "MEDIUM"
    },
    {
      "quarter": "2022-06 (Q2)",
      "signal": "INCREMENTAL MARGIN (YoY)",
      "detail": "YoY Incr OPM: +51.4% vs year-ago OPM: +15.3%",
      "severity": "HIGH"
    },
    {
      "quarter": "2022-03 (Q1)",
      "signal": "INCREMENTAL MARGIN (YoY)",
      "detail": "YoY Incr OPM: +41.9% vs year-ago OPM: +14.8%",
      "severity": "HIGH"
    },
    {
      "quarter": "2021-12 (Q4)",
      "signal": "INCREMENTAL MARGIN (YoY)",
      "detail": "YoY Incr OPM: +69.1% vs year-ago OPM: +10.5%",
      "severity": "HIGH"
    },
    {
      "quarter": "2021-03 (Q1)",
      "signal": "OPERATING LEVERAGE",
      "detail": "Rev growth +6.4% vs OpEx growth +1.2% (leverage: 5.2x)",
      "severity": "MEDIUM"
    }
  ],
  "data_quality": {
    "n_quarters": 20,
    "coverage": {
      "revenue": [
        20,
        20
      ],
      "gross_profit": [
        20,
        20
      ],
      "op_income": [
        20,
        20
      ],
      "fcf": [
        20,
        20
      ]
    },
    "gaps": [],
    "warnings": []
  },
  "market_cap": null,
  "source": "SEC EDGAR",
  "last_updated": "2026-02-02T21:42:08.942681"
}