{
  "ticker": "HLI",
  "name": "Houlihan Lokey, Inc.",
  "quarters": [
    {
      "date": "2020-12-31T00:00:00",
      "quarter_label": "2020-12 (Q4)",
      "revenue": 537876000,
      "gross_profit": 189187000,
      "operating_income": 158416000,
      "net_income": 118515000,
      "opex": 379460000,
      "cogs": null,
      "rd": null,
      "sga": null,
      "fcf": 304058000,
      "ocf": 308514000,
      "capex": -4456000,
      "gross_margin": 0.35172976671203027,
      "op_margin": 0.294521413857469,
      "fcf_margin": 0.5652938595512721
    },
    {
      "date": "2021-03-31T00:00:00",
      "quarter_label": "2021-03 (Q1)",
      "revenue": 500704000,
      "gross_profit": 175158000,
      "operating_income": 140276000,
      "net_income": 99366000,
      "opex": 360428000,
      "cogs": null,
      "rd": null,
      "sga": null,
      "fcf": 269507000,
      "ocf": 272653000,
      "capex": -3146000,
      "gross_margin": 0.3498234485843932,
      "op_margin": 0.2801575381862338,
      "fcf_margin": 0.5382561353614111,
      "fcf_margin_change": -0.027037724189860946
    },
    {
      "date": "2021-06-30T00:00:00",
      "quarter_label": "2021-06 (Q2)",
      "revenue": 372722000,
      "gross_profit": 133451000,
      "operating_income": 107676000,
      "net_income": 85960000,
      "opex": 265046000,
      "cogs": null,
      "rd": null,
      "sga": null,
      "fcf": -91496000,
      "ocf": -90093000,
      "capex": -1403000,
      "gross_margin": 0.35804433331008095,
      "op_margin": 0.28889091601783634,
      "fcf_margin": -0.24548054582235554,
      "fcf_margin_change": -0.7837366811837667
    },
    {
      "date": "2021-09-30T00:00:00",
      "quarter_label": "2021-09 (Q3)",
      "revenue": 537272000,
      "gross_profit": 189634000,
      "operating_income": 157319000,
      "net_income": 112883000,
      "opex": 379953000,
      "cogs": null,
      "rd": null,
      "sga": null,
      "fcf": 209114000,
      "ocf": 210211000,
      "capex": -1097000,
      "gross_margin": 0.3529571613633318,
      "op_margin": 0.29281071784868745,
      "fcf_margin": 0.3892144016438601,
      "op_leverage_ratio": 1.0183278631351007,
      "fcf_margin_change": 0.6346949474662157
    },
    {
      "date": "2021-12-31T00:00:00",
      "quarter_label": "2021-12 (Q4)",
      "revenue": 888798000,
      "gross_profit": 320983000,
      "operating_income": 249260000,
      "net_income": 173735000,
      "opex": 639538000,
      "cogs": null,
      "rd": null,
      "sga": null,
      "fcf": 546963000,
      "ocf": 552017000,
      "capex": -5054000,
      "gross_margin": 0.36114280185148934,
      "op_margin": 0.2804461756214573,
      "fcf_margin": 0.6153962992716006,
      "incr_op_margin_yoy": 0.2588723420019264,
      "rev_growth_yoy": 0.652421747763425,
      "op_leverage_ratio": 0.9576648095903936,
      "fcf_margin_change": 0.22618189762774044
    },
    {
      "date": "2022-03-31T00:00:00",
      "quarter_label": "2022-03 (Q1)",
      "revenue": 471166000,
      "gross_profit": 151218000,
      "operating_income": 98609000,
      "net_income": 65173000,
      "opex": 372557000,
      "cogs": null,
      "rd": null,
      "sga": null,
      "fcf": 63343000,
      "ocf": 64469000,
      "capex": -1126000,
      "gross_margin": 0.32094421074525753,
      "op_margin": 0.2092871726737498,
      "fcf_margin": 0.13443881774151786,
      "incr_op_margin_yoy": 1.4106236034938047,
      "rev_growth_yoy": -0.05899293794337573,
      "rev_growth_yoy_accel": -0.7114146857068007,
      "fcf_margin_change": -0.48095748153008266
    },
    {
      "date": "2022-06-30T00:00:00",
      "quarter_label": "2022-06 (Q2)",
      "revenue": 418644000,
      "gross_profit": 137295000,
      "operating_income": 77570000,
      "net_income": 70782000,
      "opex": 341074000,
      "cogs": null,
      "rd": null,
      "sga": null,
      "fcf": -282505000,
      "ocf": -278020000,
      "capex": -4485000,
      "gross_margin": 0.32795167254278096,
      "op_margin": 0.18528869397387757,
      "fcf_margin": -0.6748096234509512,
      "incr_op_margin_yoy": -0.6555899133313009,
      "rev_growth_yoy": 0.1232071087834901,
      "rev_growth_yoy_accel": 0.18220004672686582,
      "fcf_margin_change": -0.8092484411924691
    },
    {
      "date": "2022-09-30T00:00:00",
      "quarter_label": "2022-09 (Q3)",
      "revenue": 489537000,
      "gross_profit": 137526000,
      "operating_income": 89371000,
      "net_income": 60730000,
      "opex": 400166000,
      "cogs": null,
      "rd": null,
      "sga": null,
      "fcf": 71792000,
      "ocf": 85103000,
      "capex": -13311000,
      "gross_margin": 0.28093075702143044,
      "op_margin": 0.18256229866179677,
      "fcf_margin": 0.14665285770023512,
      "incr_op_margin_yoy": 1.4234419189274117,
      "rev_growth_yoy": -0.08884698997900504,
      "rev_growth_yoy_accel": -0.21205409876249515,
      "op_leverage_ratio": 0.9774136705156349,
      "fcf_margin_change": 0.8214624811511864
    },
    {
      "date": "2022-12-31T00:00:00",
      "quarter_label": "2022-12 (Q4)",
      "revenue": 456499000,
      "gross_profit": 136354000,
      "operating_income": 84173000,
      "net_income": 63051000,
      "opex": 372326000,
      "cogs": null,
      "rd": null,
      "sga": null,
      "fcf": 77192000,
      "ocf": 91042000,
      "capex": -13850000,
      "gross_margin": 0.2986950683353085,
      "op_margin": 0.18438813666623585,
      "fcf_margin": 0.1690956606695743,
      "incr_op_margin_yoy": 0.3818815218170757,
      "rev_growth_yoy": -0.4863861079795409,
      "rev_growth_yoy_accel": -0.3975391180005359,
      "fcf_margin_change": 0.022442802969339176
    },
    {
      "date": "2023-03-31T00:00:00",
      "quarter_label": "2023-03 (Q1)",
      "revenue": 444767000,
      "gross_profit": 145906000,
      "operating_income": 90624000,
      "net_income": 59660000,
      "opex": 354143000,
      "cogs": null,
      "rd": null,
      "sga": null,
      "fcf": 219063000,
      "ocf": 238148000,
      "capex": -19085000,
      "gross_margin": 0.32805041740956503,
      "op_margin": 0.20375612399301207,
      "fcf_margin": 0.49253429323668346,
      "incr_op_margin_yoy": 0.30247357854464185,
      "rev_growth_yoy": -0.05602908529053455,
      "rev_growth_yoy_accel": 0.43035702268900633,
      "fcf_margin_change": 0.32343863256710914
    },
    {
      "date": "2023-06-30T00:00:00",
      "quarter_label": "2023-06 (Q2)",
      "revenue": 415829000,
      "gross_profit": 120115000,
      "operating_income": 73347000,
      "net_income": 61390000,
      "opex": 342482000,
      "cogs": null,
      "rd": null,
      "sga": null,
      "fcf": -149222000,
      "ocf": -133568000,
      "capex": -15654000,
      "gross_margin": 0.28885671754495235,
      "op_margin": 0.17638740924755128,
      "fcf_margin": -0.35885424056523235,
      "incr_op_margin_yoy": 1.500177619893428,
      "rev_growth_yoy": -0.0067240901577473935,
      "rev_growth_yoy_accel": 0.049304995132787154,
      "fcf_margin_change": -0.8513885338019158
    },
    {
      "date": "2023-09-30T00:00:00",
      "quarter_label": "2023-09 (Q3)",
      "revenue": 466989000,
      "gross_profit": 142609000,
      "operating_income": 90277000,
      "net_income": 67031000,
      "opex": 376712000,
      "cogs": null,
      "rd": null,
      "sga": null,
      "fcf": 112547000,
      "ocf": 135820000,
      "capex": -23273000,
      "gross_margin": 0.30537978410626376,
      "op_margin": 0.19331718734274256,
      "fcf_margin": 0.24100567679324353,
      "incr_op_margin_yoy": -0.04018094731240021,
      "rev_growth_yoy": -0.04605984838735377,
      "rev_growth_yoy_accel": -0.039335758229606374,
      "op_leverage_ratio": 1.2309675764795582,
      "fcf_margin_change": 0.5998599173584759
    },
    {
      "date": "2023-12-31T00:00:00",
      "quarter_label": "2023-12 (Q4)",
      "revenue": 511130000,
      "gross_profit": 150870000,
      "operating_income": 96540000,
      "net_income": 70803000,
      "opex": 414590000,
      "cogs": null,
      "rd": null,
      "sga": null,
      "fcf": 85316000,
      "ocf": 100896000,
      "capex": -15580000,
      "gross_margin": 0.29516952634359167,
      "op_margin": 0.18887562850938117,
      "fcf_margin": 0.16691644004460704,
      "incr_op_margin_yoy": 0.22637330453405577,
      "rev_growth_yoy": 0.11967386566016575,
      "rev_growth_yoy_accel": 0.16573371404751952,
      "op_leverage_ratio": 0.9400651046386821,
      "fcf_margin_change": -0.07408923674863649
    },
    {
      "date": "2024-03-31T00:00:00",
      "quarter_label": "2024-03 (Q1)",
      "revenue": 520456000,
      "gross_profit": 157477000,
      "operating_income": 102697000,
      "net_income": 81077000,
      "opex": 417759000,
      "cogs": null,
      "rd": null,
      "sga": null,
      "fcf": 213087000,
      "ocf": 225310000,
      "capex": -12223000,
      "gross_margin": 0.30257504957191383,
      "op_margin": 0.19732119525954164,
      "fcf_margin": 0.40942365925265534,
      "incr_op_margin_yoy": 0.15950798662949703,
      "rev_growth_yoy": 0.17017674422787663,
      "rev_growth_yoy_accel": 0.05050287856771088,
      "op_leverage_ratio": 2.3870450894671853,
      "fcf_margin_change": 0.2425072192080483
    },
    {
      "date": "2024-06-30T00:00:00",
      "quarter_label": "2024-06 (Q2)",
      "revenue": 513609000,
      "gross_profit": 157212000,
      "operating_income": 95568000,
      "net_income": 88940000,
      "opex": 418041000,
      "cogs": null,
      "rd": null,
      "sga": null,
      "fcf": -75383000,
      "ocf": -64511000,
      "capex": -10872000,
      "gross_margin": 0.3060927670659977,
      "op_margin": 0.18607150575632436,
      "fcf_margin": -0.1467711819691633,
      "incr_op_margin_yoy": 0.2272550623849458,
      "rev_growth_yoy": 0.23514473497519414,
      "rev_growth_yoy_accel": 0.06496799074731752,
      "fcf_margin_change": -0.5561948412218186
    },
    {
      "date": "2024-09-30T00:00:00",
      "quarter_label": "2024-09 (Q3)",
      "revenue": 574957000,
      "gross_profit": 189963000,
      "operating_income": 130669000,
      "net_income": 93549000,
      "opex": 444288000,
      "cogs": null,
      "rd": null,
      "sga": null,
      "fcf": 278726000,
      "ocf": 289222000,
      "capex": -10496000,
      "gross_margin": 0.3303951425932722,
      "op_margin": 0.2272674304339281,
      "fcf_margin": 0.48477712246307114,
      "incr_op_margin_yoy": 0.3741108476585655,
      "rev_growth_yoy": 0.23120030664533855,
      "rev_growth_yoy_accel": -0.003944428329855587,
      "op_leverage_ratio": 1.902422572669677,
      "fcf_margin_change": 0.6315483044322344
    },
    {
      "date": "2024-12-31T00:00:00",
      "quarter_label": "2024-12 (Q4)",
      "revenue": 634428000,
      "gross_profit": 199101000,
      "operating_income": 136102000,
      "net_income": 95302000,
      "opex": 498326000,
      "cogs": null,
      "rd": null,
      "sga": null,
      "fcf": 261664000,
      "ocf": 265514000,
      "capex": -3850000,
      "gross_margin": 0.3138275738145227,
      "op_margin": 0.21452710157811447,
      "fcf_margin": 0.4124408128266722,
      "incr_op_margin_yoy": 0.320864896429788,
      "rev_growth_yoy": 0.24122630250621171,
      "rev_growth_yoy_accel": 0.01002599586087316,
      "op_leverage_ratio": 0.8504233806703405,
      "fcf_margin_change": -0.07233630963639892
    },
    {
      "date": "2025-03-31T00:00:00",
      "quarter_label": "2025-03 (Q1)",
      "revenue": 666422000,
      "gross_profit": 226036000,
      "operating_income": 139205000,
      "net_income": 121920000,
      "opex": 527217000,
      "cogs": null,
      "rd": null,
      "sga": null,
      "fcf": 343903000,
      "ocf": 358384000,
      "capex": -14481000,
      "gross_margin": 0.3391784785016101,
      "op_margin": 0.2088841604868987,
      "fcf_margin": 0.5160438881069352,
      "incr_op_margin_yoy": 0.25011304002301904,
      "rev_growth_yoy": 0.2804579061438431,
      "rev_growth_yoy_accel": 0.03923160363763137,
      "op_leverage_ratio": 0.869835585895601,
      "fcf_margin_change": 0.10360307528026302
    },
    {
      "date": "2025-06-30T00:00:00",
      "quarter_label": "2025-06 (Q2)",
      "revenue": 605349000,
      "gross_profit": 187754000,
      "operating_income": 89800000,
      "net_income": 97533000,
      "opex": 515549000,
      "cogs": null,
      "rd": null,
      "sga": null,
      "fcf": -144815000,
      "ocf": -131630000,
      "capex": -13185000,
      "gross_margin": 0.31015827233546267,
      "op_margin": 0.14834417831697086,
      "fcf_margin": -0.23922563678142691,
      "incr_op_margin_yoy": -0.06287333769348158,
      "rev_growth_yoy": 0.1786183653323832,
      "rev_growth_yoy_accel": -0.10183954081145988,
      "fcf_margin_change": -0.7552695248883622
    },
    {
      "date": "2025-09-30T00:00:00",
      "quarter_label": "2025-09 (Q3)",
      "revenue": 659452000,
      "gross_profit": 222839000,
      "operating_income": 151341000,
      "net_income": 111781000,
      "opex": 508111000,
      "cogs": null,
      "rd": null,
      "sga": null,
      "fcf": 322808000,
      "ocf": 325046000,
      "capex": -2238000,
      "gross_margin": 0.3379154206826274,
      "op_margin": 0.22949509592813427,
      "fcf_margin": 0.4895094715005793,
      "incr_op_margin_yoy": 0.2446535297946624,
      "rev_growth_yoy": 0.1469588160505916,
      "rev_growth_yoy_accel": -0.0316595492817916,
      "op_leverage_ratio": Infinity,
      "fcf_margin_change": 0.7287351082820062
    }
  ],
  "signals": [
    {
      "quarter": "2025-09 (Q3)",
      "signal": "FCF TURNED POSITIVE",
      "detail": "FCF margin: -23.9% -> +49.0%",
      "severity": "HIGH"
    },
    {
      "quarter": "2025-09 (Q3)",
      "signal": "GROSS MARGIN INFLECTION",
      "detail": "GM: +33.9% -> +31.0% -> +33.8% (reversal +2.8%)",
      "severity": "MEDIUM"
    },
    {
      "quarter": "2025-06 (Q2)",
      "signal": "YoY REVENUE GROWTH DECELERATION",
      "detail": "YoY growth: +17.9% vs prior quarter YoY: +28.0% (decel: -10.2%)",
      "severity": "WARNING"
    },
    {
      "quarter": "2025-03 (Q1)",
      "signal": "FCF MARGIN EXPANSION",
      "detail": "FCF margin: +41.2% -> +51.6% (+10.4%)",
      "severity": "MEDIUM"
    },
    {
      "quarter": "2025-03 (Q1)",
      "signal": "GROSS MARGIN INFLECTION",
      "detail": "GM: +33.0% -> +31.4% -> +33.9% (reversal +2.5%)",
      "severity": "MEDIUM"
    },
    {
      "quarter": "2024-12 (Q4)",
      "signal": "INCREMENTAL MARGIN (YoY)",
      "detail": "YoY Incr OPM: +32.1% vs year-ago OPM: +18.9%",
      "severity": "MEDIUM"
    },
    {
      "quarter": "2024-09 (Q3)",
      "signal": "FCF TURNED POSITIVE",
      "detail": "FCF margin: -14.7% -> +48.5%",
      "severity": "HIGH"
    },
    {
      "quarter": "2024-09 (Q3)",
      "signal": "OPERATING LEVERAGE",
      "detail": "Rev growth +11.9% vs OpEx growth +6.3% (leverage: 1.9x)",
      "severity": "MEDIUM"
    },
    {
      "quarter": "2024-09 (Q3)",
      "signal": "INCREMENTAL MARGIN (YoY)",
      "detail": "YoY Incr OPM: +37.4% vs year-ago OPM: +19.3%",
      "severity": "MEDIUM"
    },
    {
      "quarter": "2024-06 (Q2)",
      "signal": "YoY REVENUE GROWTH ACCELERATION",
      "detail": "YoY growth: +23.5% vs prior quarter YoY: +17.0% (accel: +6.5%)",
      "severity": "MEDIUM"
    },
    {
      "quarter": "2024-03 (Q1)",
      "signal": "FCF MARGIN EXPANSION",
      "detail": "FCF margin: +16.7% -> +40.9% (+24.3%)",
      "severity": "MEDIUM"
    },
    {
      "quarter": "2024-03 (Q1)",
      "signal": "OPERATING LEVERAGE",
      "detail": "Rev growth +1.8% vs OpEx growth +0.8% (leverage: 2.4x)",
      "severity": "MEDIUM"
    },
    {
      "quarter": "2024-03 (Q1)",
      "signal": "YoY REVENUE GROWTH ACCELERATION",
      "detail": "YoY growth: +17.0% vs prior quarter YoY: +12.0% (accel: +5.1%)",
      "severity": "MEDIUM"
    },
    {
      "quarter": "2023-12 (Q4)",
      "signal": "YoY REVENUE GROWTH ACCELERATION",
      "detail": "YoY growth: +12.0% vs prior quarter YoY: -4.6% (accel: +16.6%)",
      "severity": "HIGH"
    },
    {
      "quarter": "2023-09 (Q3)",
      "signal": "FCF TURNED POSITIVE",
      "detail": "FCF margin: -35.9% -> +24.1%",
      "severity": "HIGH"
    },
    {
      "quarter": "2023-06 (Q2)",
      "signal": "INCREMENTAL MARGIN (YoY)",
      "detail": "YoY Incr OPM: +150.0% vs year-ago OPM: +18.5%",
      "severity": "HIGH"
    },
    {
      "quarter": "2023-03 (Q1)",
      "signal": "FCF MARGIN EXPANSION",
      "detail": "FCF margin: +16.9% -> +49.3% (+32.3%)",
      "severity": "MEDIUM"
    },
    {
      "quarter": "2023-03 (Q1)",
      "signal": "YoY REVENUE GROWTH ACCELERATION",
      "detail": "YoY growth: -5.6% vs prior quarter YoY: -48.6% (accel: +43.0%)",
      "severity": "HIGH"
    },
    {
      "quarter": "2022-12 (Q4)",
      "signal": "YoY REVENUE GROWTH DECELERATION",
      "detail": "YoY growth: -48.6% vs prior quarter YoY: -8.9% (decel: -39.8%)",
      "severity": "WARNING"
    },
    {
      "quarter": "2022-12 (Q4)",
      "signal": "INCREMENTAL MARGIN (YoY)",
      "detail": "YoY Incr OPM: +38.2% vs year-ago OPM: +28.0%",
      "severity": "MEDIUM"
    },
    {
      "quarter": "2022-09 (Q3)",
      "signal": "FCF TURNED POSITIVE",
      "detail": "FCF margin: -67.5% -> +14.7%",
      "severity": "HIGH"
    },
    {
      "quarter": "2022-09 (Q3)",
      "signal": "YoY REVENUE GROWTH DECELERATION",
      "detail": "YoY growth: -8.9% vs prior quarter YoY: +12.3% (decel: -21.2%)",
      "severity": "WARNING"
    },
    {
      "quarter": "2022-09 (Q3)",
      "signal": "INCREMENTAL MARGIN (YoY)",
      "detail": "YoY Incr OPM: +142.3% vs year-ago OPM: +29.3%",
      "severity": "HIGH"
    },
    {
      "quarter": "2022-06 (Q2)",
      "signal": "YoY REVENUE GROWTH ACCELERATION",
      "detail": "YoY growth: +12.3% vs prior quarter YoY: -5.9% (accel: +18.2%)",
      "severity": "HIGH"
    },
    {
      "quarter": "2022-03 (Q1)",
      "signal": "YoY REVENUE GROWTH DECELERATION",
      "detail": "YoY growth: -5.9% vs prior quarter YoY: +65.2% (decel: -71.1%)",
      "severity": "WARNING"
    },
    {
      "quarter": "2022-03 (Q1)",
      "signal": "INCREMENTAL MARGIN (YoY)",
      "detail": "YoY Incr OPM: +141.1% vs year-ago OPM: +28.0%",
      "severity": "HIGH"
    },
    {
      "quarter": "2021-12 (Q4)",
      "signal": "FCF MARGIN EXPANSION",
      "detail": "FCF margin: +38.9% -> +61.5% (+22.6%)",
      "severity": "MEDIUM"
    },
    {
      "quarter": "2021-09 (Q3)",
      "signal": "FCF TURNED POSITIVE",
      "detail": "FCF margin: -24.5% -> +38.9%",
      "severity": "HIGH"
    }
  ],
  "data_quality": {
    "n_quarters": 20,
    "coverage": {
      "revenue": [
        20,
        20
      ],
      "gross_profit": [
        20,
        20
      ],
      "op_income": [
        20,
        20
      ],
      "fcf": [
        20,
        20
      ]
    },
    "gaps": [],
    "warnings": []
  },
  "market_cap": null,
  "source": "SEC EDGAR",
  "last_updated": "2026-02-02T20:31:41.149305"
}