{
  "ticker": "HLMN",
  "name": "Hillman Solutions Corp.",
  "quarters": [
    {
      "date": "2020-12-26T00:00:00",
      "quarter_label": "2020-12 (Q4)",
      "revenue": 327069000,
      "gross_profit": 135548000,
      "operating_income": null,
      "net_income": null,
      "opex": null,
      "cogs": 191521000,
      "rd": null,
      "sga": 106416000,
      "fcf": null,
      "ocf": null,
      "capex": null,
      "gross_margin": 0.4144324286312674,
      "op_margin": null,
      "fcf_margin": null
    },
    {
      "date": "2021-03-27T00:00:00",
      "quarter_label": "2021-03 (Q1)",
      "revenue": 341281000,
      "gross_profit": 139983000,
      "operating_income": null,
      "net_income": null,
      "opex": null,
      "cogs": 201298000,
      "rd": null,
      "sga": 103179000,
      "fcf": null,
      "ocf": null,
      "capex": null,
      "gross_margin": 0.41016933260275257,
      "op_margin": null,
      "fcf_margin": null
    },
    {
      "date": "2021-06-26T00:00:00",
      "quarter_label": "2021-06 (Q2)",
      "revenue": 375715000,
      "gross_profit": 159748000,
      "operating_income": 19509000,
      "net_income": -3385000,
      "opex": 140239000,
      "cogs": 215967000,
      "rd": null,
      "sga": 111662000,
      "fcf": -14450000,
      "ocf": -14450000,
      "capex": null,
      "gross_margin": 0.42518398253995715,
      "op_margin": 0.05192499634031114,
      "fcf_margin": -0.03846000292775109
    },
    {
      "date": "2021-09-25T00:00:00",
      "quarter_label": "2021-09 (Q3)",
      "revenue": 364480000,
      "gross_profit": 127481000,
      "operating_income": -13295000,
      "net_income": -32524000,
      "opex": 140776000,
      "cogs": 236999000,
      "rd": null,
      "sga": 110447000,
      "fcf": -45466000,
      "ocf": -45466000,
      "capex": null,
      "gross_margin": 0.34976130377524145,
      "op_margin": -0.036476624231782266,
      "fcf_margin": -0.12474209833187005,
      "fcf_margin_change": -0.08628209540411896
    },
    {
      "date": "2021-12-25T00:00:00",
      "quarter_label": "2021-12 (Q4)",
      "revenue": 344491000,
      "gross_profit": 139198000,
      "operating_income": -1680000,
      "net_income": 6547000,
      "opex": 140878000,
      "cogs": 205293000,
      "rd": null,
      "sga": 112587000,
      "fcf": -4949000,
      "ocf": -4949000,
      "capex": null,
      "gross_margin": 0.4040686113715598,
      "op_margin": -0.004876760205636722,
      "fcf_margin": -0.014366122772438176,
      "rev_growth_yoy": 0.053267047626036096,
      "fcf_margin_change": 0.11037597555943188
    },
    {
      "date": "2022-03-26T00:00:00",
      "quarter_label": "2022-03 (Q1)",
      "revenue": 363013000,
      "gross_profit": 149740000,
      "operating_income": 8849000,
      "net_income": -1887000,
      "opex": 140891000,
      "cogs": 213273000,
      "rd": null,
      "sga": 114538000,
      "fcf": -3542000,
      "ocf": -3542000,
      "capex": null,
      "gross_margin": 0.4124921146074658,
      "op_margin": 0.024376537479374016,
      "fcf_margin": -0.009757226325228022,
      "rev_growth_yoy": 0.06367773183974496,
      "rev_growth_yoy_accel": 0.01041068421370886,
      "op_leverage_ratio": Infinity,
      "fcf_margin_change": 0.004608896447210154
    },
    {
      "date": "2022-06-25T00:00:00",
      "quarter_label": "2022-06 (Q2)",
      "revenue": 394114000,
      "gross_profit": 173968000,
      "operating_income": 27773000,
      "net_income": 8816000,
      "opex": 146195000,
      "cogs": 220146000,
      "rd": null,
      "sga": 118229000,
      "fcf": 18315000,
      "ocf": 18315000,
      "capex": null,
      "gross_margin": 0.4414154280233638,
      "op_margin": 0.07046945807558219,
      "fcf_margin": 0.04647132555554992,
      "incr_op_margin_yoy": 0.4491548453720311,
      "rev_growth_yoy": 0.048970629333404306,
      "rev_growth_yoy_accel": -0.01470710250634065,
      "op_leverage_ratio": 2.2757885679224708,
      "fcf_margin_change": 0.05622855188077794
    },
    {
      "date": "2022-09-24T00:00:00",
      "quarter_label": "2022-09 (Q3)",
      "revenue": 378538000,
      "gross_profit": 163736000,
      "operating_income": -449000,
      "net_income": -9466000,
      "opex": 164185000,
      "cogs": 214802000,
      "rd": null,
      "sga": 133246000,
      "fcf": 48459000,
      "ocf": 48459000,
      "capex": null,
      "gross_margin": 0.4325483835176389,
      "op_margin": -0.0011861424744675567,
      "fcf_margin": 0.12801620973323682,
      "incr_op_margin_yoy": 0.9137857447716603,
      "rev_growth_yoy": 0.03857001755926251,
      "rev_growth_yoy_accel": -0.010400611774141796,
      "fcf_margin_change": 0.0815448841776869
    },
    {
      "date": "2022-12-31T00:00:00",
      "quarter_label": "2022-12 (Q4)",
      "revenue": 350663000,
      "gross_profit": 152333000,
      "operating_income": 3720000,
      "net_income": -13899000,
      "opex": 148613000,
      "cogs": 198330000,
      "rd": null,
      "sga": 114980000,
      "fcf": 55779000,
      "ocf": 55779000,
      "capex": null,
      "gross_margin": 0.4344142381716919,
      "op_margin": 0.0106084759441401,
      "fcf_margin": 0.15906725260435234,
      "incr_op_margin_yoy": 0.8749189889825016,
      "rev_growth_yoy": 0.01791628808880348,
      "rev_growth_yoy_accel": -0.02065372947045903,
      "fcf_margin_change": 0.031051042871115514
    },
    {
      "date": "2023-04-01T00:00:00",
      "quarter_label": "2023-04 (Q2)",
      "revenue": 349707000,
      "gross_profit": 145198000,
      "operating_income": 1089000,
      "net_income": -9132000,
      "opex": 144109000,
      "cogs": 204509000,
      "rd": null,
      "sga": 111065000,
      "fcf": 31507000,
      "ocf": 31507000,
      "capex": null,
      "gross_margin": 0.41519900945648786,
      "op_margin": 0.0031140354639741267,
      "fcf_margin": 0.09009542273960773,
      "incr_op_margin_yoy": 0.5831955508793025,
      "rev_growth_yoy": -0.0366543346932479,
      "rev_growth_yoy_accel": -0.05457062278205138,
      "fcf_margin_change": -0.06897182986474461
    },
    {
      "date": "2023-07-01T00:00:00",
      "quarter_label": "2023-07 (Q3)",
      "revenue": 380019000,
      "gross_profit": 163520000,
      "operating_income": 20797000,
      "net_income": 4545000,
      "opex": 142723000,
      "cogs": 216499000,
      "rd": null,
      "sga": 111452000,
      "fcf": 83539000,
      "ocf": 83539000,
      "capex": null,
      "gross_margin": 0.4302942747599462,
      "op_margin": 0.05472621105786816,
      "fcf_margin": 0.21982848226009752,
      "incr_op_margin_yoy": 0.4949272791770131,
      "rev_growth_yoy": -0.035763763784082775,
      "rev_growth_yoy_accel": 0.0008905709091651254,
      "op_leverage_ratio": Infinity,
      "fcf_margin_change": 0.1297330595204898
    },
    {
      "date": "2023-09-30T00:00:00",
      "quarter_label": "2023-09 (Q3)",
      "revenue": 398943000,
      "gross_profit": 176299000,
      "operating_income": 34742000,
      "net_income": 5057000,
      "opex": 141557000,
      "cogs": 222644000,
      "rd": null,
      "sga": 113359000,
      "fcf": 56431000,
      "ocf": 56431000,
      "capex": null,
      "gross_margin": 0.44191526107739704,
      "op_margin": 0.08708512243603724,
      "fcf_margin": 0.14145128502066712,
      "incr_op_margin_yoy": 1.7246263170791474,
      "rev_growth_yoy": 0.053904759892005556,
      "rev_growth_yoy_accel": 0.08966852367608832,
      "op_leverage_ratio": Infinity,
      "fcf_margin_change": -0.0783771972394304
    },
    {
      "date": "2023-12-30T00:00:00",
      "quarter_label": "2023-12 (Q4)",
      "revenue": 347808000,
      "gross_profit": 162504000,
      "operating_income": 4300000,
      "net_income": -10059000,
      "opex": 158204000,
      "cogs": 185304000,
      "rd": null,
      "sga": 116234000,
      "fcf": 66558000,
      "ocf": 66558000,
      "capex": null,
      "gross_margin": 0.46722329561137177,
      "op_margin": 0.01236314288342994,
      "fcf_margin": 0.1913642009384488,
      "incr_op_margin_yoy": -0.2031523642732049,
      "rev_growth_yoy": -0.008141720113043007,
      "rev_growth_yoy_accel": -0.06204648000504856,
      "fcf_margin_change": 0.049912915917781686
    },
    {
      "date": "2024-03-30T00:00:00",
      "quarter_label": "2024-03 (Q1)",
      "revenue": 350305000,
      "gross_profit": 166871000,
      "operating_income": 16304000,
      "net_income": -1492000,
      "opex": 150567000,
      "cogs": 183434000,
      "rd": null,
      "sga": 118565000,
      "fcf": 11676000,
      "ocf": 11676000,
      "capex": null,
      "gross_margin": 0.47635917272091466,
      "op_margin": 0.046542298853855926,
      "fcf_margin": 0.03333095445397582,
      "rev_growth_yoy": 0.0017100029453227987,
      "rev_growth_yoy_accel": 0.009851723058365805,
      "fcf_margin_change": -0.15803324648447298
    },
    {
      "date": "2024-06-29T00:00:00",
      "quarter_label": "2024-06 (Q2)",
      "revenue": 379432000,
      "gross_profit": 184760000,
      "operating_income": 31586000,
      "net_income": 12535000,
      "opex": 153174000,
      "cogs": 194672000,
      "rd": null,
      "sga": 121154000,
      "fcf": 64800000,
      "ocf": 64800000,
      "capex": null,
      "gross_margin": 0.48693837103881593,
      "op_margin": 0.08324548272154167,
      "fcf_margin": 0.17078158932298804,
      "rev_growth_yoy": -0.001544659609124807,
      "rev_growth_yoy_accel": -0.0032546625544476056,
      "op_leverage_ratio": 4.802177247842661,
      "fcf_margin_change": 0.1374506348690122
    },
    {
      "date": "2024-09-28T00:00:00",
      "quarter_label": "2024-09 (Q3)",
      "revenue": 393296000,
      "gross_profit": 189596000,
      "operating_income": 26914000,
      "net_income": 7434000,
      "opex": 162682000,
      "cogs": 203700000,
      "rd": null,
      "sga": 130261000,
      "fcf": 63711000,
      "ocf": 63711000,
      "capex": null,
      "gross_margin": 0.4820694845612465,
      "op_margin": 0.06843191896179976,
      "fcf_margin": 0.1619924942028396,
      "incr_op_margin_yoy": 1.386222773153887,
      "rev_growth_yoy": -0.014154904334704456,
      "rev_growth_yoy_accel": -0.01261024472557965,
      "op_leverage_ratio": 0.5886409553671319,
      "fcf_margin_change": -0.008789095120148444
    },
    {
      "date": "2024-12-28T00:00:00",
      "quarter_label": "2024-12 (Q4)",
      "revenue": 349562000,
      "gross_profit": 166677000,
      "operating_income": 13997000,
      "net_income": -1222000,
      "opex": 152680000,
      "cogs": 182885000,
      "rd": null,
      "sga": 118722000,
      "fcf": 43149000,
      "ocf": 43149000,
      "capex": null,
      "gross_margin": 0.47681670204427257,
      "op_margin": 0.040041537695744964,
      "fcf_margin": 0.12343733014458093,
      "incr_op_margin_yoy": 5.528506271379704,
      "rev_growth_yoy": 0.005043012236636305,
      "rev_growth_yoy_accel": 0.019197916571340762,
      "fcf_margin_change": -0.038555164058258665
    },
    {
      "date": "2025-03-29T00:00:00",
      "quarter_label": "2025-03 (Q1)",
      "revenue": 359343000,
      "gross_profit": 168603000,
      "operating_income": 15015000,
      "net_income": -317000,
      "opex": 153588000,
      "cogs": 190740000,
      "rd": null,
      "sga": 119052000,
      "fcf": -655000,
      "ocf": -655000,
      "capex": null,
      "gross_margin": 0.4691979529307653,
      "op_margin": 0.04178459021046744,
      "fcf_margin": -0.0018227710015222224,
      "incr_op_margin_yoy": -0.14262004868333703,
      "rev_growth_yoy": 0.025800373959835,
      "rev_growth_yoy_accel": 0.020757361723198697,
      "op_leverage_ratio": 4.704953615080339,
      "fcf_margin_change": -0.12526010114610314
    },
    {
      "date": "2025-06-28T00:00:00",
      "quarter_label": "2025-06 (Q2)",
      "revenue": 402803000,
      "gross_profit": 194465000,
      "operating_income": 36317000,
      "net_income": 15832000,
      "opex": 158148000,
      "cogs": 208338000,
      "rd": null,
      "sga": 123707000,
      "fcf": 48707000,
      "ocf": 48707000,
      "capex": null,
      "gross_margin": 0.4827794231919822,
      "op_margin": 0.09016069890244115,
      "fcf_margin": 0.12092015203461742,
      "incr_op_margin_yoy": 0.2024303624149587,
      "rev_growth_yoy": 0.06159469944548694,
      "rev_growth_yoy_accel": 0.03579432548565194,
      "op_leverage_ratio": 4.073549285926347,
      "fcf_margin_change": 0.12274292303613965
    },
    {
      "date": "2025-09-27T00:00:00",
      "quarter_label": "2025-09 (Q3)",
      "revenue": 424939000,
      "gross_profit": 219561000,
      "operating_income": 45904000,
      "net_income": 23192000,
      "opex": 173657000,
      "cogs": 205378000,
      "rd": null,
      "sga": 138342000,
      "fcf": 26237000,
      "ocf": 26237000,
      "capex": null,
      "gross_margin": 0.5166882776116102,
      "op_margin": 0.10802491651742956,
      "fcf_margin": 0.06174297958059863,
      "incr_op_margin_yoy": 0.6001327307777391,
      "rev_growth_yoy": 0.08045594158089582,
      "rev_growth_yoy_accel": 0.01886124213540888,
      "op_leverage_ratio": 0.560384814035288,
      "fcf_margin_change": -0.059177172454018795
    }
  ],
  "signals": [
    {
      "quarter": "2025-09 (Q3)",
      "signal": "INCREMENTAL MARGIN (YoY)",
      "detail": "YoY Incr OPM: +60.0% vs year-ago OPM: +6.8%",
      "severity": "HIGH"
    },
    {
      "quarter": "2025-06 (Q2)",
      "signal": "FCF TURNED POSITIVE",
      "detail": "FCF margin: -0.2% -> +12.1%",
      "severity": "HIGH"
    },
    {
      "quarter": "2025-06 (Q2)",
      "signal": "OPERATING LEVERAGE",
      "detail": "Rev growth +12.1% vs OpEx growth +3.0% (leverage: 4.1x)",
      "severity": "MEDIUM"
    },
    {
      "quarter": "2025-06 (Q2)",
      "signal": "INCREMENTAL MARGIN (YoY)",
      "detail": "YoY Incr OPM: +20.2% vs year-ago OPM: +8.3%",
      "severity": "MEDIUM"
    },
    {
      "quarter": "2025-03 (Q1)",
      "signal": "OPERATING LEVERAGE",
      "detail": "Rev growth +2.8% vs OpEx growth +0.6% (leverage: 4.7x)",
      "severity": "MEDIUM"
    },
    {
      "quarter": "2024-12 (Q4)",
      "signal": "INCREMENTAL MARGIN (YoY)",
      "detail": "YoY Incr OPM: +552.9% vs year-ago OPM: +1.2%",
      "severity": "HIGH"
    },
    {
      "quarter": "2024-09 (Q3)",
      "signal": "INCREMENTAL MARGIN (YoY)",
      "detail": "YoY Incr OPM: +138.6% vs year-ago OPM: +8.7%",
      "severity": "HIGH"
    },
    {
      "quarter": "2024-06 (Q2)",
      "signal": "FCF MARGIN EXPANSION",
      "detail": "FCF margin: +3.3% -> +17.1% (+13.7%)",
      "severity": "MEDIUM"
    },
    {
      "quarter": "2024-06 (Q2)",
      "signal": "OPERATING LEVERAGE",
      "detail": "Rev growth +8.3% vs OpEx growth +1.7% (leverage: 4.8x)",
      "severity": "MEDIUM"
    },
    {
      "quarter": "2023-12 (Q4)",
      "signal": "YoY REVENUE GROWTH DECELERATION",
      "detail": "YoY growth: -0.8% vs prior quarter YoY: +5.4% (decel: -6.2%)",
      "severity": "WARNING"
    },
    {
      "quarter": "2023-09 (Q3)",
      "signal": "YoY REVENUE GROWTH ACCELERATION",
      "detail": "YoY growth: +5.4% vs prior quarter YoY: -3.6% (accel: +9.0%)",
      "severity": "MEDIUM"
    },
    {
      "quarter": "2023-09 (Q3)",
      "signal": "OP MARGIN TURNED POSITIVE (YoY)",
      "detail": "Op margin: -0.1% (year-ago) -> +8.7%",
      "severity": "HIGH"
    },
    {
      "quarter": "2023-07 (Q3)",
      "signal": "FCF MARGIN EXPANSION",
      "detail": "FCF margin: +9.0% -> +22.0% (+13.0%)",
      "severity": "MEDIUM"
    },
    {
      "quarter": "2023-07 (Q3)",
      "signal": "INCREMENTAL MARGIN (YoY)",
      "detail": "YoY Incr OPM: +49.5% vs year-ago OPM: +7.0%",
      "severity": "HIGH"
    },
    {
      "quarter": "2023-04 (Q2)",
      "signal": "YoY REVENUE GROWTH DECELERATION",
      "detail": "YoY growth: -3.7% vs prior quarter YoY: +1.8% (decel: -5.5%)",
      "severity": "WARNING"
    },
    {
      "quarter": "2023-04 (Q2)",
      "signal": "INCREMENTAL MARGIN (YoY)",
      "detail": "YoY Incr OPM: +58.3% vs year-ago OPM: +2.4%",
      "severity": "HIGH"
    },
    {
      "quarter": "2022-12 (Q4)",
      "signal": "OP MARGIN TURNED POSITIVE (YoY)",
      "detail": "Op margin: -0.5% (year-ago) -> +1.1%",
      "severity": "HIGH"
    },
    {
      "quarter": "2022-12 (Q4)",
      "signal": "OP MARGIN TURNED POSITIVE (QoQ)",
      "detail": "Op margin: -0.1% -> +1.1%",
      "severity": "HIGH"
    },
    {
      "quarter": "2022-09 (Q3)",
      "signal": "FCF MARGIN EXPANSION",
      "detail": "FCF margin: +4.6% -> +12.8% (+8.2%)",
      "severity": "MEDIUM"
    },
    {
      "quarter": "2022-06 (Q2)",
      "signal": "FCF TURNED POSITIVE",
      "detail": "FCF margin: -1.0% -> +4.6%",
      "severity": "HIGH"
    },
    {
      "quarter": "2022-06 (Q2)",
      "signal": "OPERATING LEVERAGE",
      "detail": "Rev growth +8.6% vs OpEx growth +3.8% (leverage: 2.3x)",
      "severity": "MEDIUM"
    },
    {
      "quarter": "2022-06 (Q2)",
      "signal": "INCREMENTAL MARGIN (YoY)",
      "detail": "YoY Incr OPM: +44.9% vs year-ago OPM: +5.2%",
      "severity": "HIGH"
    },
    {
      "quarter": "2022-03 (Q1)",
      "signal": "OPERATING LEVERAGE",
      "detail": "Rev growth +5.4% vs OpEx growth +0.0% (leverage: 582.7x)",
      "severity": "MEDIUM"
    },
    {
      "quarter": "2022-03 (Q1)",
      "signal": "OP MARGIN TURNED POSITIVE (QoQ)",
      "detail": "Op margin: -0.5% -> +2.4%",
      "severity": "HIGH"
    },
    {
      "quarter": "2021-12 (Q4)",
      "signal": "FCF MARGIN EXPANSION",
      "detail": "FCF margin: -12.5% -> -1.4% (+11.0%)",
      "severity": "MEDIUM"
    },
    {
      "quarter": "2021-12 (Q4)",
      "signal": "GROSS MARGIN INFLECTION",
      "detail": "GM: +42.5% -> +35.0% -> +40.4% (reversal +5.4%)",
      "severity": "HIGH"
    }
  ],
  "data_quality": {
    "n_quarters": 20,
    "coverage": {
      "revenue": [
        20,
        20
      ],
      "gross_profit": [
        20,
        20
      ],
      "op_income": [
        18,
        20
      ],
      "fcf": [
        18,
        20
      ]
    },
    "gaps": [],
    "warnings": []
  },
  "market_cap": null,
  "source": "SEC EDGAR",
  "last_updated": "2026-02-02T21:39:33.941027"
}