{
  "ticker": "HLNE",
  "name": "HAMILTON LANE INC",
  "quarters": [
    {
      "date": "2020-12-31T00:00:00",
      "quarter_label": "2020-12 (Q4)",
      "revenue": 84583000,
      "gross_profit": null,
      "operating_income": null,
      "net_income": 33203000,
      "opex": 41864000,
      "cogs": null,
      "rd": null,
      "sga": null,
      "fcf": 51747000,
      "ocf": 58157000,
      "capex": -6410000,
      "gross_margin": null,
      "op_margin": null,
      "fcf_margin": 0.6117896031117364
    },
    {
      "date": "2021-03-31T00:00:00",
      "quarter_label": "2021-03 (Q1)",
      "revenue": 102877000,
      "gross_profit": null,
      "operating_income": null,
      "net_income": 39760000,
      "opex": 57015000,
      "cogs": null,
      "rd": null,
      "sga": null,
      "fcf": 30288000,
      "ocf": 40367000,
      "capex": -10079000,
      "gross_margin": null,
      "op_margin": null,
      "fcf_margin": 0.2944098292135268,
      "op_leverage_ratio": 0.5976198491932179,
      "fcf_margin_change": -0.31737977389820954
    },
    {
      "date": "2021-06-30T00:00:00",
      "quarter_label": "2021-06 (Q2)",
      "revenue": 78995000,
      "gross_profit": null,
      "operating_income": null,
      "net_income": 28168000,
      "opex": 43245000,
      "cogs": null,
      "rd": null,
      "sga": null,
      "fcf": 27854000,
      "ocf": 32389000,
      "capex": -4535000,
      "gross_margin": null,
      "op_margin": null,
      "fcf_margin": 0.35260459522754606,
      "fcf_margin_change": 0.05819476601401924
    },
    {
      "date": "2021-09-30T00:00:00",
      "quarter_label": "2021-09 (Q3)",
      "revenue": 96320000,
      "gross_profit": null,
      "operating_income": null,
      "net_income": 52145000,
      "opex": 49819000,
      "cogs": null,
      "rd": null,
      "sga": null,
      "fcf": 49385000,
      "ocf": 51534000,
      "capex": -2149000,
      "gross_margin": null,
      "op_margin": null,
      "fcf_margin": 0.512718023255814,
      "op_leverage_ratio": 1.442712655849853,
      "fcf_margin_change": 0.1601134280282679
    },
    {
      "date": "2021-12-31T00:00:00",
      "quarter_label": "2021-12 (Q4)",
      "revenue": 91704000,
      "gross_profit": null,
      "operating_income": null,
      "net_income": 51849000,
      "opex": 50658000,
      "cogs": null,
      "rd": null,
      "sga": null,
      "fcf": 67485000,
      "ocf": 68589000,
      "capex": -1104000,
      "gross_margin": null,
      "op_margin": null,
      "fcf_margin": 0.7359002878827532,
      "rev_growth_yoy": 0.08418949434283485,
      "fcf_margin_change": 0.22318226462693924
    },
    {
      "date": "2022-03-31T00:00:00",
      "quarter_label": "2022-03 (Q1)",
      "revenue": 100900000,
      "gross_profit": null,
      "operating_income": null,
      "net_income": 13825000,
      "opex": 54633000,
      "cogs": null,
      "rd": null,
      "sga": null,
      "fcf": 16273000,
      "ocf": 17011000,
      "capex": -738000,
      "gross_margin": null,
      "op_margin": null,
      "fcf_margin": 0.1612784935579782,
      "rev_growth_yoy": -0.019217123360906713,
      "rev_growth_yoy_accel": -0.10340661770374156,
      "op_leverage_ratio": 1.2779727391986357,
      "fcf_margin_change": -0.574621794324775
    },
    {
      "date": "2022-06-30T00:00:00",
      "quarter_label": "2022-06 (Q2)",
      "revenue": 135509000,
      "gross_profit": null,
      "operating_income": null,
      "net_income": 33484000,
      "opex": 72984000,
      "cogs": null,
      "rd": null,
      "sga": null,
      "fcf": 59245000,
      "ocf": 60952000,
      "capex": -1707000,
      "gross_margin": null,
      "op_margin": null,
      "fcf_margin": 0.4372034329823111,
      "rev_growth_yoy": 0.7154123678713843,
      "rev_growth_yoy_accel": 0.734629491232291,
      "op_leverage_ratio": 1.0211585982816416,
      "fcf_margin_change": 0.27592493942433294
    },
    {
      "date": "2022-09-30T00:00:00",
      "quarter_label": "2022-09 (Q3)",
      "revenue": 153382000,
      "gross_profit": null,
      "operating_income": null,
      "net_income": 34881000,
      "opex": 83556000,
      "cogs": null,
      "rd": null,
      "sga": null,
      "fcf": 94119000,
      "ocf": 94902000,
      "capex": -783000,
      "gross_margin": null,
      "op_margin": null,
      "fcf_margin": 0.6136248060398222,
      "rev_growth_yoy": 0.592421096345515,
      "rev_growth_yoy_accel": -0.1229912715258693,
      "op_leverage_ratio": 0.9105416631984997,
      "fcf_margin_change": 0.17642137305751104
    },
    {
      "date": "2022-12-31T00:00:00",
      "quarter_label": "2022-12 (Q4)",
      "revenue": 127074000,
      "gross_profit": null,
      "operating_income": null,
      "net_income": 9669000,
      "opex": 68702000,
      "cogs": null,
      "rd": null,
      "sga": null,
      "fcf": 56746000,
      "ocf": 57517000,
      "capex": -771000,
      "gross_margin": null,
      "op_margin": null,
      "fcf_margin": 0.4465586980814329,
      "rev_growth_yoy": 0.3856974613975399,
      "rev_growth_yoy_accel": -0.20672363494797508,
      "fcf_margin_change": -0.16706610795838928
    },
    {
      "date": "2023-03-31T00:00:00",
      "quarter_label": "2023-03 (Q1)",
      "revenue": 112788000,
      "gross_profit": null,
      "operating_income": null,
      "net_income": 31086000,
      "opex": 63471000,
      "cogs": null,
      "rd": null,
      "sga": null,
      "fcf": 11732000,
      "ocf": 13218000,
      "capex": -1486000,
      "gross_margin": null,
      "op_margin": null,
      "fcf_margin": 0.10401815796006668,
      "rev_growth_yoy": 0.11781962338949455,
      "rev_growth_yoy_accel": -0.2678778380080454,
      "fcf_margin_change": -0.3425405401213662
    },
    {
      "date": "2023-06-30T00:00:00",
      "quarter_label": "2023-06 (Q2)",
      "revenue": 125037000,
      "gross_profit": null,
      "operating_income": null,
      "net_income": 30998000,
      "opex": 70098000,
      "cogs": null,
      "rd": null,
      "sga": null,
      "fcf": 54588000,
      "ocf": 57973000,
      "capex": -3385000,
      "gross_margin": null,
      "op_margin": null,
      "fcf_margin": 0.4365747738669354,
      "rev_growth_yoy": -0.07727899991882457,
      "rev_growth_yoy_accel": -0.19509862330831912,
      "op_leverage_ratio": 1.0401503251720865,
      "fcf_margin_change": 0.3325566159068687
    },
    {
      "date": "2023-09-30T00:00:00",
      "quarter_label": "2023-09 (Q3)",
      "revenue": 126876000,
      "gross_profit": null,
      "operating_income": null,
      "net_income": 41994000,
      "opex": 71279000,
      "cogs": null,
      "rd": null,
      "sga": null,
      "fcf": 74705000,
      "ocf": 77596000,
      "capex": -2891000,
      "gross_margin": null,
      "op_margin": null,
      "fcf_margin": 0.5888032409596772,
      "rev_growth_yoy": -0.17281036888291976,
      "rev_growth_yoy_accel": -0.09553136896409518,
      "op_leverage_ratio": 0.8729691845252755,
      "fcf_margin_change": 0.1522284670927418
    },
    {
      "date": "2023-12-31T00:00:00",
      "quarter_label": "2023-12 (Q4)",
      "revenue": 125264000,
      "gross_profit": null,
      "operating_income": null,
      "net_income": 19506000,
      "opex": 73870000,
      "cogs": null,
      "rd": null,
      "sga": null,
      "fcf": -39616000,
      "ocf": -36429000,
      "capex": -3187000,
      "gross_margin": null,
      "op_margin": null,
      "fcf_margin": -0.3162600587559075,
      "rev_growth_yoy": -0.01424366904323465,
      "rev_growth_yoy_accel": 0.1585666998396851,
      "fcf_margin_change": -0.9050632997155847
    },
    {
      "date": "2024-03-31T00:00:00",
      "quarter_label": "2024-03 (Q1)",
      "revenue": 176665000,
      "gross_profit": null,
      "operating_income": null,
      "net_income": 48360000,
      "opex": 92778000,
      "cogs": null,
      "rd": null,
      "sga": null,
      "fcf": 20102000,
      "ocf": 21712000,
      "capex": -1610000,
      "gross_margin": null,
      "op_margin": null,
      "fcf_margin": 0.1137859791130105,
      "rev_growth_yoy": 0.5663457105365819,
      "rev_growth_yoy_accel": 0.5805893795798165,
      "op_leverage_ratio": 1.6031265175058378,
      "fcf_margin_change": 0.43004603786891804
    },
    {
      "date": "2024-06-30T00:00:00",
      "quarter_label": "2024-06 (Q2)",
      "revenue": 196731000,
      "gross_profit": null,
      "operating_income": null,
      "net_income": 58964000,
      "opex": 107120000,
      "cogs": null,
      "rd": null,
      "sga": null,
      "fcf": 78237000,
      "ocf": 79743000,
      "capex": -1506000,
      "gross_margin": null,
      "op_margin": null,
      "fcf_margin": 0.3976851640056727,
      "rev_growth_yoy": 0.5733822788454618,
      "rev_growth_yoy_accel": 0.007036568308879887,
      "op_leverage_ratio": 0.7347601231438512,
      "fcf_margin_change": 0.2838991848926622
    },
    {
      "date": "2024-09-30T00:00:00",
      "quarter_label": "2024-09 (Q3)",
      "revenue": 149999000,
      "gross_profit": null,
      "operating_income": null,
      "net_income": 54982000,
      "opex": 82807000,
      "cogs": null,
      "rd": null,
      "sga": null,
      "fcf": 115828000,
      "ocf": 117402000,
      "capex": -1574000,
      "gross_margin": null,
      "op_margin": null,
      "fcf_margin": 0.7721918146120974,
      "rev_growth_yoy": 0.18224880986159714,
      "rev_growth_yoy_accel": -0.39113346898386464,
      "fcf_margin_change": 0.3745066506064247
    },
    {
      "date": "2024-12-31T00:00:00",
      "quarter_label": "2024-12 (Q4)",
      "revenue": 168261000,
      "gross_profit": null,
      "operating_income": null,
      "net_income": 52972000,
      "opex": 92539000,
      "cogs": null,
      "rd": null,
      "sga": null,
      "fcf": 58761000,
      "ocf": 64394000,
      "capex": -5633000,
      "gross_margin": null,
      "op_margin": null,
      "fcf_margin": 0.34922531067805374,
      "rev_growth_yoy": 0.3432510537744284,
      "rev_growth_yoy_accel": 0.16100224391283124,
      "op_leverage_ratio": 1.0359169170731861,
      "fcf_margin_change": -0.42296650393404367
    },
    {
      "date": "2025-03-31T00:00:00",
      "quarter_label": "2025-03 (Q1)",
      "revenue": 197972000,
      "gross_profit": null,
      "operating_income": null,
      "net_income": 50499000,
      "opex": 113942000,
      "cogs": null,
      "rd": null,
      "sga": null,
      "fcf": 35838000,
      "ocf": 39281000,
      "capex": -3443000,
      "gross_margin": null,
      "op_margin": null,
      "fcf_margin": 0.18102559957973854,
      "rev_growth_yoy": 0.1206067981773413,
      "rev_growth_yoy_accel": -0.2226442555970871,
      "op_leverage_ratio": 0.7634558975499253,
      "fcf_margin_change": -0.1681997110983152
    },
    {
      "date": "2025-06-30T00:00:00",
      "quarter_label": "2025-06 (Q2)",
      "revenue": 175958000,
      "gross_profit": null,
      "operating_income": null,
      "net_income": 53745000,
      "opex": 98983000,
      "cogs": null,
      "rd": null,
      "sga": null,
      "fcf": 127588000,
      "ocf": 128932000,
      "capex": -1344000,
      "gross_margin": null,
      "op_margin": null,
      "fcf_margin": 0.7251048545675672,
      "rev_growth_yoy": -0.10559088298234645,
      "rev_growth_yoy_accel": -0.22619768115968775,
      "fcf_margin_change": 0.5440792549878287
    },
    {
      "date": "2025-09-30T00:00:00",
      "quarter_label": "2025-09 (Q3)",
      "revenue": 190880000,
      "gross_profit": null,
      "operating_income": null,
      "net_income": 70889000,
      "opex": 111165000,
      "cogs": null,
      "rd": null,
      "sga": null,
      "fcf": 117812000,
      "ocf": 118898000,
      "capex": -1086000,
      "gross_margin": null,
      "op_margin": null,
      "fcf_margin": 0.6172045264040235,
      "rev_growth_yoy": 0.2725418169454463,
      "rev_growth_yoy_accel": 0.37813269992779275,
      "op_leverage_ratio": 0.6890647536262539,
      "fcf_margin_change": -0.10790032816354378
    }
  ],
  "signals": [
    {
      "quarter": "2025-09 (Q3)",
      "signal": "YoY REVENUE GROWTH ACCELERATION",
      "detail": "YoY growth: +27.3% vs prior quarter YoY: -10.6% (accel: +37.8%)",
      "severity": "HIGH"
    },
    {
      "quarter": "2025-06 (Q2)",
      "signal": "FCF MARGIN EXPANSION",
      "detail": "FCF margin: +18.1% -> +72.5% (+54.4%)",
      "severity": "MEDIUM"
    },
    {
      "quarter": "2025-06 (Q2)",
      "signal": "YoY REVENUE GROWTH DECELERATION",
      "detail": "YoY growth: -10.6% vs prior quarter YoY: +12.1% (decel: -22.6%)",
      "severity": "WARNING"
    },
    {
      "quarter": "2025-03 (Q1)",
      "signal": "YoY REVENUE GROWTH DECELERATION",
      "detail": "YoY growth: +12.1% vs prior quarter YoY: +34.3% (decel: -22.3%)",
      "severity": "WARNING"
    },
    {
      "quarter": "2024-12 (Q4)",
      "signal": "YoY REVENUE GROWTH ACCELERATION",
      "detail": "YoY growth: +34.3% vs prior quarter YoY: +18.2% (accel: +16.1%)",
      "severity": "HIGH"
    },
    {
      "quarter": "2024-09 (Q3)",
      "signal": "FCF MARGIN EXPANSION",
      "detail": "FCF margin: +39.8% -> +77.2% (+37.5%)",
      "severity": "MEDIUM"
    },
    {
      "quarter": "2024-09 (Q3)",
      "signal": "YoY REVENUE GROWTH DECELERATION",
      "detail": "YoY growth: +18.2% vs prior quarter YoY: +57.3% (decel: -39.1%)",
      "severity": "WARNING"
    },
    {
      "quarter": "2024-06 (Q2)",
      "signal": "FCF MARGIN EXPANSION",
      "detail": "FCF margin: +11.4% -> +39.8% (+28.4%)",
      "severity": "MEDIUM"
    },
    {
      "quarter": "2024-03 (Q1)",
      "signal": "FCF TURNED POSITIVE",
      "detail": "FCF margin: -31.6% -> +11.4%",
      "severity": "HIGH"
    },
    {
      "quarter": "2024-03 (Q1)",
      "signal": "OPERATING LEVERAGE",
      "detail": "Rev growth +41.0% vs OpEx growth +25.6% (leverage: 1.6x)",
      "severity": "MEDIUM"
    },
    {
      "quarter": "2024-03 (Q1)",
      "signal": "YoY REVENUE GROWTH ACCELERATION",
      "detail": "YoY growth: +56.6% vs prior quarter YoY: -1.4% (accel: +58.1%)",
      "severity": "HIGH"
    },
    {
      "quarter": "2023-12 (Q4)",
      "signal": "YoY REVENUE GROWTH ACCELERATION",
      "detail": "YoY growth: -1.4% vs prior quarter YoY: -17.3% (accel: +15.9%)",
      "severity": "HIGH"
    },
    {
      "quarter": "2023-09 (Q3)",
      "signal": "FCF MARGIN EXPANSION",
      "detail": "FCF margin: +43.7% -> +58.9% (+15.2%)",
      "severity": "MEDIUM"
    },
    {
      "quarter": "2023-09 (Q3)",
      "signal": "YoY REVENUE GROWTH DECELERATION",
      "detail": "YoY growth: -17.3% vs prior quarter YoY: -7.7% (decel: -9.6%)",
      "severity": "WARNING"
    },
    {
      "quarter": "2023-06 (Q2)",
      "signal": "FCF MARGIN EXPANSION",
      "detail": "FCF margin: +10.4% -> +43.7% (+33.3%)",
      "severity": "MEDIUM"
    },
    {
      "quarter": "2023-06 (Q2)",
      "signal": "YoY REVENUE GROWTH DECELERATION",
      "detail": "YoY growth: -7.7% vs prior quarter YoY: +11.8% (decel: -19.5%)",
      "severity": "WARNING"
    },
    {
      "quarter": "2023-03 (Q1)",
      "signal": "YoY REVENUE GROWTH DECELERATION",
      "detail": "YoY growth: +11.8% vs prior quarter YoY: +38.6% (decel: -26.8%)",
      "severity": "WARNING"
    },
    {
      "quarter": "2022-12 (Q4)",
      "signal": "YoY REVENUE GROWTH DECELERATION",
      "detail": "YoY growth: +38.6% vs prior quarter YoY: +59.2% (decel: -20.7%)",
      "severity": "WARNING"
    },
    {
      "quarter": "2022-09 (Q3)",
      "signal": "FCF MARGIN EXPANSION",
      "detail": "FCF margin: +43.7% -> +61.4% (+17.6%)",
      "severity": "MEDIUM"
    },
    {
      "quarter": "2022-09 (Q3)",
      "signal": "YoY REVENUE GROWTH DECELERATION",
      "detail": "YoY growth: +59.2% vs prior quarter YoY: +71.5% (decel: -12.3%)",
      "severity": "WARNING"
    },
    {
      "quarter": "2022-06 (Q2)",
      "signal": "FCF MARGIN EXPANSION",
      "detail": "FCF margin: +16.1% -> +43.7% (+27.6%)",
      "severity": "MEDIUM"
    },
    {
      "quarter": "2022-06 (Q2)",
      "signal": "YoY REVENUE GROWTH ACCELERATION",
      "detail": "YoY growth: +71.5% vs prior quarter YoY: -1.9% (accel: +73.5%)",
      "severity": "HIGH"
    },
    {
      "quarter": "2022-03 (Q1)",
      "signal": "YoY REVENUE GROWTH DECELERATION",
      "detail": "YoY growth: -1.9% vs prior quarter YoY: +8.4% (decel: -10.3%)",
      "severity": "WARNING"
    },
    {
      "quarter": "2021-12 (Q4)",
      "signal": "FCF MARGIN EXPANSION",
      "detail": "FCF margin: +51.3% -> +73.6% (+22.3%)",
      "severity": "MEDIUM"
    },
    {
      "quarter": "2021-09 (Q3)",
      "signal": "FCF MARGIN EXPANSION",
      "detail": "FCF margin: +35.3% -> +51.3% (+16.0%)",
      "severity": "MEDIUM"
    },
    {
      "quarter": "2021-06 (Q2)",
      "signal": "FCF MARGIN EXPANSION",
      "detail": "FCF margin: +29.4% -> +35.3% (+5.8%)",
      "severity": "MEDIUM"
    }
  ],
  "data_quality": {
    "n_quarters": 20,
    "coverage": {
      "revenue": [
        20,
        20
      ],
      "gross_profit": [
        0,
        20
      ],
      "op_income": [
        0,
        20
      ],
      "fcf": [
        20,
        20
      ]
    },
    "gaps": [],
    "warnings": [
      "gross_profit: no data",
      "op_income: no data"
    ]
  },
  "market_cap": null,
  "source": "SEC EDGAR",
  "last_updated": "2026-02-02T20:44:30.625954"
}