{
  "ticker": "HLT",
  "name": "Hilton Worldwide Holdings Inc.",
  "quarters": [
    {
      "date": "2020-12-31T00:00:00",
      "quarter_label": "2020-12 (Q4)",
      "revenue": 890000000,
      "gross_profit": null,
      "operating_income": -195000000,
      "net_income": -224000000,
      "opex": 1085000000,
      "cogs": null,
      "rd": null,
      "sga": null,
      "fcf": -146000000,
      "ocf": -138000000,
      "capex": -8000000,
      "gross_margin": null,
      "op_margin": -0.21910112359550563,
      "fcf_margin": -0.16404494382022472
    },
    {
      "date": "2021-03-31T00:00:00",
      "quarter_label": "2021-03 (Q1)",
      "revenue": 874000000,
      "gross_profit": null,
      "operating_income": 21000000,
      "net_income": -108000000,
      "opex": 853000000,
      "cogs": null,
      "rd": null,
      "sga": null,
      "fcf": -174000000,
      "ocf": -171000000,
      "capex": -3000000,
      "gross_margin": null,
      "op_margin": 0.02402745995423341,
      "fcf_margin": -0.19908466819221968,
      "fcf_margin_change": -0.03503972437199496
    },
    {
      "date": "2021-06-30T00:00:00",
      "quarter_label": "2021-06 (Q2)",
      "revenue": 1329000000,
      "gross_profit": null,
      "operating_income": 224000000,
      "net_income": 130000000,
      "opex": 1105000000,
      "cogs": null,
      "rd": null,
      "sga": null,
      "fcf": -135000000,
      "ocf": -129000000,
      "capex": -6000000,
      "gross_margin": null,
      "op_margin": 0.16854778028592926,
      "fcf_margin": -0.10158013544018059,
      "op_leverage_ratio": 1.762172641749301,
      "fcf_margin_change": 0.09750453275203909
    },
    {
      "date": "2021-09-30T00:00:00",
      "quarter_label": "2021-09 (Q3)",
      "revenue": 1749000000,
      "gross_profit": null,
      "operating_income": 432000000,
      "net_income": 241000000,
      "opex": 1309000000,
      "cogs": null,
      "rd": null,
      "sga": null,
      "fcf": 270000000,
      "ocf": 278000000,
      "capex": -8000000,
      "gross_margin": null,
      "op_margin": 0.2469982847341338,
      "fcf_margin": 0.15437392795883362,
      "op_leverage_ratio": 1.7118133935289692,
      "fcf_margin_change": 0.2559540633990142
    },
    {
      "date": "2021-12-31T00:00:00",
      "quarter_label": "2021-12 (Q4)",
      "revenue": 1836000000,
      "gross_profit": null,
      "operating_income": 333000000,
      "net_income": 147000000,
      "opex": 1504000000,
      "cogs": null,
      "rd": null,
      "sga": null,
      "fcf": 113000000,
      "ocf": 131000000,
      "capex": -18000000,
      "gross_margin": null,
      "op_margin": 0.18137254901960784,
      "fcf_margin": 0.061546840958605666,
      "incr_op_margin_yoy": 0.5581395348837209,
      "rev_growth_yoy": 1.0629213483146067,
      "op_leverage_ratio": 0.3339138848572811,
      "fcf_margin_change": -0.09282708700022796
    },
    {
      "date": "2022-03-31T00:00:00",
      "quarter_label": "2022-03 (Q1)",
      "revenue": 1721000000,
      "gross_profit": null,
      "operating_income": 369000000,
      "net_income": 212000000,
      "opex": 1352000000,
      "cogs": null,
      "rd": null,
      "sga": null,
      "fcf": 191000000,
      "ocf": 195000000,
      "capex": -4000000,
      "gross_margin": null,
      "op_margin": 0.21441022661243464,
      "fcf_margin": 0.11098198721673445,
      "incr_op_margin_yoy": 0.41086186540731995,
      "rev_growth_yoy": 0.9691075514874142,
      "rev_growth_yoy_accel": -0.09381379682719249,
      "fcf_margin_change": 0.04943514625812879
    },
    {
      "date": "2022-06-30T00:00:00",
      "quarter_label": "2022-06 (Q2)",
      "revenue": 2240000000,
      "gross_profit": null,
      "operating_income": 598000000,
      "net_income": 368000000,
      "opex": 1642000000,
      "cogs": null,
      "rd": null,
      "sga": null,
      "fcf": 326000000,
      "ocf": 333000000,
      "capex": -7000000,
      "gross_margin": null,
      "op_margin": 0.2669642857142857,
      "fcf_margin": 0.1455357142857143,
      "incr_op_margin_yoy": 0.4105378704720088,
      "rev_growth_yoy": 0.6854778028592927,
      "rev_growth_yoy_accel": -0.2836297486281215,
      "op_leverage_ratio": 1.405934801338436,
      "fcf_margin_change": 0.03455372706897984
    },
    {
      "date": "2022-09-30T00:00:00",
      "quarter_label": "2022-09 (Q3)",
      "revenue": 2368000000,
      "gross_profit": null,
      "operating_income": 623000000,
      "net_income": 347000000,
      "opex": 1745000000,
      "cogs": null,
      "rd": null,
      "sga": null,
      "fcf": 663000000,
      "ocf": 671000000,
      "capex": -8000000,
      "gross_margin": null,
      "op_margin": 0.26309121621621623,
      "fcf_margin": 0.2799831081081081,
      "incr_op_margin_yoy": 0.308562197092084,
      "rev_growth_yoy": 0.3539165237278445,
      "rev_growth_yoy_accel": -0.3315612791314482,
      "op_leverage_ratio": 0.9109570041608875,
      "fcf_margin_change": 0.13444739382239382
    },
    {
      "date": "2022-12-31T00:00:00",
      "quarter_label": "2022-12 (Q4)",
      "revenue": 2444000000,
      "gross_profit": null,
      "operating_income": 504000000,
      "net_income": 328000000,
      "opex": 1940000000,
      "cogs": null,
      "rd": null,
      "sga": null,
      "fcf": 462000000,
      "ocf": 482000000,
      "capex": -20000000,
      "gross_margin": null,
      "op_margin": 0.20621931260229132,
      "fcf_margin": 0.1890343698854337,
      "incr_op_margin_yoy": 0.28125,
      "rev_growth_yoy": 0.3311546840958606,
      "rev_growth_yoy_accel": -0.022761839631983916,
      "op_leverage_ratio": 0.2872054747054747,
      "fcf_margin_change": -0.09094873822267441
    },
    {
      "date": "2023-03-31T00:00:00",
      "quarter_label": "2023-03 (Q1)",
      "revenue": 2293000000,
      "gross_profit": null,
      "operating_income": 498000000,
      "net_income": 206000000,
      "opex": 1795000000,
      "cogs": null,
      "rd": null,
      "sga": null,
      "fcf": 286000000,
      "ocf": 330000000,
      "capex": -44000000,
      "gross_margin": null,
      "op_margin": 0.2171827300479721,
      "fcf_margin": 0.1247274313126908,
      "incr_op_margin_yoy": 0.22552447552447552,
      "rev_growth_yoy": 0.3323649041255084,
      "rev_growth_yoy_accel": 0.0012102200296478238,
      "fcf_margin_change": -0.0643069385727429
    },
    {
      "date": "2023-06-30T00:00:00",
      "quarter_label": "2023-06 (Q2)",
      "revenue": 2660000000,
      "gross_profit": null,
      "operating_income": 674000000,
      "net_income": 411000000,
      "opex": 1986000000,
      "cogs": null,
      "rd": null,
      "sga": null,
      "fcf": 434000000,
      "ocf": 464000000,
      "capex": -30000000,
      "gross_margin": null,
      "op_margin": 0.25338345864661654,
      "fcf_margin": 0.1631578947368421,
      "incr_op_margin_yoy": 0.18095238095238095,
      "rev_growth_yoy": 0.1875,
      "rev_growth_yoy_accel": -0.1448649041255084,
      "op_leverage_ratio": 1.5041567438345247,
      "fcf_margin_change": 0.03843046342415131
    },
    {
      "date": "2023-09-30T00:00:00",
      "quarter_label": "2023-09 (Q3)",
      "revenue": 2673000000,
      "gross_profit": null,
      "operating_income": 653000000,
      "net_income": 377000000,
      "opex": 2020000000,
      "cogs": null,
      "rd": null,
      "sga": null,
      "fcf": 652000000,
      "ocf": 687000000,
      "capex": -35000000,
      "gross_margin": null,
      "op_margin": 0.2442947998503554,
      "fcf_margin": 0.2439206883651328,
      "incr_op_margin_yoy": 0.09836065573770492,
      "rev_growth_yoy": 0.12880067567567569,
      "rev_growth_yoy_accel": -0.058699324324324315,
      "fcf_margin_change": 0.0807627936282907
    },
    {
      "date": "2023-12-31T00:00:00",
      "quarter_label": "2023-12 (Q4)",
      "revenue": 2609000000,
      "gross_profit": null,
      "operating_income": 400000000,
      "net_income": 147000000,
      "opex": 2209000000,
      "cogs": null,
      "rd": null,
      "sga": null,
      "fcf": 423000000,
      "ocf": 465000000,
      "capex": -42000000,
      "gross_margin": null,
      "op_margin": 0.15331544653123802,
      "fcf_margin": 0.1621310847067842,
      "incr_op_margin_yoy": -0.6303030303030303,
      "rev_growth_yoy": 0.06751227495908348,
      "rev_growth_yoy_accel": -0.06128840071659221,
      "fcf_margin_change": -0.08178960365834861
    },
    {
      "date": "2024-03-31T00:00:00",
      "quarter_label": "2024-03 (Q1)",
      "revenue": 2573000000,
      "gross_profit": null,
      "operating_income": 533000000,
      "net_income": 265000000,
      "opex": 2047000000,
      "cogs": null,
      "rd": null,
      "sga": null,
      "fcf": 330000000,
      "ocf": 346000000,
      "capex": -16000000,
      "gross_margin": null,
      "op_margin": 0.20715118538670813,
      "fcf_margin": 0.12825495530509134,
      "incr_op_margin_yoy": 0.125,
      "rev_growth_yoy": 0.12211077191452246,
      "rev_growth_yoy_accel": 0.05459849695543899,
      "fcf_margin_change": -0.03387612940169285
    },
    {
      "date": "2024-06-30T00:00:00",
      "quarter_label": "2024-06 (Q2)",
      "revenue": 2951000000,
      "gross_profit": null,
      "operating_income": 725000000,
      "net_income": 421000000,
      "opex": 2226000000,
      "cogs": null,
      "rd": null,
      "sga": null,
      "fcf": 406000000,
      "ocf": 421000000,
      "capex": -15000000,
      "gross_margin": null,
      "op_margin": 0.24567943070145715,
      "fcf_margin": 0.137580481192816,
      "incr_op_margin_yoy": 0.17525773195876287,
      "rev_growth_yoy": 0.10939849624060151,
      "rev_growth_yoy_accel": -0.012712275673920956,
      "op_leverage_ratio": 1.6800291814220298,
      "fcf_margin_change": 0.009325525887724645
    },
    {
      "date": "2024-09-30T00:00:00",
      "quarter_label": "2024-09 (Q3)",
      "revenue": 2867000000,
      "gross_profit": null,
      "operating_income": 623000000,
      "net_income": 344000000,
      "opex": 2242000000,
      "cogs": null,
      "rd": null,
      "sga": null,
      "fcf": 647000000,
      "ocf": 664000000,
      "capex": -17000000,
      "gross_margin": null,
      "op_margin": 0.2173003139169864,
      "fcf_margin": 0.22567143355423788,
      "incr_op_margin_yoy": -0.15463917525773196,
      "rev_growth_yoy": 0.07257762813318369,
      "rev_growth_yoy_accel": -0.03682086810741782,
      "fcf_margin_change": 0.08809095236142189
    },
    {
      "date": "2024-12-31T00:00:00",
      "quarter_label": "2024-12 (Q4)",
      "revenue": 2783000000,
      "gross_profit": null,
      "operating_income": 489000000,
      "net_income": 505000000,
      "opex": 2294000000,
      "cogs": null,
      "rd": null,
      "sga": null,
      "fcf": 534000000,
      "ocf": 582000000,
      "capex": -48000000,
      "gross_margin": null,
      "op_margin": 0.1757096658282429,
      "fcf_margin": 0.19187926697808122,
      "incr_op_margin_yoy": 0.5114942528735632,
      "rev_growth_yoy": 0.06669221924108854,
      "rev_growth_yoy_accel": -0.005885408892095156,
      "fcf_margin_change": -0.03379216657615666
    },
    {
      "date": "2025-03-31T00:00:00",
      "quarter_label": "2025-03 (Q1)",
      "revenue": 2695000000,
      "gross_profit": null,
      "operating_income": 536000000,
      "net_income": 300000000,
      "opex": 2159000000,
      "cogs": null,
      "rd": null,
      "sga": null,
      "fcf": 433000000,
      "ocf": 452000000,
      "capex": -19000000,
      "gross_margin": null,
      "op_margin": 0.19888682745825603,
      "fcf_margin": 0.1606679035250464,
      "incr_op_margin_yoy": 0.02459016393442623,
      "rev_growth_yoy": 0.04741546832491255,
      "rev_growth_yoy_accel": -0.019276750916175985,
      "fcf_margin_change": -0.031211363453034824
    },
    {
      "date": "2025-06-30T00:00:00",
      "quarter_label": "2025-06 (Q2)",
      "revenue": 3137000000,
      "gross_profit": null,
      "operating_income": 778000000,
      "net_income": 440000000,
      "opex": 2359000000,
      "cogs": null,
      "rd": null,
      "sga": null,
      "fcf": 635000000,
      "ocf": 658000000,
      "capex": -23000000,
      "gross_margin": null,
      "op_margin": 0.248007650621613,
      "fcf_margin": 0.2024226968441186,
      "incr_op_margin_yoy": 0.2849462365591398,
      "rev_growth_yoy": 0.06302948153168418,
      "rev_growth_yoy_accel": 0.01561401320677163,
      "op_leverage_ratio": 1.7704601113172542,
      "fcf_margin_change": 0.0417547933190722
    },
    {
      "date": "2025-09-30T00:00:00",
      "quarter_label": "2025-09 (Q3)",
      "revenue": 3120000000,
      "gross_profit": null,
      "operating_income": 777000000,
      "net_income": 420000000,
      "opex": 2343000000,
      "cogs": null,
      "rd": null,
      "sga": null,
      "fcf": 787000000,
      "ocf": 816000000,
      "capex": -29000000,
      "gross_margin": null,
      "op_margin": 0.24903846153846154,
      "fcf_margin": 0.25224358974358974,
      "incr_op_margin_yoy": 0.6086956521739131,
      "rev_growth_yoy": 0.08824555284269271,
      "rev_growth_yoy_accel": 0.02521607131100853,
      "fcf_margin_change": 0.04982089289947114
    }
  ],
  "signals": [
    {
      "quarter": "2025-09 (Q3)",
      "signal": "INCREMENTAL MARGIN (YoY)",
      "detail": "YoY Incr OPM: +60.9% vs year-ago OPM: +21.7%",
      "severity": "HIGH"
    },
    {
      "quarter": "2025-06 (Q2)",
      "signal": "OPERATING LEVERAGE",
      "detail": "Rev growth +16.4% vs OpEx growth +9.3% (leverage: 1.8x)",
      "severity": "MEDIUM"
    },
    {
      "quarter": "2024-12 (Q4)",
      "signal": "INCREMENTAL MARGIN (YoY)",
      "detail": "YoY Incr OPM: +51.1% vs year-ago OPM: +15.3%",
      "severity": "HIGH"
    },
    {
      "quarter": "2024-09 (Q3)",
      "signal": "FCF MARGIN EXPANSION",
      "detail": "FCF margin: +13.8% -> +22.6% (+8.8%)",
      "severity": "MEDIUM"
    },
    {
      "quarter": "2024-06 (Q2)",
      "signal": "OPERATING LEVERAGE",
      "detail": "Rev growth +14.7% vs OpEx growth +8.7% (leverage: 1.7x)",
      "severity": "MEDIUM"
    },
    {
      "quarter": "2024-03 (Q1)",
      "signal": "YoY REVENUE GROWTH ACCELERATION",
      "detail": "YoY growth: +12.2% vs prior quarter YoY: +6.8% (accel: +5.5%)",
      "severity": "MEDIUM"
    },
    {
      "quarter": "2023-12 (Q4)",
      "signal": "YoY REVENUE GROWTH DECELERATION",
      "detail": "YoY growth: +6.8% vs prior quarter YoY: +12.9% (decel: -6.1%)",
      "severity": "WARNING"
    },
    {
      "quarter": "2023-09 (Q3)",
      "signal": "FCF MARGIN EXPANSION",
      "detail": "FCF margin: +16.3% -> +24.4% (+8.1%)",
      "severity": "MEDIUM"
    },
    {
      "quarter": "2023-09 (Q3)",
      "signal": "YoY REVENUE GROWTH DECELERATION",
      "detail": "YoY growth: +12.9% vs prior quarter YoY: +18.8% (decel: -5.9%)",
      "severity": "WARNING"
    },
    {
      "quarter": "2023-06 (Q2)",
      "signal": "OPERATING LEVERAGE",
      "detail": "Rev growth +16.0% vs OpEx growth +10.6% (leverage: 1.5x)",
      "severity": "MEDIUM"
    },
    {
      "quarter": "2023-06 (Q2)",
      "signal": "YoY REVENUE GROWTH DECELERATION",
      "detail": "YoY growth: +18.8% vs prior quarter YoY: +33.2% (decel: -14.5%)",
      "severity": "WARNING"
    },
    {
      "quarter": "2022-09 (Q3)",
      "signal": "FCF MARGIN EXPANSION",
      "detail": "FCF margin: +14.6% -> +28.0% (+13.4%)",
      "severity": "MEDIUM"
    },
    {
      "quarter": "2022-09 (Q3)",
      "signal": "YoY REVENUE GROWTH DECELERATION",
      "detail": "YoY growth: +35.4% vs prior quarter YoY: +68.5% (decel: -33.2%)",
      "severity": "WARNING"
    },
    {
      "quarter": "2022-06 (Q2)",
      "signal": "YoY REVENUE GROWTH DECELERATION",
      "detail": "YoY growth: +68.5% vs prior quarter YoY: +96.9% (decel: -28.4%)",
      "severity": "WARNING"
    },
    {
      "quarter": "2022-06 (Q2)",
      "signal": "INCREMENTAL MARGIN (YoY)",
      "detail": "YoY Incr OPM: +41.1% vs year-ago OPM: +16.9%",
      "severity": "HIGH"
    },
    {
      "quarter": "2022-03 (Q1)",
      "signal": "YoY REVENUE GROWTH DECELERATION",
      "detail": "YoY growth: +96.9% vs prior quarter YoY: +106.3% (decel: -9.4%)",
      "severity": "WARNING"
    },
    {
      "quarter": "2022-03 (Q1)",
      "signal": "INCREMENTAL MARGIN (YoY)",
      "detail": "YoY Incr OPM: +41.1% vs year-ago OPM: +2.4%",
      "severity": "HIGH"
    },
    {
      "quarter": "2021-12 (Q4)",
      "signal": "OP MARGIN TURNED POSITIVE (YoY)",
      "detail": "Op margin: -21.9% (year-ago) -> +18.1%",
      "severity": "HIGH"
    },
    {
      "quarter": "2021-09 (Q3)",
      "signal": "FCF TURNED POSITIVE",
      "detail": "FCF margin: -10.2% -> +15.4%",
      "severity": "HIGH"
    },
    {
      "quarter": "2021-09 (Q3)",
      "signal": "OPERATING LEVERAGE",
      "detail": "Rev growth +31.6% vs OpEx growth +18.5% (leverage: 1.7x)",
      "severity": "MEDIUM"
    },
    {
      "quarter": "2021-06 (Q2)",
      "signal": "FCF MARGIN EXPANSION",
      "detail": "FCF margin: -19.9% -> -10.2% (+9.8%)",
      "severity": "MEDIUM"
    },
    {
      "quarter": "2021-06 (Q2)",
      "signal": "OPERATING LEVERAGE",
      "detail": "Rev growth +52.1% vs OpEx growth +29.5% (leverage: 1.8x)",
      "severity": "MEDIUM"
    },
    {
      "quarter": "2021-03 (Q1)",
      "signal": "OP MARGIN TURNED POSITIVE (QoQ)",
      "detail": "Op margin: -21.9% -> +2.4%",
      "severity": "HIGH"
    }
  ],
  "data_quality": {
    "n_quarters": 20,
    "coverage": {
      "revenue": [
        20,
        20
      ],
      "gross_profit": [
        0,
        20
      ],
      "op_income": [
        20,
        20
      ],
      "fcf": [
        20,
        20
      ]
    },
    "gaps": [],
    "warnings": [
      "gross_profit: no data"
    ]
  },
  "market_cap": null,
  "source": "SEC EDGAR",
  "last_updated": "2026-02-02T19:55:12.640849",
  "sector": "Consumer Cyclical",
  "industry": "Lodging"
}