{
  "ticker": "HLTC",
  "name": "National Healthcare Properties, Inc.",
  "quarters": [
    {
      "date": "2020-12-31T00:00:00",
      "quarter_label": "2020-12 (Q4)",
      "revenue": 90878000,
      "gross_profit": 30519000,
      "operating_income": -3021000,
      "net_income": -20726000,
      "opex": 96823000,
      "cogs": null,
      "rd": null,
      "sga": null,
      "fcf": 24000,
      "ocf": 24000,
      "capex": null,
      "gross_margin": 0.335823851757301,
      "op_margin": -0.03324236889016043,
      "fcf_margin": 0.00026409031888906004
    },
    {
      "date": "2021-03-31T00:00:00",
      "quarter_label": "2021-03 (Q1)",
      "revenue": 83436000,
      "gross_profit": 34081000,
      "operating_income": 862000,
      "net_income": null,
      "opex": 82402000,
      "cogs": null,
      "rd": null,
      "sga": null,
      "fcf": 13959000,
      "ocf": 13959000,
      "capex": null,
      "gross_margin": 0.408468766479697,
      "op_margin": 0.010331271873052399,
      "fcf_margin": 0.1673018840788149,
      "fcf_margin_change": 0.16703779375992586
    },
    {
      "date": "2021-06-30T00:00:00",
      "quarter_label": "2021-06 (Q2)",
      "revenue": 81160000,
      "gross_profit": 29600000,
      "operating_income": -2116000,
      "net_income": null,
      "opex": 85732000,
      "cogs": null,
      "rd": null,
      "sga": null,
      "fcf": 3644000,
      "ocf": 3644000,
      "capex": null,
      "gross_margin": 0.36471168063085263,
      "op_margin": -0.02607195662888122,
      "fcf_margin": 0.04489896500739281,
      "fcf_margin_change": -0.1224029190714221
    },
    {
      "date": "2021-09-30T00:00:00",
      "quarter_label": "2021-09 (Q3)",
      "revenue": 82006000,
      "gross_profit": 30788000,
      "operating_income": -28606000,
      "net_income": null,
      "opex": 110612000,
      "cogs": null,
      "rd": null,
      "sga": null,
      "fcf": 8401000,
      "ocf": 8401000,
      "capex": null,
      "gross_margin": 0.37543594371143574,
      "op_margin": -0.34882813452674194,
      "fcf_margin": 0.10244372362997829,
      "op_leverage_ratio": 0.03591872431733434,
      "fcf_margin_change": 0.057544758622585485
    },
    {
      "date": "2021-12-31T00:00:00",
      "quarter_label": "2021-12 (Q4)",
      "revenue": 82753000,
      "gross_profit": 29073000,
      "operating_income": -7575000,
      "net_income": null,
      "opex": 91692000,
      "cogs": null,
      "rd": null,
      "sga": null,
      "fcf": 12875000,
      "ocf": 12875000,
      "capex": null,
      "gross_margin": 0.3513226106606407,
      "op_margin": -0.09153746691962829,
      "fcf_margin": 0.1555834833782461,
      "incr_op_margin_yoy": 0.5604923076923077,
      "rev_growth_yoy": -0.08940557670723387,
      "fcf_margin_change": 0.053139759748267804
    },
    {
      "date": "2022-03-31T00:00:00",
      "quarter_label": "2022-03 (Q1)",
      "revenue": 83650000,
      "gross_profit": 30560000,
      "operating_income": -12603000,
      "net_income": null,
      "opex": 95950000,
      "cogs": null,
      "rd": null,
      "sga": null,
      "fcf": 5882000,
      "ocf": 5882000,
      "capex": null,
      "gross_margin": 0.3653317393903168,
      "op_margin": -0.1506634787806336,
      "fcf_margin": 0.07031679617453676,
      "rev_growth_yoy": 0.0025648401169758857,
      "rev_growth_yoy_accel": 0.09197041682420976,
      "op_leverage_ratio": 0.23341807585224064,
      "fcf_margin_change": -0.08526668720370933
    },
    {
      "date": "2022-06-30T00:00:00",
      "quarter_label": "2022-06 (Q2)",
      "revenue": 83826000,
      "gross_profit": 31234000,
      "operating_income": -5936000,
      "net_income": null,
      "opex": 89762000,
      "cogs": null,
      "rd": null,
      "sga": null,
      "fcf": 7855000,
      "ocf": 7855000,
      "capex": null,
      "gross_margin": 0.3726051583041061,
      "op_margin": -0.07081335146613223,
      "fcf_margin": 0.09370601006847518,
      "incr_op_margin_yoy": -1.4328582145536384,
      "rev_growth_yoy": 0.03284869393790044,
      "rev_growth_yoy_accel": 0.030283853820924557,
      "fcf_margin_change": 0.023389213893938415
    },
    {
      "date": "2022-09-30T00:00:00",
      "quarter_label": "2022-09 (Q3)",
      "revenue": 83460000,
      "gross_profit": 32262000,
      "operating_income": -8350000,
      "net_income": null,
      "opex": 92004000,
      "cogs": null,
      "rd": null,
      "sga": null,
      "fcf": 7358000,
      "ocf": 7358000,
      "capex": null,
      "gross_margin": 0.38655643421998565,
      "op_margin": -0.1000479271507309,
      "fcf_margin": 0.0881619937694704,
      "incr_op_margin_yoy": 13.931224209078405,
      "rev_growth_yoy": 0.017730409970002196,
      "rev_growth_yoy_accel": -0.015118283967898247,
      "fcf_margin_change": -0.005544016299004778
    },
    {
      "date": "2022-12-31T00:00:00",
      "quarter_label": "2022-12 (Q4)",
      "revenue": 84910000,
      "gross_profit": 28346000,
      "operating_income": -4652000,
      "net_income": null,
      "opex": 89546000,
      "cogs": null,
      "rd": null,
      "sga": null,
      "fcf": 7200000,
      "ocf": 7200000,
      "capex": null,
      "gross_margin": 0.3338358261688847,
      "op_margin": -0.0547874219762101,
      "fcf_margin": 0.08479566599929336,
      "incr_op_margin_yoy": 1.3551228558182662,
      "rev_growth_yoy": 0.026065520283252572,
      "rev_growth_yoy_accel": 0.008335110313250377,
      "op_leverage_ratio": Infinity,
      "fcf_margin_change": -0.0033663277701770355
    },
    {
      "date": "2023-03-31T00:00:00",
      "quarter_label": "2023-03 (Q1)",
      "revenue": 87355000,
      "gross_profit": 33472000,
      "operating_income": 1940000,
      "net_income": null,
      "opex": 85530000,
      "cogs": null,
      "rd": null,
      "sga": null,
      "fcf": 4989000,
      "ocf": 4989000,
      "capex": null,
      "gross_margin": 0.3831721137885639,
      "op_margin": 0.02220823078243947,
      "fcf_margin": 0.05711178524411883,
      "incr_op_margin_yoy": 3.9252361673414304,
      "rev_growth_yoy": 0.0442916915720263,
      "rev_growth_yoy_accel": 0.01822617128877373,
      "op_leverage_ratio": Infinity,
      "fcf_margin_change": -0.027683880755174535
    },
    {
      "date": "2023-06-30T00:00:00",
      "quarter_label": "2023-06 (Q2)",
      "revenue": 86104000,
      "gross_profit": 32535000,
      "operating_income": 813000,
      "net_income": null,
      "opex": 84985000,
      "cogs": null,
      "rd": null,
      "sga": null,
      "fcf": 5688000,
      "ocf": 5688000,
      "capex": null,
      "gross_margin": 0.37785701012728795,
      "op_margin": 0.00944207005481743,
      "fcf_margin": 0.06605964879680387,
      "incr_op_margin_yoy": 2.962686567164179,
      "rev_growth_yoy": 0.027175339393505596,
      "rev_growth_yoy_accel": -0.017116352178520707,
      "fcf_margin_change": 0.008947863552685044
    },
    {
      "date": "2023-09-30T00:00:00",
      "quarter_label": "2023-09 (Q3)",
      "revenue": 85686000,
      "gross_profit": 31360000,
      "operating_income": -912000,
      "net_income": null,
      "opex": 86425000,
      "cogs": null,
      "rd": null,
      "sga": null,
      "fcf": 5681000,
      "ocf": 5681000,
      "capex": null,
      "gross_margin": 0.36598744252269916,
      "op_margin": -0.010643512359078495,
      "fcf_margin": 0.06630021240342647,
      "incr_op_margin_yoy": 3.3414195867026057,
      "rev_growth_yoy": 0.026671459381739756,
      "rev_growth_yoy_accel": -0.00050388001176584,
      "fcf_margin_change": 0.00024056360662259857
    },
    {
      "date": "2023-12-31T00:00:00",
      "quarter_label": "2023-12 (Q4)",
      "revenue": 86780000,
      "gross_profit": 30766000,
      "operating_income": -6579000,
      "net_income": null,
      "opex": 93401000,
      "cogs": null,
      "rd": null,
      "sga": null,
      "fcf": 5266000,
      "ocf": 5266000,
      "capex": null,
      "gross_margin": 0.354528693247292,
      "op_margin": -0.07581239917031574,
      "fcf_margin": 0.06068218483521549,
      "incr_op_margin_yoy": -1.03048128342246,
      "rev_growth_yoy": 0.022023318808149804,
      "rev_growth_yoy_accel": -0.004648140573589952,
      "op_leverage_ratio": 0.15817591986165833,
      "fcf_margin_change": -0.005618027568210983
    },
    {
      "date": "2024-03-31T00:00:00",
      "quarter_label": "2024-03 (Q1)",
      "revenue": 88299000,
      "gross_profit": 33154000,
      "operating_income": -1120000,
      "net_income": null,
      "opex": 89419000,
      "cogs": null,
      "rd": null,
      "sga": null,
      "fcf": 2543000,
      "ocf": 2543000,
      "capex": null,
      "gross_margin": 0.3754742409313809,
      "op_margin": -0.012684175358724334,
      "fcf_margin": 0.028799873158246413,
      "rev_growth_yoy": 0.010806479308568486,
      "rev_growth_yoy_accel": -0.011216839499581318,
      "op_leverage_ratio": Infinity,
      "fcf_margin_change": -0.031882311676969075
    },
    {
      "date": "2024-06-30T00:00:00",
      "quarter_label": "2024-06 (Q2)",
      "revenue": 88817000,
      "gross_profit": 33812000,
      "operating_income": -100440000,
      "net_income": null,
      "opex": 189032000,
      "cogs": null,
      "rd": null,
      "sga": null,
      "fcf": 6392000,
      "ocf": 6392000,
      "capex": null,
      "gross_margin": 0.38069288537104384,
      "op_margin": -1.1308645867345215,
      "fcf_margin": 0.07196820428521566,
      "incr_op_margin_yoy": -37.3214154072982,
      "rev_growth_yoy": 0.03150840843630958,
      "rev_growth_yoy_accel": 0.020701929127741096,
      "fcf_margin_change": 0.04316833112696925
    },
    {
      "date": "2024-09-30T00:00:00",
      "quarter_label": "2024-09 (Q3)",
      "revenue": 88940000,
      "gross_profit": 32533000,
      "operating_income": -20926000,
      "net_income": null,
      "opex": 111445000,
      "cogs": null,
      "rd": null,
      "sga": null,
      "fcf": -95235000,
      "ocf": -95235000,
      "capex": null,
      "gross_margin": 0.3657859230942208,
      "op_margin": -0.23528221272768157,
      "fcf_margin": -1.0707780526197437,
      "incr_op_margin_yoy": -6.150583896742471,
      "rev_growth_yoy": 0.03797586536890507,
      "rev_growth_yoy_accel": 0.00646745693259549,
      "fcf_margin_change": -1.1427462569049593
    },
    {
      "date": "2024-12-31T00:00:00",
      "quarter_label": "2024-12 (Q4)",
      "revenue": 87738000,
      "gross_profit": 33147000,
      "operating_income": -1055000,
      "net_income": null,
      "opex": 96746000,
      "cogs": null,
      "rd": null,
      "sga": null,
      "fcf": 6454000,
      "ocf": 6454000,
      "capex": null,
      "gross_margin": 0.37779525405183617,
      "op_margin": -0.012024436390161618,
      "fcf_margin": 0.07355991702569012,
      "rev_growth_yoy": 0.011039410002304679,
      "rev_growth_yoy_accel": -0.026936455366600394,
      "fcf_margin_change": 1.1443379696454339
    },
    {
      "date": "2025-03-31T00:00:00",
      "quarter_label": "2025-03 (Q1)",
      "revenue": 86443000,
      "gross_profit": 28903000,
      "operating_income": 13024000,
      "net_income": null,
      "opex": 98408000,
      "cogs": null,
      "rd": null,
      "sga": null,
      "fcf": -21229000,
      "ocf": -21229000,
      "capex": null,
      "gross_margin": 0.33435905741355576,
      "op_margin": 0.15066575662575338,
      "fcf_margin": -0.2455837951019747,
      "incr_op_margin_yoy": -7.620689655172414,
      "rev_growth_yoy": -0.021019490594457468,
      "rev_growth_yoy_accel": -0.03205890059676215,
      "fcf_margin_change": -0.3191437121276648
    },
    {
      "date": "2025-06-30T00:00:00",
      "quarter_label": "2025-06 (Q2)",
      "revenue": 85332000,
      "gross_profit": 31484000,
      "operating_income": -5518000,
      "net_income": null,
      "opex": 93502000,
      "cogs": null,
      "rd": null,
      "sga": null,
      "fcf": 8052000,
      "ocf": 8052000,
      "capex": null,
      "gross_margin": 0.36895888998265597,
      "op_margin": -0.06466507289176393,
      "fcf_margin": 0.09436084938827169,
      "incr_op_margin_yoy": -27.237302725968437,
      "rev_growth_yoy": -0.039237983719333014,
      "rev_growth_yoy_accel": -0.018218493124875546,
      "fcf_margin_change": 0.3399446444902464
    },
    {
      "date": "2025-09-30T00:00:00",
      "quarter_label": "2025-09 (Q3)",
      "revenue": 86026000,
      "gross_profit": 32181000,
      "operating_income": 2375000,
      "net_income": null,
      "opex": 84277000,
      "cogs": null,
      "rd": null,
      "sga": null,
      "fcf": 10169000,
      "ocf": 10169000,
      "capex": null,
      "gross_margin": 0.37408457908074305,
      "op_margin": 0.02760793248552763,
      "fcf_margin": 0.1182084486085602,
      "incr_op_margin_yoy": -7.9962251201098145,
      "rev_growth_yoy": -0.032763660894985384,
      "rev_growth_yoy_accel": 0.0064743228243476295,
      "fcf_margin_change": 0.023847599220288507
    }
  ],
  "signals": [
    {
      "quarter": "2025-09 (Q3)",
      "signal": "OP MARGIN TURNED POSITIVE (YoY)",
      "detail": "Op margin: -23.5% (year-ago) -> +2.8%",
      "severity": "HIGH"
    },
    {
      "quarter": "2025-09 (Q3)",
      "signal": "OP MARGIN TURNED POSITIVE (QoQ)",
      "detail": "Op margin: -6.5% -> +2.8%",
      "severity": "HIGH"
    },
    {
      "quarter": "2025-06 (Q2)",
      "signal": "FCF TURNED POSITIVE",
      "detail": "FCF margin: -24.6% -> +9.4%",
      "severity": "HIGH"
    },
    {
      "quarter": "2025-06 (Q2)",
      "signal": "GROSS MARGIN INFLECTION",
      "detail": "GM: +37.8% -> +33.4% -> +36.9% (reversal +3.5%)",
      "severity": "MEDIUM"
    },
    {
      "quarter": "2025-03 (Q1)",
      "signal": "OP MARGIN TURNED POSITIVE (YoY)",
      "detail": "Op margin: -1.3% (year-ago) -> +15.1%",
      "severity": "HIGH"
    },
    {
      "quarter": "2025-03 (Q1)",
      "signal": "OP MARGIN TURNED POSITIVE (QoQ)",
      "detail": "Op margin: -1.2% -> +15.1%",
      "severity": "HIGH"
    },
    {
      "quarter": "2024-12 (Q4)",
      "signal": "FCF TURNED POSITIVE",
      "detail": "FCF margin: -107.1% -> +7.4%",
      "severity": "HIGH"
    },
    {
      "quarter": "2024-03 (Q1)",
      "signal": "GROSS MARGIN INFLECTION",
      "detail": "GM: +36.6% -> +35.5% -> +37.5% (reversal +2.1%)",
      "severity": "MEDIUM"
    },
    {
      "quarter": "2023-06 (Q2)",
      "signal": "OP MARGIN TURNED POSITIVE (YoY)",
      "detail": "Op margin: -7.1% (year-ago) -> +0.9%",
      "severity": "HIGH"
    },
    {
      "quarter": "2023-03 (Q1)",
      "signal": "GROSS MARGIN INFLECTION",
      "detail": "GM: +38.7% -> +33.4% -> +38.3% (reversal +4.9%)",
      "severity": "MEDIUM"
    },
    {
      "quarter": "2023-03 (Q1)",
      "signal": "OP MARGIN TURNED POSITIVE (YoY)",
      "detail": "Op margin: -15.1% (year-ago) -> +2.2%",
      "severity": "HIGH"
    },
    {
      "quarter": "2023-03 (Q1)",
      "signal": "OP MARGIN TURNED POSITIVE (QoQ)",
      "detail": "Op margin: -5.5% -> +2.2%",
      "severity": "HIGH"
    },
    {
      "quarter": "2022-03 (Q1)",
      "signal": "YoY REVENUE GROWTH ACCELERATION",
      "detail": "YoY growth: +0.3% vs prior quarter YoY: -8.9% (accel: +9.2%)",
      "severity": "MEDIUM"
    },
    {
      "quarter": "2021-12 (Q4)",
      "signal": "FCF MARGIN EXPANSION",
      "detail": "FCF margin: +10.2% -> +15.6% (+5.3%)",
      "severity": "MEDIUM"
    },
    {
      "quarter": "2021-09 (Q3)",
      "signal": "FCF MARGIN EXPANSION",
      "detail": "FCF margin: +4.5% -> +10.2% (+5.8%)",
      "severity": "MEDIUM"
    },
    {
      "quarter": "2021-03 (Q1)",
      "signal": "FCF MARGIN EXPANSION",
      "detail": "FCF margin: +0.0% -> +16.7% (+16.7%)",
      "severity": "MEDIUM"
    },
    {
      "quarter": "2021-03 (Q1)",
      "signal": "OP MARGIN TURNED POSITIVE (QoQ)",
      "detail": "Op margin: -3.3% -> +1.0%",
      "severity": "HIGH"
    }
  ],
  "data_quality": {
    "n_quarters": 20,
    "coverage": {
      "revenue": [
        20,
        20
      ],
      "gross_profit": [
        20,
        20
      ],
      "op_income": [
        20,
        20
      ],
      "fcf": [
        20,
        20
      ]
    },
    "gaps": [],
    "warnings": []
  },
  "market_cap": null,
  "source": "SEC EDGAR",
  "last_updated": "2026-02-03T00:56:58.929003"
}