{
  "ticker": "HMN",
  "name": "HORACE MANN EDUCATORS CORPORATION",
  "quarters": [
    {
      "date": "2020-12-31T00:00:00",
      "quarter_label": "2020-12 (Q4)",
      "revenue": 352344000,
      "gross_profit": null,
      "operating_income": null,
      "net_income": 47791000,
      "opex": null,
      "cogs": null,
      "rd": null,
      "sga": null,
      "fcf": -8000000,
      "ocf": -8000000,
      "capex": null,
      "gross_margin": null,
      "op_margin": null,
      "fcf_margin": -0.022705083668233317
    },
    {
      "date": "2021-03-31T00:00:00",
      "quarter_label": "2021-03 (Q1)",
      "revenue": 322000000,
      "gross_profit": null,
      "operating_income": null,
      "net_income": 39300000,
      "opex": null,
      "cogs": null,
      "rd": null,
      "sga": null,
      "fcf": 142000000,
      "ocf": 142000000,
      "capex": null,
      "gross_margin": null,
      "op_margin": null,
      "fcf_margin": 0.4409937888198758,
      "fcf_margin_change": 0.4636988724881091
    },
    {
      "date": "2021-06-30T00:00:00",
      "quarter_label": "2021-06 (Q2)",
      "revenue": 347100000,
      "gross_profit": null,
      "operating_income": null,
      "net_income": 46700000,
      "opex": null,
      "cogs": null,
      "rd": null,
      "sga": null,
      "fcf": -25400000,
      "ocf": -25400000,
      "capex": null,
      "gross_margin": null,
      "op_margin": null,
      "fcf_margin": -0.073177758571017,
      "fcf_margin_change": -0.5141715473908928
    },
    {
      "date": "2021-09-30T00:00:00",
      "quarter_label": "2021-09 (Q3)",
      "revenue": 329600000,
      "gross_profit": null,
      "operating_income": null,
      "net_income": 16300000,
      "opex": null,
      "cogs": null,
      "rd": null,
      "sga": null,
      "fcf": 61500000,
      "ocf": 61500000,
      "capex": null,
      "gross_margin": null,
      "op_margin": null,
      "fcf_margin": 0.1865898058252427,
      "fcf_margin_change": 0.2597675643962597
    },
    {
      "date": "2021-12-31T00:00:00",
      "quarter_label": "2021-12 (Q4)",
      "revenue": 331200000,
      "gross_profit": null,
      "operating_income": null,
      "net_income": 46900000,
      "opex": null,
      "cogs": null,
      "rd": null,
      "sga": null,
      "fcf": 26800000,
      "ocf": 26800000,
      "capex": null,
      "gross_margin": null,
      "op_margin": null,
      "fcf_margin": 0.08091787439613526,
      "rev_growth_yoy": -0.06000953613514066,
      "fcf_margin_change": -0.10567193142910744
    },
    {
      "date": "2022-03-31T00:00:00",
      "quarter_label": "2022-03 (Q1)",
      "revenue": 346800000,
      "gross_profit": null,
      "operating_income": null,
      "net_income": 14500000,
      "opex": null,
      "cogs": null,
      "rd": null,
      "sga": null,
      "fcf": 95700000,
      "ocf": 95700000,
      "capex": null,
      "gross_margin": null,
      "op_margin": null,
      "fcf_margin": 0.2759515570934256,
      "rev_growth_yoy": 0.07701863354037267,
      "rev_growth_yoy_accel": 0.13702816967551332,
      "fcf_margin_change": 0.19503368269729035
    },
    {
      "date": "2022-06-30T00:00:00",
      "quarter_label": "2022-06 (Q2)",
      "revenue": 346300000,
      "gross_profit": null,
      "operating_income": null,
      "net_income": -12500000,
      "opex": null,
      "cogs": null,
      "rd": null,
      "sga": null,
      "fcf": -15700000,
      "ocf": -15700000,
      "capex": null,
      "gross_margin": null,
      "op_margin": null,
      "fcf_margin": -0.04533641351429397,
      "rev_growth_yoy": -0.0023048112935753384,
      "rev_growth_yoy_accel": -0.079323444833948,
      "fcf_margin_change": -0.3212879706077196
    },
    {
      "date": "2022-09-30T00:00:00",
      "quarter_label": "2022-09 (Q3)",
      "revenue": 343000000,
      "gross_profit": null,
      "operating_income": null,
      "net_income": 13900000,
      "opex": null,
      "cogs": null,
      "rd": null,
      "sga": null,
      "fcf": 35800000,
      "ocf": 35800000,
      "capex": null,
      "gross_margin": null,
      "op_margin": null,
      "fcf_margin": 0.1043731778425656,
      "rev_growth_yoy": 0.040655339805825245,
      "rev_growth_yoy_accel": 0.04296015109940059,
      "fcf_margin_change": 0.14970959135685957
    },
    {
      "date": "2022-12-31T00:00:00",
      "quarter_label": "2022-12 (Q4)",
      "revenue": 346400000,
      "gross_profit": null,
      "operating_income": null,
      "net_income": -16700000,
      "opex": null,
      "cogs": null,
      "rd": null,
      "sga": null,
      "fcf": 55700000,
      "ocf": 55700000,
      "capex": null,
      "gross_margin": null,
      "op_margin": null,
      "fcf_margin": 0.16079676674364896,
      "rev_growth_yoy": 0.04589371980676329,
      "rev_growth_yoy_accel": 0.005238380000938042,
      "fcf_margin_change": 0.05642358890108336
    },
    {
      "date": "2023-03-31T00:00:00",
      "quarter_label": "2023-03 (Q1)",
      "revenue": 353900000,
      "gross_profit": null,
      "operating_income": null,
      "net_income": 6600000,
      "opex": null,
      "cogs": null,
      "rd": null,
      "sga": null,
      "fcf": 86400000,
      "ocf": 86400000,
      "capex": null,
      "gross_margin": null,
      "op_margin": null,
      "fcf_margin": 0.24413676179711782,
      "rev_growth_yoy": 0.020472895040369088,
      "rev_growth_yoy_accel": -0.0254208247663942,
      "fcf_margin_change": 0.08333999505346887
    },
    {
      "date": "2023-06-30T00:00:00",
      "quarter_label": "2023-06 (Q2)",
      "revenue": 356400000,
      "gross_profit": null,
      "operating_income": null,
      "net_income": -12800000,
      "opex": null,
      "cogs": null,
      "rd": null,
      "sga": null,
      "fcf": 67500000,
      "ocf": 67500000,
      "capex": null,
      "gross_margin": null,
      "op_margin": null,
      "fcf_margin": 0.1893939393939394,
      "rev_growth_yoy": 0.02916546347097892,
      "rev_growth_yoy_accel": 0.008692568430609834,
      "fcf_margin_change": -0.05474282240317843
    },
    {
      "date": "2023-09-30T00:00:00",
      "quarter_label": "2023-09 (Q3)",
      "revenue": 378700000,
      "gross_profit": null,
      "operating_income": null,
      "net_income": 11700000,
      "opex": null,
      "cogs": null,
      "rd": null,
      "sga": null,
      "fcf": 45300000,
      "ocf": 45300000,
      "capex": null,
      "gross_margin": null,
      "op_margin": null,
      "fcf_margin": 0.11961975178241352,
      "rev_growth_yoy": 0.10408163265306122,
      "rev_growth_yoy_accel": 0.0749161691820823,
      "fcf_margin_change": -0.06977418761152587
    },
    {
      "date": "2023-12-31T00:00:00",
      "quarter_label": "2023-12 (Q4)",
      "revenue": 402900000,
      "gross_profit": null,
      "operating_income": null,
      "net_income": 39500000,
      "opex": null,
      "cogs": null,
      "rd": null,
      "sga": null,
      "fcf": 102900000,
      "ocf": 102900000,
      "capex": null,
      "gross_margin": null,
      "op_margin": null,
      "fcf_margin": 0.25539836187639614,
      "rev_growth_yoy": 0.16310623556581985,
      "rev_growth_yoy_accel": 0.05902460291275863,
      "fcf_margin_change": 0.13577861009398262
    },
    {
      "date": "2024-03-31T00:00:00",
      "quarter_label": "2024-03 (Q1)",
      "revenue": 386000000,
      "gross_profit": null,
      "operating_income": null,
      "net_income": 26500000,
      "opex": 72200000,
      "cogs": null,
      "rd": null,
      "sga": null,
      "fcf": 74500000,
      "ocf": 74500000,
      "capex": null,
      "gross_margin": null,
      "op_margin": null,
      "fcf_margin": 0.19300518134715025,
      "rev_growth_yoy": 0.09070358858434587,
      "rev_growth_yoy_accel": -0.07240264698147399,
      "fcf_margin_change": -0.06239318052924589
    },
    {
      "date": "2024-06-30T00:00:00",
      "quarter_label": "2024-06 (Q2)",
      "revenue": 388100000,
      "gross_profit": null,
      "operating_income": null,
      "net_income": 3800000,
      "opex": 71100000,
      "cogs": null,
      "rd": null,
      "sga": null,
      "fcf": 40200000,
      "ocf": 40200000,
      "capex": null,
      "gross_margin": null,
      "op_margin": null,
      "fcf_margin": 0.1035815511466117,
      "rev_growth_yoy": 0.08894500561167228,
      "rev_growth_yoy_accel": -0.001758582972673589,
      "fcf_margin_change": -0.08942363020053855
    },
    {
      "date": "2024-09-30T00:00:00",
      "quarter_label": "2024-09 (Q3)",
      "revenue": 412100000,
      "gross_profit": null,
      "operating_income": null,
      "net_income": 34300000,
      "opex": 70200000,
      "cogs": null,
      "rd": null,
      "sga": null,
      "fcf": 143900000,
      "ocf": 143900000,
      "capex": null,
      "gross_margin": null,
      "op_margin": null,
      "fcf_margin": 0.34918709051201163,
      "rev_growth_yoy": 0.08819646157908635,
      "rev_growth_yoy_accel": -0.0007485440325859238,
      "op_leverage_ratio": Infinity,
      "fcf_margin_change": 0.24560553936539992
    },
    {
      "date": "2024-12-31T00:00:00",
      "quarter_label": "2024-12 (Q4)",
      "revenue": 409000000,
      "gross_profit": null,
      "operating_income": null,
      "net_income": 38200000,
      "opex": 81500000,
      "cogs": null,
      "rd": null,
      "sga": null,
      "fcf": 193500000,
      "ocf": 193500000,
      "capex": null,
      "gross_margin": null,
      "op_margin": null,
      "fcf_margin": 0.4731051344743276,
      "rev_growth_yoy": 0.015140233308513279,
      "rev_growth_yoy_accel": -0.07305622827057308,
      "fcf_margin_change": 0.12391804396231598
    },
    {
      "date": "2025-03-31T00:00:00",
      "quarter_label": "2025-03 (Q1)",
      "revenue": 416400000,
      "gross_profit": null,
      "operating_income": null,
      "net_income": 38200000,
      "opex": 76900000,
      "cogs": null,
      "rd": null,
      "sga": null,
      "fcf": 140800000,
      "ocf": 140800000,
      "capex": null,
      "gross_margin": null,
      "op_margin": null,
      "fcf_margin": 0.3381364073006724,
      "rev_growth_yoy": 0.07875647668393783,
      "rev_growth_yoy_accel": 0.06361624337542456,
      "op_leverage_ratio": Infinity,
      "fcf_margin_change": -0.1349687271736552
    },
    {
      "date": "2025-06-30T00:00:00",
      "quarter_label": "2025-06 (Q2)",
      "revenue": 411700000,
      "gross_profit": null,
      "operating_income": null,
      "net_income": 29400000,
      "opex": 82200000,
      "cogs": null,
      "rd": null,
      "sga": null,
      "fcf": 131300000,
      "ocf": 131300000,
      "capex": null,
      "gross_margin": null,
      "op_margin": null,
      "fcf_margin": 0.3189215448141851,
      "rev_growth_yoy": 0.06080906982736408,
      "rev_growth_yoy_accel": -0.01794740685657375,
      "fcf_margin_change": -0.019214862486487294
    },
    {
      "date": "2025-09-30T00:00:00",
      "quarter_label": "2025-09 (Q3)",
      "revenue": 438500000,
      "gross_profit": null,
      "operating_income": null,
      "net_income": 58300000,
      "opex": 84000000,
      "cogs": null,
      "rd": null,
      "sga": null,
      "fcf": 151200000,
      "ocf": 151200000,
      "capex": null,
      "gross_margin": null,
      "op_margin": null,
      "fcf_margin": 0.34481185860889396,
      "rev_growth_yoy": 0.06406212084445523,
      "rev_growth_yoy_accel": 0.003253051017091148,
      "op_leverage_ratio": 2.9727147599384667,
      "fcf_margin_change": 0.025890313794708852
    }
  ],
  "signals": [
    {
      "quarter": "2025-09 (Q3)",
      "signal": "OPERATING LEVERAGE",
      "detail": "Rev growth +6.5% vs OpEx growth +2.2% (leverage: 3.0x)",
      "severity": "MEDIUM"
    },
    {
      "quarter": "2025-03 (Q1)",
      "signal": "YoY REVENUE GROWTH ACCELERATION",
      "detail": "YoY growth: +7.9% vs prior quarter YoY: +1.5% (accel: +6.4%)",
      "severity": "MEDIUM"
    },
    {
      "quarter": "2024-12 (Q4)",
      "signal": "FCF MARGIN EXPANSION",
      "detail": "FCF margin: +34.9% -> +47.3% (+12.4%)",
      "severity": "MEDIUM"
    },
    {
      "quarter": "2024-12 (Q4)",
      "signal": "YoY REVENUE GROWTH DECELERATION",
      "detail": "YoY growth: +1.5% vs prior quarter YoY: +8.8% (decel: -7.3%)",
      "severity": "WARNING"
    },
    {
      "quarter": "2024-09 (Q3)",
      "signal": "FCF MARGIN EXPANSION",
      "detail": "FCF margin: +10.4% -> +34.9% (+24.6%)",
      "severity": "MEDIUM"
    },
    {
      "quarter": "2024-03 (Q1)",
      "signal": "YoY REVENUE GROWTH DECELERATION",
      "detail": "YoY growth: +9.1% vs prior quarter YoY: +16.3% (decel: -7.2%)",
      "severity": "WARNING"
    },
    {
      "quarter": "2023-12 (Q4)",
      "signal": "FCF MARGIN EXPANSION",
      "detail": "FCF margin: +12.0% -> +25.5% (+13.6%)",
      "severity": "MEDIUM"
    },
    {
      "quarter": "2023-12 (Q4)",
      "signal": "YoY REVENUE GROWTH ACCELERATION",
      "detail": "YoY growth: +16.3% vs prior quarter YoY: +10.4% (accel: +5.9%)",
      "severity": "MEDIUM"
    },
    {
      "quarter": "2023-09 (Q3)",
      "signal": "YoY REVENUE GROWTH ACCELERATION",
      "detail": "YoY growth: +10.4% vs prior quarter YoY: +2.9% (accel: +7.5%)",
      "severity": "MEDIUM"
    },
    {
      "quarter": "2023-03 (Q1)",
      "signal": "FCF MARGIN EXPANSION",
      "detail": "FCF margin: +16.1% -> +24.4% (+8.3%)",
      "severity": "MEDIUM"
    },
    {
      "quarter": "2022-12 (Q4)",
      "signal": "FCF MARGIN EXPANSION",
      "detail": "FCF margin: +10.4% -> +16.1% (+5.6%)",
      "severity": "MEDIUM"
    },
    {
      "quarter": "2022-09 (Q3)",
      "signal": "FCF TURNED POSITIVE",
      "detail": "FCF margin: -4.5% -> +10.4%",
      "severity": "HIGH"
    },
    {
      "quarter": "2022-06 (Q2)",
      "signal": "YoY REVENUE GROWTH DECELERATION",
      "detail": "YoY growth: -0.2% vs prior quarter YoY: +7.7% (decel: -7.9%)",
      "severity": "WARNING"
    },
    {
      "quarter": "2022-03 (Q1)",
      "signal": "FCF MARGIN EXPANSION",
      "detail": "FCF margin: +8.1% -> +27.6% (+19.5%)",
      "severity": "MEDIUM"
    },
    {
      "quarter": "2022-03 (Q1)",
      "signal": "YoY REVENUE GROWTH ACCELERATION",
      "detail": "YoY growth: +7.7% vs prior quarter YoY: -6.0% (accel: +13.7%)",
      "severity": "MEDIUM"
    },
    {
      "quarter": "2021-09 (Q3)",
      "signal": "FCF TURNED POSITIVE",
      "detail": "FCF margin: -7.3% -> +18.7%",
      "severity": "HIGH"
    },
    {
      "quarter": "2021-03 (Q1)",
      "signal": "FCF TURNED POSITIVE",
      "detail": "FCF margin: -2.3% -> +44.1%",
      "severity": "HIGH"
    }
  ],
  "data_quality": {
    "n_quarters": 20,
    "coverage": {
      "revenue": [
        20,
        20
      ],
      "gross_profit": [
        0,
        20
      ],
      "op_income": [
        0,
        20
      ],
      "fcf": [
        20,
        20
      ]
    },
    "gaps": [],
    "warnings": [
      "gross_profit: no data",
      "op_income: no data"
    ]
  },
  "market_cap": null,
  "source": "SEC EDGAR",
  "last_updated": "2026-02-02T21:42:12.290841",
  "sector": "Financial Services",
  "industry": "Insurance - Property & Casualty"
}