{
  "ticker": "HNNA",
  "name": "HENNESSY ADVISORS, INC.",
  "quarters": [
    {
      "date": "2020-12-31T00:00:00",
      "quarter_label": "2020-12 (Q4)",
      "revenue": 7789000,
      "gross_profit": null,
      "operating_income": 2409000,
      "net_income": 1773000,
      "opex": 5380000,
      "cogs": null,
      "rd": null,
      "sga": null,
      "fcf": 985000,
      "ocf": 1051000,
      "capex": -66000,
      "gross_margin": null,
      "op_margin": 0.3092823212222365,
      "fcf_margin": 0.12646039286172808
    },
    {
      "date": "2021-03-31T00:00:00",
      "quarter_label": "2021-03 (Q1)",
      "revenue": 7934000,
      "gross_profit": null,
      "operating_income": 2563000,
      "net_income": 1886000,
      "opex": 5371000,
      "cogs": null,
      "rd": null,
      "sga": null,
      "fcf": 2505000,
      "ocf": 2572000,
      "capex": -67000,
      "gross_margin": null,
      "op_margin": 0.3230400806654903,
      "fcf_margin": 0.31572977060751195,
      "op_leverage_ratio": Infinity,
      "fcf_margin_change": 0.18926937774578387
    },
    {
      "date": "2021-06-30T00:00:00",
      "quarter_label": "2021-06 (Q2)",
      "revenue": 8527000,
      "gross_profit": null,
      "operating_income": 3036000,
      "net_income": 2244000,
      "opex": 5491000,
      "cogs": null,
      "rd": null,
      "sga": null,
      "fcf": 3542000,
      "ocf": 3591000,
      "capex": -49000,
      "gross_margin": null,
      "op_margin": 0.3560455025214026,
      "fcf_margin": 0.415386419608303,
      "op_leverage_ratio": 3.3453102680447024,
      "fcf_margin_change": 0.09965664900079108
    },
    {
      "date": "2021-09-30T00:00:00",
      "quarter_label": "2021-09 (Q3)",
      "revenue": 8510000,
      "gross_profit": null,
      "operating_income": 2871000,
      "net_income": 1999000,
      "opex": 5639000,
      "cogs": null,
      "rd": null,
      "sga": null,
      "fcf": 3105000,
      "ocf": 3172000,
      "capex": -67000,
      "gross_margin": null,
      "op_margin": 0.3373678025851939,
      "fcf_margin": 0.36486486486486486,
      "fcf_margin_change": -0.05052155474343817
    },
    {
      "date": "2021-12-31T00:00:00",
      "quarter_label": "2021-12 (Q4)",
      "revenue": 8534000,
      "gross_profit": null,
      "operating_income": 2787000,
      "net_income": 1913000,
      "opex": 5747000,
      "cogs": null,
      "rd": null,
      "sga": null,
      "fcf": 1102000,
      "ocf": 1159000,
      "capex": -57000,
      "gross_margin": null,
      "op_margin": 0.3265760487461917,
      "fcf_margin": 0.12913053667682212,
      "rev_growth_yoy": 0.09564770830658621,
      "fcf_margin_change": -0.23573432818804274
    },
    {
      "date": "2022-03-31T00:00:00",
      "quarter_label": "2022-03 (Q1)",
      "revenue": 7745000,
      "gross_profit": null,
      "operating_income": 2673000,
      "net_income": 1602000,
      "opex": 5072000,
      "cogs": null,
      "rd": null,
      "sga": null,
      "fcf": 2341000,
      "ocf": 2384000,
      "capex": -43000,
      "gross_margin": null,
      "op_margin": 0.34512588766946417,
      "fcf_margin": 0.30225952227243386,
      "rev_growth_yoy": -0.02382152760272246,
      "rev_growth_yoy_accel": -0.11946923590930868,
      "fcf_margin_change": 0.17312898559561174
    },
    {
      "date": "2022-06-30T00:00:00",
      "quarter_label": "2022-06 (Q2)",
      "revenue": 6909000,
      "gross_profit": null,
      "operating_income": 2331000,
      "net_income": 1301000,
      "opex": 4578000,
      "cogs": null,
      "rd": null,
      "sga": null,
      "fcf": 2652000,
      "ocf": 2708000,
      "capex": -56000,
      "gross_margin": null,
      "op_margin": 0.3373860182370821,
      "fcf_margin": 0.38384715588363005,
      "incr_op_margin_yoy": 0.4357231149567367,
      "rev_growth_yoy": -0.18975020523044447,
      "rev_growth_yoy_accel": -0.165928677627722,
      "fcf_margin_change": 0.0815876336111962
    },
    {
      "date": "2022-09-30T00:00:00",
      "quarter_label": "2022-09 (Q3)",
      "revenue": 6479000,
      "gross_profit": null,
      "operating_income": 2048000,
      "net_income": 1374000,
      "opex": 4431000,
      "cogs": null,
      "rd": null,
      "sga": null,
      "fcf": 2354000,
      "ocf": 2414000,
      "capex": -60000,
      "gross_margin": null,
      "op_margin": 0.31609816329680507,
      "fcf_margin": 0.3633276740237691,
      "incr_op_margin_yoy": 0.4052191038897095,
      "rev_growth_yoy": -0.23866039952996473,
      "rev_growth_yoy_accel": -0.04891019429952026,
      "fcf_margin_change": -0.020519481859860966
    },
    {
      "date": "2022-12-31T00:00:00",
      "quarter_label": "2022-12 (Q4)",
      "revenue": 6145000,
      "gross_profit": null,
      "operating_income": 1605000,
      "net_income": 1119000,
      "opex": 4540000,
      "cogs": null,
      "rd": null,
      "sga": null,
      "fcf": -96000,
      "ocf": -32000,
      "capex": -64000,
      "gross_margin": null,
      "op_margin": 0.2611879576891782,
      "fcf_margin": -0.015622457282343368,
      "incr_op_margin_yoy": 0.4947676852239431,
      "rev_growth_yoy": -0.27993906726037027,
      "rev_growth_yoy_accel": -0.04127866773040553,
      "fcf_margin_change": -0.37895013130611244
    },
    {
      "date": "2023-03-31T00:00:00",
      "quarter_label": "2023-03 (Q1)",
      "revenue": 5916000,
      "gross_profit": null,
      "operating_income": 1592000,
      "net_income": 1195000,
      "opex": 4324000,
      "cogs": null,
      "rd": null,
      "sga": null,
      "fcf": 1938000,
      "ocf": 1987000,
      "capex": -49000,
      "gross_margin": null,
      "op_margin": 0.2691007437457742,
      "fcf_margin": 0.3275862068965517,
      "incr_op_margin_yoy": 0.5910333515582286,
      "rev_growth_yoy": -0.23615235635894125,
      "rev_growth_yoy_accel": 0.04378671090142902,
      "fcf_margin_change": 0.34320866417889506
    },
    {
      "date": "2023-06-30T00:00:00",
      "quarter_label": "2023-06 (Q2)",
      "revenue": 5701000,
      "gross_profit": null,
      "operating_income": 1382000,
      "net_income": 1116000,
      "opex": 4319000,
      "cogs": null,
      "rd": null,
      "sga": null,
      "fcf": 2641000,
      "ocf": 2691000,
      "capex": -50000,
      "gross_margin": null,
      "op_margin": 0.24241361164707945,
      "fcf_margin": 0.46325206104192246,
      "incr_op_margin_yoy": 0.7855960264900662,
      "rev_growth_yoy": -0.17484440584744537,
      "rev_growth_yoy_accel": 0.06130795051149587,
      "fcf_margin_change": 0.13566585414537075
    },
    {
      "date": "2023-09-30T00:00:00",
      "quarter_label": "2023-09 (Q3)",
      "revenue": 6258000,
      "gross_profit": null,
      "operating_income": 1755000,
      "net_income": 1341000,
      "opex": 4503000,
      "cogs": null,
      "rd": null,
      "sga": null,
      "fcf": 2436000,
      "ocf": 2488000,
      "capex": -52000,
      "gross_margin": null,
      "op_margin": 0.28044103547459254,
      "fcf_margin": 0.38926174496644295,
      "rev_growth_yoy": -0.03411020219169625,
      "rev_growth_yoy_accel": 0.14073420365574912,
      "op_leverage_ratio": 2.2933457516987867,
      "fcf_margin_change": -0.07399031607547951
    },
    {
      "date": "2023-12-31T00:00:00",
      "quarter_label": "2023-12 (Q4)",
      "revenue": 6144000,
      "gross_profit": null,
      "operating_income": 1425000,
      "net_income": 1200000,
      "opex": 4719000,
      "cogs": null,
      "rd": null,
      "sga": null,
      "fcf": 370000,
      "ocf": 416000,
      "capex": -46000,
      "gross_margin": null,
      "op_margin": 0.23193359375,
      "fcf_margin": 0.060221354166666664,
      "rev_growth_yoy": -0.00016273393002441008,
      "rev_growth_yoy_accel": 0.03394746826167184,
      "fcf_margin_change": -0.32904039079977626
    },
    {
      "date": "2024-03-31T00:00:00",
      "quarter_label": "2024-03 (Q1)",
      "revenue": 6940000,
      "gross_profit": null,
      "operating_income": 1919000,
      "net_income": 1540000,
      "opex": 5021000,
      "cogs": null,
      "rd": null,
      "sga": null,
      "fcf": 1803000,
      "ocf": 1873000,
      "capex": -70000,
      "gross_margin": null,
      "op_margin": 0.27651296829971184,
      "fcf_margin": 0.25979827089337176,
      "incr_op_margin_yoy": 0.3193359375,
      "rev_growth_yoy": 0.17308992562542258,
      "rev_growth_yoy_accel": 0.173252659555447,
      "op_leverage_ratio": 2.024439931705298,
      "fcf_margin_change": 0.1995769167267051
    },
    {
      "date": "2024-06-30T00:00:00",
      "quarter_label": "2024-06 (Q2)",
      "revenue": 7784000,
      "gross_profit": null,
      "operating_income": 2585000,
      "net_income": 2029000,
      "opex": 5199000,
      "cogs": null,
      "rd": null,
      "sga": null,
      "fcf": 3455000,
      "ocf": 3552000,
      "capex": -97000,
      "gross_margin": null,
      "op_margin": 0.33209146968139774,
      "fcf_margin": 0.4438591983556012,
      "incr_op_margin_yoy": 0.5775324051848296,
      "rev_growth_yoy": 0.36537449570250835,
      "rev_growth_yoy_accel": 0.19228457007708577,
      "op_leverage_ratio": 3.4304665997474335,
      "fcf_margin_change": 0.18406092746222946
    },
    {
      "date": "2024-09-30T00:00:00",
      "quarter_label": "2024-09 (Q3)",
      "revenue": 8778000,
      "gross_profit": null,
      "operating_income": 2938000,
      "net_income": 2328000,
      "opex": 5840000,
      "cogs": null,
      "rd": null,
      "sga": null,
      "fcf": 3336000,
      "ocf": 3436000,
      "capex": -100000,
      "gross_margin": null,
      "op_margin": 0.3347003873319663,
      "fcf_margin": 0.380041011619959,
      "incr_op_margin_yoy": 0.46944444444444444,
      "rev_growth_yoy": 0.40268456375838924,
      "rev_growth_yoy_accel": 0.037310068055880885,
      "op_leverage_ratio": 1.035727112537739,
      "fcf_margin_change": -0.06381818673564221
    },
    {
      "date": "2024-12-31T00:00:00",
      "quarter_label": "2024-12 (Q4)",
      "revenue": 9708000,
      "gross_profit": null,
      "operating_income": 3830000,
      "net_income": 2834000,
      "opex": 5878000,
      "cogs": null,
      "rd": null,
      "sga": null,
      "fcf": 2117000,
      "ocf": 2234000,
      "capex": -117000,
      "gross_margin": null,
      "op_margin": 0.39451998351874745,
      "fcf_margin": 0.2180675731355583,
      "incr_op_margin_yoy": 0.6748035914702581,
      "rev_growth_yoy": 0.580078125,
      "rev_growth_yoy_accel": 0.17739356124161076,
      "op_leverage_ratio": 16.28233262582293,
      "fcf_margin_change": -0.1619734384844007
    },
    {
      "date": "2025-03-31T00:00:00",
      "quarter_label": "2025-03 (Q1)",
      "revenue": 9276000,
      "gross_profit": null,
      "operating_income": 3451000,
      "net_income": 2583000,
      "opex": 5825000,
      "cogs": null,
      "rd": null,
      "sga": null,
      "fcf": 3664000,
      "ocf": 3745000,
      "capex": -81000,
      "gross_margin": null,
      "op_margin": 0.37203536006899524,
      "fcf_margin": 0.394997843898232,
      "incr_op_margin_yoy": 0.6558219178082192,
      "rev_growth_yoy": 0.33659942363112394,
      "rev_growth_yoy_accel": -0.24347870136887606,
      "fcf_margin_change": 0.1769302707626737
    },
    {
      "date": "2025-06-30T00:00:00",
      "quarter_label": "2025-06 (Q2)",
      "revenue": 8054000,
      "gross_profit": null,
      "operating_income": 2849000,
      "net_income": 2121000,
      "opex": 5205000,
      "cogs": null,
      "rd": null,
      "sga": null,
      "fcf": 3949000,
      "ocf": 4016000,
      "capex": -67000,
      "gross_margin": null,
      "op_margin": 0.3537372734045195,
      "fcf_margin": 0.4903153712441023,
      "rev_growth_yoy": 0.03468653648509764,
      "rev_growth_yoy_accel": -0.3019128871460263,
      "fcf_margin_change": 0.09531752734587029
    },
    {
      "date": "2025-09-30T00:00:00",
      "quarter_label": "2025-09 (Q3)",
      "revenue": 8500000,
      "gross_profit": null,
      "operating_income": 3015000,
      "net_income": 2422000,
      "opex": 5485000,
      "cogs": null,
      "rd": null,
      "sga": null,
      "fcf": 3622000,
      "ocf": 3797000,
      "capex": -175000,
      "gross_margin": null,
      "op_margin": 0.3547058823529412,
      "fcf_margin": 0.42611764705882355,
      "rev_growth_yoy": -0.03167008430166325,
      "rev_growth_yoy_accel": -0.06635662078676088,
      "op_leverage_ratio": 1.029404200219944,
      "fcf_margin_change": -0.06419772418527875
    }
  ],
  "signals": [
    {
      "quarter": "2025-09 (Q3)",
      "signal": "YoY REVENUE GROWTH DECELERATION",
      "detail": "YoY growth: -3.2% vs prior quarter YoY: +3.5% (decel: -6.6%)",
      "severity": "WARNING"
    },
    {
      "quarter": "2025-06 (Q2)",
      "signal": "FCF MARGIN EXPANSION",
      "detail": "FCF margin: +39.5% -> +49.0% (+9.5%)",
      "severity": "MEDIUM"
    },
    {
      "quarter": "2025-06 (Q2)",
      "signal": "YoY REVENUE GROWTH DECELERATION",
      "detail": "YoY growth: +3.5% vs prior quarter YoY: +33.7% (decel: -30.2%)",
      "severity": "WARNING"
    },
    {
      "quarter": "2025-03 (Q1)",
      "signal": "FCF MARGIN EXPANSION",
      "detail": "FCF margin: +21.8% -> +39.5% (+17.7%)",
      "severity": "MEDIUM"
    },
    {
      "quarter": "2025-03 (Q1)",
      "signal": "YoY REVENUE GROWTH DECELERATION",
      "detail": "YoY growth: +33.7% vs prior quarter YoY: +58.0% (decel: -24.3%)",
      "severity": "WARNING"
    },
    {
      "quarter": "2025-03 (Q1)",
      "signal": "INCREMENTAL MARGIN (YoY)",
      "detail": "YoY Incr OPM: +65.6% vs year-ago OPM: +27.7%",
      "severity": "HIGH"
    },
    {
      "quarter": "2024-12 (Q4)",
      "signal": "OPERATING LEVERAGE",
      "detail": "Rev growth +10.6% vs OpEx growth +0.7% (leverage: 16.3x)",
      "severity": "MEDIUM"
    },
    {
      "quarter": "2024-12 (Q4)",
      "signal": "YoY REVENUE GROWTH ACCELERATION",
      "detail": "YoY growth: +58.0% vs prior quarter YoY: +40.3% (accel: +17.7%)",
      "severity": "HIGH"
    },
    {
      "quarter": "2024-12 (Q4)",
      "signal": "INCREMENTAL MARGIN (YoY)",
      "detail": "YoY Incr OPM: +67.5% vs year-ago OPM: +23.2%",
      "severity": "HIGH"
    },
    {
      "quarter": "2024-09 (Q3)",
      "signal": "INCREMENTAL MARGIN (YoY)",
      "detail": "YoY Incr OPM: +46.9% vs year-ago OPM: +28.0%",
      "severity": "MEDIUM"
    },
    {
      "quarter": "2024-06 (Q2)",
      "signal": "FCF MARGIN EXPANSION",
      "detail": "FCF margin: +26.0% -> +44.4% (+18.4%)",
      "severity": "MEDIUM"
    },
    {
      "quarter": "2024-06 (Q2)",
      "signal": "OPERATING LEVERAGE",
      "detail": "Rev growth +12.2% vs OpEx growth +3.5% (leverage: 3.4x)",
      "severity": "MEDIUM"
    },
    {
      "quarter": "2024-06 (Q2)",
      "signal": "YoY REVENUE GROWTH ACCELERATION",
      "detail": "YoY growth: +36.5% vs prior quarter YoY: +17.3% (accel: +19.2%)",
      "severity": "HIGH"
    },
    {
      "quarter": "2024-06 (Q2)",
      "signal": "INCREMENTAL MARGIN (YoY)",
      "detail": "YoY Incr OPM: +57.8% vs year-ago OPM: +24.2%",
      "severity": "HIGH"
    },
    {
      "quarter": "2024-03 (Q1)",
      "signal": "FCF MARGIN EXPANSION",
      "detail": "FCF margin: +6.0% -> +26.0% (+20.0%)",
      "severity": "MEDIUM"
    },
    {
      "quarter": "2024-03 (Q1)",
      "signal": "OPERATING LEVERAGE",
      "detail": "Rev growth +13.0% vs OpEx growth +6.4% (leverage: 2.0x)",
      "severity": "MEDIUM"
    },
    {
      "quarter": "2024-03 (Q1)",
      "signal": "YoY REVENUE GROWTH ACCELERATION",
      "detail": "YoY growth: +17.3% vs prior quarter YoY: -0.0% (accel: +17.3%)",
      "severity": "HIGH"
    },
    {
      "quarter": "2023-09 (Q3)",
      "signal": "OPERATING LEVERAGE",
      "detail": "Rev growth +9.8% vs OpEx growth +4.3% (leverage: 2.3x)",
      "severity": "MEDIUM"
    },
    {
      "quarter": "2023-09 (Q3)",
      "signal": "YoY REVENUE GROWTH ACCELERATION",
      "detail": "YoY growth: -3.4% vs prior quarter YoY: -17.5% (accel: +14.1%)",
      "severity": "MEDIUM"
    },
    {
      "quarter": "2023-06 (Q2)",
      "signal": "FCF MARGIN EXPANSION",
      "detail": "FCF margin: +32.8% -> +46.3% (+13.6%)",
      "severity": "MEDIUM"
    },
    {
      "quarter": "2023-06 (Q2)",
      "signal": "YoY REVENUE GROWTH ACCELERATION",
      "detail": "YoY growth: -17.5% vs prior quarter YoY: -23.6% (accel: +6.1%)",
      "severity": "MEDIUM"
    },
    {
      "quarter": "2023-06 (Q2)",
      "signal": "INCREMENTAL MARGIN (YoY)",
      "detail": "YoY Incr OPM: +78.6% vs year-ago OPM: +33.7%",
      "severity": "HIGH"
    },
    {
      "quarter": "2023-03 (Q1)",
      "signal": "FCF TURNED POSITIVE",
      "detail": "FCF margin: -1.6% -> +32.8%",
      "severity": "HIGH"
    },
    {
      "quarter": "2023-03 (Q1)",
      "signal": "INCREMENTAL MARGIN (YoY)",
      "detail": "YoY Incr OPM: +59.1% vs year-ago OPM: +34.5%",
      "severity": "HIGH"
    },
    {
      "quarter": "2022-12 (Q4)",
      "signal": "INCREMENTAL MARGIN (YoY)",
      "detail": "YoY Incr OPM: +49.5% vs year-ago OPM: +32.7%",
      "severity": "MEDIUM"
    },
    {
      "quarter": "2022-06 (Q2)",
      "signal": "FCF MARGIN EXPANSION",
      "detail": "FCF margin: +30.2% -> +38.4% (+8.2%)",
      "severity": "MEDIUM"
    },
    {
      "quarter": "2022-06 (Q2)",
      "signal": "YoY REVENUE GROWTH DECELERATION",
      "detail": "YoY growth: -19.0% vs prior quarter YoY: -2.4% (decel: -16.6%)",
      "severity": "WARNING"
    },
    {
      "quarter": "2022-03 (Q1)",
      "signal": "FCF MARGIN EXPANSION",
      "detail": "FCF margin: +12.9% -> +30.2% (+17.3%)",
      "severity": "MEDIUM"
    },
    {
      "quarter": "2022-03 (Q1)",
      "signal": "YoY REVENUE GROWTH DECELERATION",
      "detail": "YoY growth: -2.4% vs prior quarter YoY: +9.6% (decel: -11.9%)",
      "severity": "WARNING"
    },
    {
      "quarter": "2021-06 (Q2)",
      "signal": "FCF MARGIN EXPANSION",
      "detail": "FCF margin: +31.6% -> +41.5% (+10.0%)",
      "severity": "MEDIUM"
    },
    {
      "quarter": "2021-06 (Q2)",
      "signal": "OPERATING LEVERAGE",
      "detail": "Rev growth +7.5% vs OpEx growth +2.2% (leverage: 3.3x)",
      "severity": "MEDIUM"
    },
    {
      "quarter": "2021-03 (Q1)",
      "signal": "FCF MARGIN EXPANSION",
      "detail": "FCF margin: +12.6% -> +31.6% (+18.9%)",
      "severity": "MEDIUM"
    }
  ],
  "data_quality": {
    "n_quarters": 20,
    "coverage": {
      "revenue": [
        20,
        20
      ],
      "gross_profit": [
        0,
        20
      ],
      "op_income": [
        20,
        20
      ],
      "fcf": [
        20,
        20
      ]
    },
    "gaps": [],
    "warnings": [
      "gross_profit: no data"
    ]
  },
  "market_cap": null,
  "source": "SEC EDGAR",
  "last_updated": "2026-02-02T23:26:47.645168"
}