{
  "ticker": "HOOD",
  "name": "Robinhood Markets, Inc.",
  "quarters": [
    {
      "date": "2020-12-31T00:00:00",
      "quarter_label": "2020-12 (Q4)",
      "revenue": 317542000,
      "gross_profit": null,
      "operating_income": null,
      "net_income": 13028000,
      "opex": 298386000,
      "cogs": null,
      "rd": null,
      "sga": null,
      "fcf": 346452000,
      "ocf": 346452000,
      "capex": null,
      "gross_margin": null,
      "op_margin": null,
      "fcf_margin": 1.091043074616901
    },
    {
      "date": "2021-03-31T00:00:00",
      "quarter_label": "2021-03 (Q1)",
      "revenue": 522000000,
      "gross_profit": null,
      "operating_income": null,
      "net_income": -1445000000,
      "opex": 464000000,
      "cogs": null,
      "rd": null,
      "sga": null,
      "fcf": -1882000000,
      "ocf": -1882000000,
      "capex": null,
      "gross_margin": null,
      "op_margin": null,
      "fcf_margin": -3.6053639846743293,
      "op_leverage_ratio": 1.1600703539851103,
      "fcf_margin_change": -4.69640705929123
    },
    {
      "date": "2021-06-30T00:00:00",
      "quarter_label": "2021-06 (Q2)",
      "revenue": 565333000,
      "gross_profit": null,
      "operating_income": null,
      "net_income": -501665000,
      "opex": 500729000,
      "cogs": null,
      "rd": null,
      "sga": null,
      "fcf": 2281000000,
      "ocf": 2281000000,
      "capex": null,
      "gross_margin": null,
      "op_margin": null,
      "fcf_margin": 4.034790114852662,
      "op_leverage_ratio": 1.0487141556323947,
      "fcf_margin_change": 7.640154099526991
    },
    {
      "date": "2021-09-30T00:00:00",
      "quarter_label": "2021-09 (Q3)",
      "revenue": 364923000,
      "gross_profit": null,
      "operating_income": null,
      "net_income": -1316697000,
      "opex": 1708483000,
      "cogs": null,
      "rd": null,
      "sga": null,
      "fcf": -1009000000,
      "ocf": -1009000000,
      "capex": null,
      "gross_margin": null,
      "op_margin": null,
      "fcf_margin": -2.7649668560216814,
      "fcf_margin_change": -6.799756970874343
    },
    {
      "date": "2021-12-31T00:00:00",
      "quarter_label": "2021-12 (Q4)",
      "revenue": 362713000,
      "gross_profit": null,
      "operating_income": null,
      "net_income": -423267000,
      "opex": 783148000,
      "cogs": null,
      "rd": null,
      "sga": null,
      "fcf": -275000000,
      "ocf": -275000000,
      "capex": null,
      "gross_margin": null,
      "op_margin": null,
      "fcf_margin": -0.7581751963673758,
      "rev_growth_yoy": 0.14225204854790863,
      "fcf_margin_change": 2.0067916596543056
    },
    {
      "date": "2022-03-31T00:00:00",
      "quarter_label": "2022-03 (Q1)",
      "revenue": 299000000,
      "gross_profit": null,
      "operating_income": null,
      "net_income": -392000000,
      "opex": 690000000,
      "cogs": null,
      "rd": null,
      "sga": null,
      "fcf": 437000000,
      "ocf": 437000000,
      "capex": null,
      "gross_margin": null,
      "op_margin": null,
      "fcf_margin": 1.4615384615384615,
      "rev_growth_yoy": -0.4272030651340996,
      "rev_growth_yoy_accel": -0.5694551136820083,
      "fcf_margin_change": 2.2197136579058374
    },
    {
      "date": "2022-06-30T00:00:00",
      "quarter_label": "2022-06 (Q2)",
      "revenue": 318000000,
      "gross_profit": null,
      "operating_income": null,
      "net_income": -295000000,
      "opex": 610000000,
      "cogs": null,
      "rd": null,
      "sga": null,
      "fcf": -1263000000,
      "ocf": -1263000000,
      "capex": null,
      "gross_margin": null,
      "op_margin": null,
      "fcf_margin": -3.9716981132075473,
      "rev_growth_yoy": -0.4374996683370686,
      "rev_growth_yoy_accel": -0.01029660320296899,
      "op_leverage_ratio": Infinity,
      "fcf_margin_change": -5.433236574746009
    },
    {
      "date": "2022-09-30T00:00:00",
      "quarter_label": "2022-09 (Q3)",
      "revenue": 361000000,
      "gross_profit": null,
      "operating_income": null,
      "net_income": -175000000,
      "opex": 535000000,
      "cogs": null,
      "rd": null,
      "sga": null,
      "fcf": -207000000,
      "ocf": -207000000,
      "capex": null,
      "gross_margin": null,
      "op_margin": null,
      "fcf_margin": -0.5734072022160664,
      "rev_growth_yoy": -0.010750213058645248,
      "rev_growth_yoy_accel": 0.42674945527842334,
      "op_leverage_ratio": Infinity,
      "fcf_margin_change": 3.3982909109914807
    },
    {
      "date": "2022-12-31T00:00:00",
      "quarter_label": "2022-12 (Q4)",
      "revenue": 380000000,
      "gross_profit": null,
      "operating_income": null,
      "net_income": -166000000,
      "opex": 534000000,
      "cogs": null,
      "rd": null,
      "sga": null,
      "fcf": 181000000,
      "ocf": 181000000,
      "capex": null,
      "gross_margin": null,
      "op_margin": null,
      "fcf_margin": 0.4763157894736842,
      "rev_growth_yoy": 0.047660271344010276,
      "rev_growth_yoy_accel": 0.058410484402655526,
      "op_leverage_ratio": Infinity,
      "fcf_margin_change": 1.0497229916897506
    },
    {
      "date": "2023-03-31T00:00:00",
      "quarter_label": "2023-03 (Q1)",
      "revenue": 441000000,
      "gross_profit": null,
      "operating_income": null,
      "net_income": -511000000,
      "opex": 950000000,
      "cogs": null,
      "rd": null,
      "sga": null,
      "fcf": 828000000,
      "ocf": 828000000,
      "capex": null,
      "gross_margin": null,
      "op_margin": null,
      "fcf_margin": 1.8775510204081634,
      "rev_growth_yoy": 0.47491638795986624,
      "rev_growth_yoy_accel": 0.42725611661585594,
      "op_leverage_ratio": 0.20606022267206478,
      "fcf_margin_change": 1.401235230934479
    },
    {
      "date": "2023-06-30T00:00:00",
      "quarter_label": "2023-06 (Q2)",
      "revenue": 486000000,
      "gross_profit": null,
      "operating_income": null,
      "net_income": 25000000,
      "opex": 466000000,
      "cogs": null,
      "rd": null,
      "sga": null,
      "fcf": 370000000,
      "ocf": 370000000,
      "capex": null,
      "gross_margin": null,
      "op_margin": null,
      "fcf_margin": 0.7613168724279835,
      "rev_growth_yoy": 0.5283018867924528,
      "rev_growth_yoy_accel": 0.053385498832586586,
      "op_leverage_ratio": Infinity,
      "fcf_margin_change": -1.1162341479801798
    },
    {
      "date": "2023-09-30T00:00:00",
      "quarter_label": "2023-09 (Q3)",
      "revenue": 467000000,
      "gross_profit": null,
      "operating_income": null,
      "net_income": -85000000,
      "opex": 540000000,
      "cogs": null,
      "rd": null,
      "sga": null,
      "fcf": -977000000,
      "ocf": -977000000,
      "capex": null,
      "gross_margin": null,
      "op_margin": null,
      "fcf_margin": -2.0920770877944324,
      "rev_growth_yoy": 0.29362880886426596,
      "rev_growth_yoy_accel": -0.23467307792818687,
      "fcf_margin_change": -2.853393960222416
    },
    {
      "date": "2023-12-31T00:00:00",
      "quarter_label": "2023-12 (Q4)",
      "revenue": 471000000,
      "gross_profit": null,
      "operating_income": null,
      "net_income": 30000000,
      "opex": 445000000,
      "cogs": null,
      "rd": null,
      "sga": null,
      "fcf": 960000000,
      "ocf": 960000000,
      "capex": null,
      "gross_margin": null,
      "op_margin": null,
      "fcf_margin": 2.038216560509554,
      "rev_growth_yoy": 0.2394736842105263,
      "rev_growth_yoy_accel": -0.054155124653739645,
      "fcf_margin_change": 4.1302936483039865
    },
    {
      "date": "2024-03-31T00:00:00",
      "quarter_label": "2024-03 (Q1)",
      "revenue": 618000000,
      "gross_profit": null,
      "operating_income": null,
      "net_income": 157000000,
      "opex": 460000000,
      "cogs": null,
      "rd": null,
      "sga": null,
      "fcf": -623000000,
      "ocf": -623000000,
      "capex": null,
      "gross_margin": null,
      "op_margin": null,
      "fcf_margin": -1.0080906148867315,
      "rev_growth_yoy": 0.4013605442176871,
      "rev_growth_yoy_accel": 0.16188686000716077,
      "op_leverage_ratio": 9.259023354564755,
      "fcf_margin_change": -3.0463071753962856
    },
    {
      "date": "2024-06-30T00:00:00",
      "quarter_label": "2024-06 (Q2)",
      "revenue": 682000000,
      "gross_profit": null,
      "operating_income": null,
      "net_income": 188000000,
      "opex": 493000000,
      "cogs": null,
      "rd": null,
      "sga": null,
      "fcf": 54000000,
      "ocf": 54000000,
      "capex": null,
      "gross_margin": null,
      "op_margin": null,
      "fcf_margin": 0.07917888563049853,
      "rev_growth_yoy": 0.40329218106995884,
      "rev_growth_yoy_accel": 0.0019316368522717675,
      "op_leverage_ratio": 1.4435618319113466,
      "fcf_margin_change": 1.08726950051723
    },
    {
      "date": "2024-09-30T00:00:00",
      "quarter_label": "2024-09 (Q3)",
      "revenue": 637000000,
      "gross_profit": null,
      "operating_income": null,
      "net_income": 150000000,
      "opex": 486000000,
      "cogs": null,
      "rd": null,
      "sga": null,
      "fcf": 1812000000,
      "ocf": 1812000000,
      "capex": null,
      "gross_margin": null,
      "op_margin": null,
      "fcf_margin": 2.8445839874411303,
      "rev_growth_yoy": 0.3640256959314775,
      "rev_growth_yoy_accel": -0.039266485138481355,
      "fcf_margin_change": 2.765405101810632
    },
    {
      "date": "2024-12-31T00:00:00",
      "quarter_label": "2024-12 (Q4)",
      "revenue": 1014000000,
      "gross_profit": null,
      "operating_income": null,
      "net_income": 916000000,
      "opex": 458000000,
      "cogs": null,
      "rd": null,
      "sga": null,
      "fcf": -1400000000,
      "ocf": -1400000000,
      "capex": null,
      "gross_margin": null,
      "op_margin": null,
      "fcf_margin": -1.3806706114398422,
      "rev_growth_yoy": 1.1528662420382165,
      "rev_growth_yoy_accel": 0.788840546106739,
      "op_leverage_ratio": Infinity,
      "fcf_margin_change": -4.225254598880973
    },
    {
      "date": "2025-03-31T00:00:00",
      "quarter_label": "2025-03 (Q1)",
      "revenue": 927000000,
      "gross_profit": null,
      "operating_income": null,
      "net_income": 336000000,
      "opex": 557000000,
      "cogs": null,
      "rd": null,
      "sga": null,
      "fcf": 642000000,
      "ocf": 642000000,
      "capex": null,
      "gross_margin": null,
      "op_margin": null,
      "fcf_margin": 0.6925566343042071,
      "rev_growth_yoy": 0.5,
      "rev_growth_yoy_accel": -0.6528662420382165,
      "fcf_margin_change": 2.0732272457440493
    },
    {
      "date": "2025-06-30T00:00:00",
      "quarter_label": "2025-06 (Q2)",
      "revenue": 989000000,
      "gross_profit": null,
      "operating_income": null,
      "net_income": 386000000,
      "opex": 550000000,
      "cogs": null,
      "rd": null,
      "sga": null,
      "fcf": 3509000000,
      "ocf": 3509000000,
      "capex": null,
      "gross_margin": null,
      "op_margin": null,
      "fcf_margin": 3.5480283114256825,
      "rev_growth_yoy": 0.4501466275659824,
      "rev_growth_yoy_accel": -0.04985337243401761,
      "op_leverage_ratio": Infinity,
      "fcf_margin_change": 2.8554716771214754
    },
    {
      "date": "2025-09-30T00:00:00",
      "quarter_label": "2025-09 (Q3)",
      "revenue": 1274000000,
      "gross_profit": null,
      "operating_income": null,
      "net_income": 556000000,
      "opex": 639000000,
      "cogs": null,
      "rd": null,
      "sga": null,
      "fcf": -1576000000,
      "ocf": -1576000000,
      "capex": null,
      "gross_margin": null,
      "op_margin": null,
      "fcf_margin": -1.2370486656200943,
      "rev_growth_yoy": 1.0,
      "rev_growth_yoy_accel": 0.5498533724340176,
      "op_leverage_ratio": 1.7808250303904751,
      "fcf_margin_change": -4.785076977045777
    }
  ],
  "signals": [
    {
      "quarter": "2025-09 (Q3)",
      "signal": "OPERATING LEVERAGE",
      "detail": "Rev growth +28.8% vs OpEx growth +16.2% (leverage: 1.8x)",
      "severity": "MEDIUM"
    },
    {
      "quarter": "2025-09 (Q3)",
      "signal": "YoY REVENUE GROWTH ACCELERATION",
      "detail": "YoY growth: +100.0% vs prior quarter YoY: +45.0% (accel: +55.0%)",
      "severity": "HIGH"
    },
    {
      "quarter": "2025-06 (Q2)",
      "signal": "FCF MARGIN EXPANSION",
      "detail": "FCF margin: +69.3% -> +354.8% (+285.5%)",
      "severity": "MEDIUM"
    },
    {
      "quarter": "2025-03 (Q1)",
      "signal": "FCF TURNED POSITIVE",
      "detail": "FCF margin: -138.1% -> +69.3%",
      "severity": "HIGH"
    },
    {
      "quarter": "2025-03 (Q1)",
      "signal": "YoY REVENUE GROWTH DECELERATION",
      "detail": "YoY growth: +50.0% vs prior quarter YoY: +115.3% (decel: -65.3%)",
      "severity": "WARNING"
    },
    {
      "quarter": "2024-12 (Q4)",
      "signal": "YoY REVENUE GROWTH ACCELERATION",
      "detail": "YoY growth: +115.3% vs prior quarter YoY: +36.4% (accel: +78.9%)",
      "severity": "HIGH"
    },
    {
      "quarter": "2024-09 (Q3)",
      "signal": "FCF MARGIN EXPANSION",
      "detail": "FCF margin: +7.9% -> +284.5% (+276.5%)",
      "severity": "MEDIUM"
    },
    {
      "quarter": "2024-06 (Q2)",
      "signal": "FCF TURNED POSITIVE",
      "detail": "FCF margin: -100.8% -> +7.9%",
      "severity": "HIGH"
    },
    {
      "quarter": "2024-03 (Q1)",
      "signal": "OPERATING LEVERAGE",
      "detail": "Rev growth +31.2% vs OpEx growth +3.4% (leverage: 9.3x)",
      "severity": "MEDIUM"
    },
    {
      "quarter": "2024-03 (Q1)",
      "signal": "YoY REVENUE GROWTH ACCELERATION",
      "detail": "YoY growth: +40.1% vs prior quarter YoY: +23.9% (accel: +16.2%)",
      "severity": "HIGH"
    },
    {
      "quarter": "2023-12 (Q4)",
      "signal": "FCF TURNED POSITIVE",
      "detail": "FCF margin: -209.2% -> +203.8%",
      "severity": "HIGH"
    },
    {
      "quarter": "2023-12 (Q4)",
      "signal": "YoY REVENUE GROWTH DECELERATION",
      "detail": "YoY growth: +23.9% vs prior quarter YoY: +29.4% (decel: -5.4%)",
      "severity": "WARNING"
    },
    {
      "quarter": "2023-09 (Q3)",
      "signal": "YoY REVENUE GROWTH DECELERATION",
      "detail": "YoY growth: +29.4% vs prior quarter YoY: +52.8% (decel: -23.5%)",
      "severity": "WARNING"
    },
    {
      "quarter": "2023-06 (Q2)",
      "signal": "YoY REVENUE GROWTH ACCELERATION",
      "detail": "YoY growth: +52.8% vs prior quarter YoY: +47.5% (accel: +5.3%)",
      "severity": "MEDIUM"
    },
    {
      "quarter": "2023-03 (Q1)",
      "signal": "FCF MARGIN EXPANSION",
      "detail": "FCF margin: +47.6% -> +187.8% (+140.1%)",
      "severity": "MEDIUM"
    },
    {
      "quarter": "2023-03 (Q1)",
      "signal": "YoY REVENUE GROWTH ACCELERATION",
      "detail": "YoY growth: +47.5% vs prior quarter YoY: +4.8% (accel: +42.7%)",
      "severity": "HIGH"
    },
    {
      "quarter": "2022-12 (Q4)",
      "signal": "FCF TURNED POSITIVE",
      "detail": "FCF margin: -57.3% -> +47.6%",
      "severity": "HIGH"
    },
    {
      "quarter": "2022-12 (Q4)",
      "signal": "YoY REVENUE GROWTH ACCELERATION",
      "detail": "YoY growth: +4.8% vs prior quarter YoY: -1.1% (accel: +5.8%)",
      "severity": "MEDIUM"
    },
    {
      "quarter": "2022-09 (Q3)",
      "signal": "FCF MARGIN EXPANSION",
      "detail": "FCF margin: -397.2% -> -57.3% (+339.8%)",
      "severity": "MEDIUM"
    },
    {
      "quarter": "2022-09 (Q3)",
      "signal": "YoY REVENUE GROWTH ACCELERATION",
      "detail": "YoY growth: -1.1% vs prior quarter YoY: -43.7% (accel: +42.7%)",
      "severity": "HIGH"
    },
    {
      "quarter": "2022-03 (Q1)",
      "signal": "FCF TURNED POSITIVE",
      "detail": "FCF margin: -75.8% -> +146.2%",
      "severity": "HIGH"
    },
    {
      "quarter": "2022-03 (Q1)",
      "signal": "YoY REVENUE GROWTH DECELERATION",
      "detail": "YoY growth: -42.7% vs prior quarter YoY: +14.2% (decel: -56.9%)",
      "severity": "WARNING"
    },
    {
      "quarter": "2021-12 (Q4)",
      "signal": "FCF MARGIN EXPANSION",
      "detail": "FCF margin: -276.5% -> -75.8% (+200.7%)",
      "severity": "MEDIUM"
    },
    {
      "quarter": "2021-06 (Q2)",
      "signal": "FCF TURNED POSITIVE",
      "detail": "FCF margin: -360.5% -> +403.5%",
      "severity": "HIGH"
    }
  ],
  "data_quality": {
    "n_quarters": 20,
    "coverage": {
      "revenue": [
        20,
        20
      ],
      "gross_profit": [
        0,
        20
      ],
      "op_income": [
        0,
        20
      ],
      "fcf": [
        20,
        20
      ]
    },
    "gaps": [],
    "warnings": [
      "gross_profit: no data",
      "op_income: no data"
    ]
  },
  "market_cap": null,
  "source": "SEC EDGAR",
  "last_updated": "2026-02-02T19:50:48.851465",
  "sector": "Financial Services",
  "industry": "Capital Markets"
}