{
  "ticker": "HOVNP",
  "name": "HOVNANIAN ENTERPRISES INC",
  "quarters": [
    {
      "date": "2021-01-31T00:00:00",
      "quarter_label": "2021-01 (Q1)",
      "revenue": 574664000,
      "gross_profit": null,
      "operating_income": null,
      "net_income": null,
      "opex": 556995000,
      "cogs": null,
      "rd": null,
      "sga": null,
      "fcf": -95023000,
      "ocf": -94059000,
      "capex": -964000,
      "gross_margin": null,
      "op_margin": null,
      "fcf_margin": -0.16535401556387733
    },
    {
      "date": "2021-04-30T00:00:00",
      "quarter_label": "2021-04 (Q2)",
      "revenue": 703162000,
      "gross_profit": null,
      "operating_income": null,
      "net_income": null,
      "opex": 674771000,
      "cogs": null,
      "rd": null,
      "sga": null,
      "fcf": 108022000,
      "ocf": 109519000,
      "capex": -1497000,
      "gross_margin": null,
      "op_margin": null,
      "fcf_margin": 0.15362320489446243,
      "op_leverage_ratio": 1.0574914700384235,
      "fcf_margin_change": 0.31897722045833976
    },
    {
      "date": "2021-07-31T00:00:00",
      "quarter_label": "2021-07 (Q3)",
      "revenue": 690683000,
      "gross_profit": null,
      "operating_income": null,
      "net_income": null,
      "opex": 633589000,
      "cogs": null,
      "rd": null,
      "sga": null,
      "fcf": 65384000,
      "ocf": 66812000,
      "capex": -1428000,
      "gross_margin": null,
      "op_margin": null,
      "fcf_margin": 0.0946657149517217,
      "fcf_margin_change": -0.058957489942740735
    },
    {
      "date": "2021-10-31T00:00:00",
      "quarter_label": "2021-10 (Q4)",
      "revenue": 814348000,
      "gross_profit": null,
      "operating_income": null,
      "net_income": null,
      "opex": 732742000,
      "cogs": null,
      "rd": null,
      "sga": null,
      "fcf": 125888000,
      "ocf": 127941000,
      "capex": -2053000,
      "gross_margin": null,
      "op_margin": null,
      "fcf_margin": 0.15458747365990952,
      "op_leverage_ratio": 1.1441153304692446,
      "fcf_margin_change": 0.05992175870818782
    },
    {
      "date": "2022-01-31T00:00:00",
      "quarter_label": "2022-01 (Q1)",
      "revenue": 565313000,
      "gross_profit": null,
      "operating_income": null,
      "net_income": null,
      "opex": 538103000,
      "cogs": null,
      "rd": null,
      "sga": null,
      "fcf": -118182000,
      "ocf": -115729000,
      "capex": -2453000,
      "gross_margin": null,
      "op_margin": null,
      "fcf_margin": -0.2090558681650696,
      "rev_growth_yoy": -0.016272117272005903,
      "fcf_margin_change": -0.36364334182497915
    },
    {
      "date": "2022-04-30T00:00:00",
      "quarter_label": "2022-04 (Q2)",
      "revenue": 702537000,
      "gross_profit": null,
      "operating_income": null,
      "net_income": null,
      "opex": 617968000,
      "cogs": null,
      "rd": null,
      "sga": null,
      "fcf": 50644000,
      "ocf": 53526000,
      "capex": -2882000,
      "gross_margin": null,
      "op_margin": null,
      "fcf_margin": 0.0720873064336825,
      "rev_growth_yoy": -0.0008888421160415381,
      "rev_growth_yoy_accel": 0.015383275155964365,
      "op_leverage_ratio": 1.6354980070876421,
      "fcf_margin_change": 0.2811431745987521
    },
    {
      "date": "2022-07-31T00:00:00",
      "quarter_label": "2022-07 (Q3)",
      "revenue": 767593000,
      "gross_profit": null,
      "operating_income": null,
      "net_income": null,
      "opex": 668223000,
      "cogs": null,
      "rd": null,
      "sga": null,
      "fcf": 30335000,
      "ocf": 33606000,
      "capex": -3271000,
      "gross_margin": null,
      "op_margin": null,
      "fcf_margin": 0.03951964126822417,
      "rev_growth_yoy": 0.11135354424533396,
      "rev_growth_yoy_accel": 0.1122423863613755,
      "op_leverage_ratio": 1.138688316379077,
      "fcf_margin_change": -0.03256766516545832
    },
    {
      "date": "2022-10-31T00:00:00",
      "quarter_label": "2022-10 (Q4)",
      "revenue": 886788000,
      "gross_profit": null,
      "operating_income": null,
      "net_income": null,
      "opex": 800422000,
      "cogs": null,
      "rd": null,
      "sga": null,
      "fcf": 114077000,
      "ocf": 118063000,
      "capex": -3986000,
      "gross_margin": null,
      "op_margin": null,
      "fcf_margin": 0.1286406672169673,
      "rev_growth_yoy": 0.08895459926223187,
      "rev_growth_yoy_accel": -0.02239894498310209,
      "op_leverage_ratio": 0.7849107591713735,
      "fcf_margin_change": 0.08912102594874312
    },
    {
      "date": "2023-01-31T00:00:00",
      "quarter_label": "2023-01 (Q1)",
      "revenue": 515366000,
      "gross_profit": null,
      "operating_income": null,
      "net_income": null,
      "opex": 504479000,
      "cogs": null,
      "rd": null,
      "sga": null,
      "fcf": -34986000,
      "ocf": -31246000,
      "capex": -3740000,
      "gross_margin": null,
      "op_margin": null,
      "fcf_margin": -0.0678857355743297,
      "rev_growth_yoy": -0.08835282401076926,
      "rev_growth_yoy_accel": -0.17730742327300114,
      "fcf_margin_change": -0.196526402791297
    },
    {
      "date": "2023-04-30T00:00:00",
      "quarter_label": "2023-04 (Q2)",
      "revenue": 703661000,
      "gross_profit": null,
      "operating_income": null,
      "net_income": null,
      "opex": 662946000,
      "cogs": null,
      "rd": null,
      "sga": null,
      "fcf": 92784000,
      "ocf": 97213000,
      "capex": -4429000,
      "gross_margin": null,
      "op_margin": null,
      "fcf_margin": 0.13185894912464952,
      "rev_growth_yoy": 0.001599915733975577,
      "rev_growth_yoy_accel": 0.08995273974474484,
      "op_leverage_ratio": 1.163127383791969,
      "fcf_margin_change": 0.1997446846989792
    },
    {
      "date": "2023-07-31T00:00:00",
      "quarter_label": "2023-07 (Q3)",
      "revenue": 649957000,
      "gross_profit": null,
      "operating_income": null,
      "net_income": null,
      "opex": 583886000,
      "cogs": null,
      "rd": null,
      "sga": null,
      "fcf": 220598000,
      "ocf": 225632000,
      "capex": -5034000,
      "gross_margin": null,
      "op_margin": null,
      "fcf_margin": 0.33940399134096566,
      "rev_growth_yoy": -0.15325309115638105,
      "rev_growth_yoy_accel": -0.15485300689035664,
      "fcf_margin_change": 0.20754504221631614
    },
    {
      "date": "2023-10-31T00:00:00",
      "quarter_label": "2023-10 (Q4)",
      "revenue": 887032000,
      "gross_profit": null,
      "operating_income": null,
      "net_income": null,
      "opex": 766276000,
      "cogs": null,
      "rd": null,
      "sga": null,
      "fcf": 138058000,
      "ocf": 143676000,
      "capex": -5618000,
      "gross_margin": null,
      "op_margin": null,
      "fcf_margin": 0.15564038275958478,
      "rev_growth_yoy": 0.0002751503177760637,
      "rev_growth_yoy_accel": 0.1535282414741571,
      "op_leverage_ratio": 1.167691644590834,
      "fcf_margin_change": -0.18376360858138088
    },
    {
      "date": "2024-01-31T00:00:00",
      "quarter_label": "2024-01 (Q1)",
      "revenue": 594196000,
      "gross_profit": null,
      "operating_income": null,
      "net_income": null,
      "opex": 577956000,
      "cogs": null,
      "rd": null,
      "sga": null,
      "fcf": -94446000,
      "ocf": -89004000,
      "capex": -5442000,
      "gross_margin": null,
      "op_margin": null,
      "fcf_margin": -0.15894755265939184,
      "rev_growth_yoy": 0.1529592561402964,
      "rev_growth_yoy_accel": 0.15268410582252034,
      "fcf_margin_change": -0.3145879354189766
    },
    {
      "date": "2024-04-30T00:00:00",
      "quarter_label": "2024-04 (Q2)",
      "revenue": 708380000,
      "gross_profit": null,
      "operating_income": null,
      "net_income": null,
      "opex": 650152000,
      "cogs": null,
      "rd": null,
      "sga": null,
      "fcf": 84662000,
      "ocf": 89103000,
      "capex": -4441000,
      "gross_margin": null,
      "op_margin": null,
      "fcf_margin": 0.11951494960332025,
      "rev_growth_yoy": 0.006706354338239578,
      "rev_growth_yoy_accel": -0.14625290180205683,
      "op_leverage_ratio": 1.5383571319653524,
      "fcf_margin_change": 0.2784625022627121
    },
    {
      "date": "2024-07-31T00:00:00",
      "quarter_label": "2024-07 (Q3)",
      "revenue": 722704000,
      "gross_profit": null,
      "operating_income": null,
      "net_income": null,
      "opex": 636133000,
      "cogs": null,
      "rd": null,
      "sga": null,
      "fcf": -95837000,
      "ocf": -92283000,
      "capex": -3554000,
      "gross_margin": null,
      "op_margin": null,
      "fcf_margin": -0.13260892426221524,
      "rev_growth_yoy": 0.1119258658649726,
      "rev_growth_yoy_accel": 0.10521951152673303,
      "op_leverage_ratio": Infinity,
      "fcf_margin_change": -0.2521238738655355
    },
    {
      "date": "2024-10-31T00:00:00",
      "quarter_label": "2024-10 (Q4)",
      "revenue": 979638000,
      "gross_profit": null,
      "operating_income": null,
      "net_income": null,
      "opex": 877221000,
      "cogs": null,
      "rd": null,
      "sga": null,
      "fcf": 111402000,
      "ocf": 115824000,
      "capex": -4422000,
      "gross_margin": null,
      "op_margin": null,
      "fcf_margin": 0.11371751606205557,
      "rev_growth_yoy": 0.1043998412684097,
      "rev_growth_yoy_accel": -0.0075260245965629025,
      "op_leverage_ratio": 0.9380661204333436,
      "fcf_margin_change": 0.2463264403242708
    },
    {
      "date": "2025-01-31T00:00:00",
      "quarter_label": "2025-01 (Q1)",
      "revenue": 673623000,
      "gross_profit": null,
      "operating_income": null,
      "net_income": null,
      "opex": 642965000,
      "cogs": null,
      "rd": null,
      "sga": null,
      "fcf": -59564000,
      "ocf": -55879000,
      "capex": -3685000,
      "gross_margin": null,
      "op_margin": null,
      "fcf_margin": -0.08842334659000657,
      "rev_growth_yoy": 0.13367138116042518,
      "rev_growth_yoy_accel": 0.029271539892015475,
      "fcf_margin_change": -0.20214086265206216
    },
    {
      "date": "2025-04-30T00:00:00",
      "quarter_label": "2025-04 (Q2)",
      "revenue": 686471000,
      "gross_profit": null,
      "operating_income": null,
      "net_income": null,
      "opex": 669383000,
      "cogs": null,
      "rd": null,
      "sga": null,
      "fcf": 15984000,
      "ocf": 22303000,
      "capex": -6319000,
      "gross_margin": null,
      "op_margin": null,
      "fcf_margin": 0.023284304799474412,
      "rev_growth_yoy": -0.030928315310991276,
      "rev_growth_yoy_accel": -0.16459969647141645,
      "op_leverage_ratio": 0.46420094210134916,
      "fcf_margin_change": 0.11170765138948098
    },
    {
      "date": "2025-07-31T00:00:00",
      "quarter_label": "2025-07 (Q3)",
      "revenue": 800583000,
      "gross_profit": null,
      "operating_income": null,
      "net_income": null,
      "opex": 792292000,
      "cogs": null,
      "rd": null,
      "sga": null,
      "fcf": 45774000,
      "ocf": 52781000,
      "capex": -7007000,
      "gross_margin": null,
      "op_margin": null,
      "fcf_margin": 0.05717583311161991,
      "rev_growth_yoy": 0.1077605769443645,
      "rev_growth_yoy_accel": 0.13868889225535577,
      "op_leverage_ratio": 0.9053158321218281,
      "fcf_margin_change": 0.033891528312145494
    },
    {
      "date": "2025-10-31T00:00:00",
      "quarter_label": "2025-10 (Q4)",
      "revenue": 817904000,
      "gross_profit": null,
      "operating_income": null,
      "net_income": null,
      "opex": 801178000,
      "cogs": null,
      "rd": null,
      "sga": null,
      "fcf": 163988000,
      "ocf": 169074000,
      "capex": -5086000,
      "gross_margin": null,
      "op_margin": null,
      "fcf_margin": 0.20049785793931807,
      "rev_growth_yoy": -0.1650956781994982,
      "rev_growth_yoy_accel": -0.2728562551438627,
      "op_leverage_ratio": 1.9290592177889367,
      "fcf_margin_change": 0.14332202482769815
    }
  ],
  "signals": [
    {
      "quarter": "2025-10 (Q4)",
      "signal": "FCF MARGIN EXPANSION",
      "detail": "FCF margin: +5.7% -> +20.0% (+14.3%)",
      "severity": "MEDIUM"
    },
    {
      "quarter": "2025-10 (Q4)",
      "signal": "OPERATING LEVERAGE",
      "detail": "Rev growth +2.2% vs OpEx growth +1.1% (leverage: 1.9x)",
      "severity": "MEDIUM"
    },
    {
      "quarter": "2025-10 (Q4)",
      "signal": "YoY REVENUE GROWTH DECELERATION",
      "detail": "YoY growth: -16.5% vs prior quarter YoY: +10.8% (decel: -27.3%)",
      "severity": "WARNING"
    },
    {
      "quarter": "2025-07 (Q3)",
      "signal": "YoY REVENUE GROWTH ACCELERATION",
      "detail": "YoY growth: +10.8% vs prior quarter YoY: -3.1% (accel: +13.9%)",
      "severity": "MEDIUM"
    },
    {
      "quarter": "2025-04 (Q2)",
      "signal": "FCF TURNED POSITIVE",
      "detail": "FCF margin: -8.8% -> +2.3%",
      "severity": "HIGH"
    },
    {
      "quarter": "2025-04 (Q2)",
      "signal": "YoY REVENUE GROWTH DECELERATION",
      "detail": "YoY growth: -3.1% vs prior quarter YoY: +13.4% (decel: -16.5%)",
      "severity": "WARNING"
    },
    {
      "quarter": "2024-10 (Q4)",
      "signal": "FCF TURNED POSITIVE",
      "detail": "FCF margin: -13.3% -> +11.4%",
      "severity": "HIGH"
    },
    {
      "quarter": "2024-07 (Q3)",
      "signal": "YoY REVENUE GROWTH ACCELERATION",
      "detail": "YoY growth: +11.2% vs prior quarter YoY: +0.7% (accel: +10.5%)",
      "severity": "MEDIUM"
    },
    {
      "quarter": "2024-04 (Q2)",
      "signal": "FCF TURNED POSITIVE",
      "detail": "FCF margin: -15.9% -> +12.0%",
      "severity": "HIGH"
    },
    {
      "quarter": "2024-04 (Q2)",
      "signal": "OPERATING LEVERAGE",
      "detail": "Rev growth +19.2% vs OpEx growth +12.5% (leverage: 1.5x)",
      "severity": "MEDIUM"
    },
    {
      "quarter": "2024-04 (Q2)",
      "signal": "YoY REVENUE GROWTH DECELERATION",
      "detail": "YoY growth: +0.7% vs prior quarter YoY: +15.3% (decel: -14.6%)",
      "severity": "WARNING"
    },
    {
      "quarter": "2024-01 (Q1)",
      "signal": "YoY REVENUE GROWTH ACCELERATION",
      "detail": "YoY growth: +15.3% vs prior quarter YoY: +0.0% (accel: +15.3%)",
      "severity": "HIGH"
    },
    {
      "quarter": "2023-10 (Q4)",
      "signal": "YoY REVENUE GROWTH ACCELERATION",
      "detail": "YoY growth: +0.0% vs prior quarter YoY: -15.3% (accel: +15.4%)",
      "severity": "HIGH"
    },
    {
      "quarter": "2023-07 (Q3)",
      "signal": "FCF MARGIN EXPANSION",
      "detail": "FCF margin: +13.2% -> +33.9% (+20.8%)",
      "severity": "MEDIUM"
    },
    {
      "quarter": "2023-07 (Q3)",
      "signal": "YoY REVENUE GROWTH DECELERATION",
      "detail": "YoY growth: -15.3% vs prior quarter YoY: +0.2% (decel: -15.5%)",
      "severity": "WARNING"
    },
    {
      "quarter": "2023-04 (Q2)",
      "signal": "FCF TURNED POSITIVE",
      "detail": "FCF margin: -6.8% -> +13.2%",
      "severity": "HIGH"
    },
    {
      "quarter": "2023-04 (Q2)",
      "signal": "YoY REVENUE GROWTH ACCELERATION",
      "detail": "YoY growth: +0.2% vs prior quarter YoY: -8.8% (accel: +9.0%)",
      "severity": "MEDIUM"
    },
    {
      "quarter": "2023-01 (Q1)",
      "signal": "YoY REVENUE GROWTH DECELERATION",
      "detail": "YoY growth: -8.8% vs prior quarter YoY: +8.9% (decel: -17.7%)",
      "severity": "WARNING"
    },
    {
      "quarter": "2022-10 (Q4)",
      "signal": "FCF MARGIN EXPANSION",
      "detail": "FCF margin: +4.0% -> +12.9% (+8.9%)",
      "severity": "MEDIUM"
    },
    {
      "quarter": "2022-07 (Q3)",
      "signal": "YoY REVENUE GROWTH ACCELERATION",
      "detail": "YoY growth: +11.1% vs prior quarter YoY: -0.1% (accel: +11.2%)",
      "severity": "MEDIUM"
    },
    {
      "quarter": "2022-04 (Q2)",
      "signal": "FCF TURNED POSITIVE",
      "detail": "FCF margin: -20.9% -> +7.2%",
      "severity": "HIGH"
    },
    {
      "quarter": "2022-04 (Q2)",
      "signal": "OPERATING LEVERAGE",
      "detail": "Rev growth +24.3% vs OpEx growth +14.8% (leverage: 1.6x)",
      "severity": "MEDIUM"
    },
    {
      "quarter": "2021-10 (Q4)",
      "signal": "FCF MARGIN EXPANSION",
      "detail": "FCF margin: +9.5% -> +15.5% (+6.0%)",
      "severity": "MEDIUM"
    },
    {
      "quarter": "2021-04 (Q2)",
      "signal": "FCF TURNED POSITIVE",
      "detail": "FCF margin: -16.5% -> +15.4%",
      "severity": "HIGH"
    }
  ],
  "data_quality": {
    "n_quarters": 20,
    "coverage": {
      "revenue": [
        20,
        20
      ],
      "gross_profit": [
        0,
        20
      ],
      "op_income": [
        0,
        20
      ],
      "fcf": [
        20,
        20
      ]
    },
    "gaps": [],
    "warnings": [
      "gross_profit: no data",
      "op_income: no data"
    ]
  },
  "market_cap": null,
  "source": "SEC EDGAR",
  "last_updated": "2026-02-03T00:55:47.032971"
}