{
  "ticker": "HPE-PC",
  "name": "HEWLETT PACKARD ENTERPRISE COMPANY",
  "quarters": [
    {
      "date": "2021-01-31T00:00:00",
      "quarter_label": "2021-01 (Q1)",
      "revenue": 6833000000,
      "gross_profit": null,
      "operating_income": 222000000,
      "net_income": 223000000,
      "opex": 6611000000,
      "cogs": null,
      "rd": 468000000,
      "sga": 1159000000,
      "fcf": 963000000,
      "ocf": 963000000,
      "capex": null,
      "gross_margin": null,
      "op_margin": 0.032489389726328116,
      "fcf_margin": 0.140933704083126
    },
    {
      "date": "2021-04-30T00:00:00",
      "quarter_label": "2021-04 (Q2)",
      "revenue": 6700000000,
      "gross_profit": null,
      "operating_income": 278000000,
      "net_income": 259000000,
      "opex": 6422000000,
      "cogs": null,
      "rd": 503000000,
      "sga": 1199000000,
      "fcf": 822000000,
      "ocf": 822000000,
      "capex": null,
      "gross_margin": null,
      "op_margin": 0.04149253731343284,
      "fcf_margin": 0.12268656716417911,
      "fcf_margin_change": -0.018247136918946888
    },
    {
      "date": "2021-07-31T00:00:00",
      "quarter_label": "2021-07 (Q3)",
      "revenue": 6897000000,
      "gross_profit": null,
      "operating_income": 282000000,
      "net_income": 392000000,
      "opex": 6615000000,
      "cogs": null,
      "rd": 506000000,
      "sga": 1291000000,
      "fcf": 1130000000,
      "ocf": 1130000000,
      "capex": null,
      "gross_margin": null,
      "op_margin": 0.04088734232274902,
      "fcf_margin": 0.16383935044222125,
      "op_leverage_ratio": 0.9783729023277395,
      "fcf_margin_change": 0.04115278327804214
    },
    {
      "date": "2021-10-31T00:00:00",
      "quarter_label": "2021-10 (Q4)",
      "revenue": 7354000000,
      "gross_profit": null,
      "operating_income": 350000000,
      "net_income": 2553000000,
      "opex": 7004000000,
      "cogs": null,
      "rd": 502000000,
      "sga": 1280000000,
      "fcf": 2956000000,
      "ocf": 2956000000,
      "capex": null,
      "gross_margin": null,
      "op_margin": 0.04759314658689149,
      "fcf_margin": 0.4019581180310035,
      "op_leverage_ratio": 1.1267724538779016,
      "fcf_margin_change": 0.23811876758878225
    },
    {
      "date": "2022-01-31T00:00:00",
      "quarter_label": "2022-01 (Q1)",
      "revenue": 6961000000,
      "gross_profit": null,
      "operating_income": 448000000,
      "net_income": 513000000,
      "opex": 6513000000,
      "cogs": null,
      "rd": 504000000,
      "sga": 1201000000,
      "fcf": -76000000,
      "ocf": -76000000,
      "capex": null,
      "gross_margin": null,
      "op_margin": 0.0643585691710961,
      "fcf_margin": -0.010917971555810946,
      "incr_op_margin_yoy": 1.765625,
      "rev_growth_yoy": 0.01873262110346846,
      "fcf_margin_change": -0.41287608958681443
    },
    {
      "date": "2022-04-30T00:00:00",
      "quarter_label": "2022-04 (Q2)",
      "revenue": 6713000000,
      "gross_profit": null,
      "operating_income": 207000000,
      "net_income": 250000000,
      "opex": 6506000000,
      "cogs": null,
      "rd": 517000000,
      "sga": 1249000000,
      "fcf": 379000000,
      "ocf": 379000000,
      "capex": null,
      "gross_margin": null,
      "op_margin": 0.03083569194100998,
      "fcf_margin": 0.05645761954416803,
      "incr_op_margin_yoy": -5.461538461538462,
      "rev_growth_yoy": 0.0019402985074626865,
      "rev_growth_yoy_accel": -0.016792322596005774,
      "fcf_margin_change": 0.06737559109997898
    },
    {
      "date": "2022-07-31T00:00:00",
      "quarter_label": "2022-07 (Q3)",
      "revenue": 6951000000,
      "gross_profit": null,
      "operating_income": 466000000,
      "net_income": 409000000,
      "opex": 6485000000,
      "cogs": null,
      "rd": 509000000,
      "sga": 1229000000,
      "fcf": 1254000000,
      "ocf": 1254000000,
      "capex": null,
      "gross_margin": null,
      "op_margin": 0.06704071356639332,
      "fcf_margin": 0.18040569702201123,
      "incr_op_margin_yoy": 3.4074074074074074,
      "rev_growth_yoy": 0.0078294910830796,
      "rev_growth_yoy_accel": 0.005889192575616913,
      "op_leverage_ratio": Infinity,
      "fcf_margin_change": 0.1239480774778432
    },
    {
      "date": "2022-10-31T00:00:00",
      "quarter_label": "2022-10 (Q4)",
      "revenue": 7871000000,
      "gross_profit": null,
      "operating_income": -339000000,
      "net_income": -304000000,
      "opex": 8210000000,
      "cogs": null,
      "rd": 515000000,
      "sga": 1262000000,
      "fcf": 3036000000,
      "ocf": 3036000000,
      "capex": null,
      "gross_margin": null,
      "op_margin": -0.04306949561682124,
      "fcf_margin": 0.38571973065684156,
      "incr_op_margin_yoy": -1.332688588007737,
      "rev_growth_yoy": 0.0703018765297797,
      "rev_growth_yoy_accel": 0.062472385446700106,
      "op_leverage_ratio": 0.49757828609792354,
      "fcf_margin_change": 0.20531403363483033
    },
    {
      "date": "2023-01-31T00:00:00",
      "quarter_label": "2023-01 (Q1)",
      "revenue": 7809000000,
      "gross_profit": null,
      "operating_income": 591000000,
      "net_income": 501000000,
      "opex": 7218000000,
      "cogs": null,
      "rd": 623000000,
      "sga": 1257000000,
      "fcf": -829000000,
      "ocf": -829000000,
      "capex": null,
      "gross_margin": null,
      "op_margin": 0.07568190549366116,
      "fcf_margin": -0.10615955948264823,
      "incr_op_margin_yoy": 0.16863207547169812,
      "rev_growth_yoy": 0.12182157735957477,
      "rev_growth_yoy_accel": 0.05151970082979507,
      "fcf_margin_change": -0.4918792901394898
    },
    {
      "date": "2023-04-30T00:00:00",
      "quarter_label": "2023-04 (Q2)",
      "revenue": 6973000000,
      "gross_profit": null,
      "operating_income": 520000000,
      "net_income": 418000000,
      "opex": 6453000000,
      "cogs": null,
      "rd": 570000000,
      "sga": 1269000000,
      "fcf": 889000000,
      "ocf": 889000000,
      "capex": null,
      "gross_margin": null,
      "op_margin": 0.07457335436684354,
      "fcf_margin": 0.12749175390793058,
      "incr_op_margin_yoy": 1.2038461538461538,
      "rev_growth_yoy": 0.03873082079547147,
      "rev_growth_yoy_accel": -0.08309075656410331,
      "fcf_margin_change": 0.23365131339057882
    },
    {
      "date": "2023-07-31T00:00:00",
      "quarter_label": "2023-07 (Q3)",
      "revenue": 7002000000,
      "gross_profit": null,
      "operating_income": 471000000,
      "net_income": 464000000,
      "opex": 6531000000,
      "cogs": null,
      "rd": 578000000,
      "sga": 1302000000,
      "fcf": 1525000000,
      "ocf": 1525000000,
      "capex": null,
      "gross_margin": null,
      "op_margin": 0.06726649528706084,
      "fcf_margin": 0.21779491573836046,
      "incr_op_margin_yoy": 0.09803921568627451,
      "rev_growth_yoy": 0.0073370738023306,
      "rev_growth_yoy_accel": -0.031393746993140875,
      "fcf_margin_change": 0.09030316183042988
    },
    {
      "date": "2023-10-31T00:00:00",
      "quarter_label": "2023-10 (Q4)",
      "revenue": 7351000000,
      "gross_profit": null,
      "operating_income": 507000000,
      "net_income": 642000000,
      "opex": 6844000000,
      "cogs": null,
      "rd": 578000000,
      "sga": 1332000000,
      "fcf": 2843000000,
      "ocf": 2843000000,
      "capex": null,
      "gross_margin": null,
      "op_margin": 0.06897020813494763,
      "fcf_margin": 0.3867501020269351,
      "incr_op_margin_yoy": -1.626923076923077,
      "rev_growth_yoy": -0.06606530301105323,
      "rev_growth_yoy_accel": -0.07340237681338384,
      "op_leverage_ratio": 1.0400127576511684,
      "fcf_margin_change": 0.16895518628857464
    },
    {
      "date": "2024-01-31T00:00:00",
      "quarter_label": "2024-01 (Q1)",
      "revenue": 6755000000,
      "gross_profit": null,
      "operating_income": 525000000,
      "net_income": 387000000,
      "opex": 6230000000,
      "cogs": null,
      "rd": 582000000,
      "sga": 1216000000,
      "fcf": 64000000,
      "ocf": 64000000,
      "capex": null,
      "gross_margin": null,
      "op_margin": 0.07772020725388601,
      "fcf_margin": 0.009474463360473723,
      "incr_op_margin_yoy": 0.06261859582542695,
      "rev_growth_yoy": -0.13497246766551416,
      "rev_growth_yoy_accel": -0.06890716465446092,
      "fcf_margin_change": -0.3772756386664614
    },
    {
      "date": "2024-04-30T00:00:00",
      "quarter_label": "2024-04 (Q2)",
      "revenue": 7204000000,
      "gross_profit": null,
      "operating_income": 425000000,
      "net_income": 314000000,
      "opex": 6779000000,
      "cogs": null,
      "rd": 590000000,
      "sga": 1215000000,
      "fcf": 1093000000,
      "ocf": 1093000000,
      "capex": null,
      "gross_margin": null,
      "op_margin": 0.05899500277623543,
      "fcf_margin": 0.1517212659633537,
      "incr_op_margin_yoy": -0.41125541125541126,
      "rev_growth_yoy": 0.03312777857450165,
      "rev_growth_yoy_accel": 0.1681002462400158,
      "op_leverage_ratio": 0.7542871164717763,
      "fcf_margin_change": 0.14224680260287997
    },
    {
      "date": "2024-07-31T00:00:00",
      "quarter_label": "2024-07 (Q3)",
      "revenue": 7710000000,
      "gross_profit": null,
      "operating_income": 547000000,
      "net_income": 512000000,
      "opex": 7163000000,
      "cogs": null,
      "rd": 547000000,
      "sga": 1229000000,
      "fcf": 1154000000,
      "ocf": 1154000000,
      "capex": null,
      "gross_margin": null,
      "op_margin": 0.07094682230869001,
      "fcf_margin": 0.1496757457846952,
      "incr_op_margin_yoy": 0.10734463276836158,
      "rev_growth_yoy": 0.10111396743787489,
      "rev_growth_yoy_accel": 0.06798618886337324,
      "op_leverage_ratio": 1.2399701265500647,
      "fcf_margin_change": -0.0020455201786584998
    },
    {
      "date": "2024-10-31T00:00:00",
      "quarter_label": "2024-10 (Q4)",
      "revenue": 8458000000,
      "gross_profit": null,
      "operating_income": 693000000,
      "net_income": 1366000000,
      "opex": 7765000000,
      "cogs": null,
      "rd": 527000000,
      "sga": 1211000000,
      "fcf": 2030000000,
      "ocf": 2030000000,
      "capex": null,
      "gross_margin": null,
      "op_margin": 0.08193426341924805,
      "fcf_margin": 0.2400094585008276,
      "incr_op_margin_yoy": 0.16802168021680217,
      "rev_growth_yoy": 0.15059175622364304,
      "rev_growth_yoy_accel": 0.049477788785768154,
      "op_leverage_ratio": 1.1543717224470098,
      "fcf_margin_change": 0.09033371271613241
    },
    {
      "date": "2025-01-31T00:00:00",
      "quarter_label": "2025-01 (Q1)",
      "revenue": 7854000000,
      "gross_profit": null,
      "operating_income": 433000000,
      "net_income": 627000000,
      "opex": 7421000000,
      "cogs": null,
      "rd": 475000000,
      "sga": 1268000000,
      "fcf": -390000000,
      "ocf": -390000000,
      "capex": null,
      "gross_margin": null,
      "op_margin": 0.055131143366437485,
      "fcf_margin": -0.04965622612681436,
      "incr_op_margin_yoy": -0.08371246587807098,
      "rev_growth_yoy": 0.16269430051813472,
      "rev_growth_yoy_accel": 0.012102544294491674,
      "fcf_margin_change": -0.289665684627642
    },
    {
      "date": "2025-04-30T00:00:00",
      "quarter_label": "2025-04 (Q2)",
      "revenue": 7627000000,
      "gross_profit": null,
      "operating_income": -1109000000,
      "net_income": -1050000000,
      "opex": 8736000000,
      "cogs": null,
      "rd": 540000000,
      "sga": 1298000000,
      "fcf": -461000000,
      "ocf": -461000000,
      "capex": null,
      "gross_margin": null,
      "op_margin": -0.1454044840697522,
      "fcf_margin": -0.060443162449193656,
      "incr_op_margin_yoy": -3.6264775413711585,
      "rev_growth_yoy": 0.058717379233759026,
      "rev_growth_yoy_accel": -0.10397692128437569,
      "fcf_margin_change": -0.010786936322379294
    },
    {
      "date": "2025-07-31T00:00:00",
      "quarter_label": "2025-07 (Q3)",
      "revenue": 9136000000,
      "gross_profit": null,
      "operating_income": 247000000,
      "net_income": 305000000,
      "opex": 8889000000,
      "cogs": null,
      "rd": 622000000,
      "sga": 1496000000,
      "fcf": 1305000000,
      "ocf": 1305000000,
      "capex": null,
      "gross_margin": null,
      "op_margin": 0.027035901926444835,
      "fcf_margin": 0.1428415061295972,
      "incr_op_margin_yoy": -0.21037868162692847,
      "rev_growth_yoy": 0.18495460440985734,
      "rev_growth_yoy_accel": 0.1262372251760983,
      "op_leverage_ratio": 11.296832460531085,
      "fcf_margin_change": 0.20328466857879085
    },
    {
      "date": "2025-10-31T00:00:00",
      "quarter_label": "2025-10 (Q4)",
      "revenue": 9679000000,
      "gross_profit": null,
      "operating_income": -8000000,
      "net_income": 175000000,
      "opex": 9687000000,
      "cogs": null,
      "rd": 881000000,
      "sga": 1642000000,
      "fcf": 2465000000,
      "ocf": 2465000000,
      "capex": null,
      "gross_margin": null,
      "op_margin": -0.0008265316664944726,
      "fcf_margin": 0.25467506973860937,
      "incr_op_margin_yoy": -0.5741195741195741,
      "rev_growth_yoy": 0.14436036888153228,
      "rev_growth_yoy_accel": -0.04059423552832506,
      "op_leverage_ratio": 0.6620545178620808,
      "fcf_margin_change": 0.11183356360901217
    }
  ],
  "signals": [
    {
      "quarter": "2025-10 (Q4)",
      "signal": "FCF MARGIN EXPANSION",
      "detail": "FCF margin: +14.3% -> +25.5% (+11.2%)",
      "severity": "MEDIUM"
    },
    {
      "quarter": "2025-07 (Q3)",
      "signal": "FCF TURNED POSITIVE",
      "detail": "FCF margin: -6.0% -> +14.3%",
      "severity": "HIGH"
    },
    {
      "quarter": "2025-07 (Q3)",
      "signal": "OPERATING LEVERAGE",
      "detail": "Rev growth +19.8% vs OpEx growth +1.8% (leverage: 11.3x)",
      "severity": "MEDIUM"
    },
    {
      "quarter": "2025-07 (Q3)",
      "signal": "YoY REVENUE GROWTH ACCELERATION",
      "detail": "YoY growth: +18.5% vs prior quarter YoY: +5.9% (accel: +12.6%)",
      "severity": "MEDIUM"
    },
    {
      "quarter": "2025-07 (Q3)",
      "signal": "OP MARGIN TURNED POSITIVE (QoQ)",
      "detail": "Op margin: -14.5% -> +2.7%",
      "severity": "HIGH"
    },
    {
      "quarter": "2025-04 (Q2)",
      "signal": "YoY REVENUE GROWTH DECELERATION",
      "detail": "YoY growth: +5.9% vs prior quarter YoY: +16.3% (decel: -10.4%)",
      "severity": "WARNING"
    },
    {
      "quarter": "2024-10 (Q4)",
      "signal": "FCF MARGIN EXPANSION",
      "detail": "FCF margin: +15.0% -> +24.0% (+9.0%)",
      "severity": "MEDIUM"
    },
    {
      "quarter": "2024-07 (Q3)",
      "signal": "YoY REVENUE GROWTH ACCELERATION",
      "detail": "YoY growth: +10.1% vs prior quarter YoY: +3.3% (accel: +6.8%)",
      "severity": "MEDIUM"
    },
    {
      "quarter": "2024-04 (Q2)",
      "signal": "FCF MARGIN EXPANSION",
      "detail": "FCF margin: +0.9% -> +15.2% (+14.2%)",
      "severity": "MEDIUM"
    },
    {
      "quarter": "2024-04 (Q2)",
      "signal": "YoY REVENUE GROWTH ACCELERATION",
      "detail": "YoY growth: +3.3% vs prior quarter YoY: -13.5% (accel: +16.8%)",
      "severity": "HIGH"
    },
    {
      "quarter": "2024-01 (Q1)",
      "signal": "YoY REVENUE GROWTH DECELERATION",
      "detail": "YoY growth: -13.5% vs prior quarter YoY: -6.6% (decel: -6.9%)",
      "severity": "WARNING"
    },
    {
      "quarter": "2023-10 (Q4)",
      "signal": "FCF MARGIN EXPANSION",
      "detail": "FCF margin: +21.8% -> +38.7% (+16.9%)",
      "severity": "MEDIUM"
    },
    {
      "quarter": "2023-10 (Q4)",
      "signal": "YoY REVENUE GROWTH DECELERATION",
      "detail": "YoY growth: -6.6% vs prior quarter YoY: +0.7% (decel: -7.3%)",
      "severity": "WARNING"
    },
    {
      "quarter": "2023-10 (Q4)",
      "signal": "OP MARGIN TURNED POSITIVE (YoY)",
      "detail": "Op margin: -4.3% (year-ago) -> +6.9%",
      "severity": "HIGH"
    },
    {
      "quarter": "2023-07 (Q3)",
      "signal": "FCF MARGIN EXPANSION",
      "detail": "FCF margin: +12.7% -> +21.8% (+9.0%)",
      "severity": "MEDIUM"
    },
    {
      "quarter": "2023-04 (Q2)",
      "signal": "FCF TURNED POSITIVE",
      "detail": "FCF margin: -10.6% -> +12.7%",
      "severity": "HIGH"
    },
    {
      "quarter": "2023-04 (Q2)",
      "signal": "YoY REVENUE GROWTH DECELERATION",
      "detail": "YoY growth: +3.9% vs prior quarter YoY: +12.2% (decel: -8.3%)",
      "severity": "WARNING"
    },
    {
      "quarter": "2023-04 (Q2)",
      "signal": "INCREMENTAL MARGIN (YoY)",
      "detail": "YoY Incr OPM: +120.4% vs year-ago OPM: +3.1%",
      "severity": "HIGH"
    },
    {
      "quarter": "2023-01 (Q1)",
      "signal": "YoY REVENUE GROWTH ACCELERATION",
      "detail": "YoY growth: +12.2% vs prior quarter YoY: +7.0% (accel: +5.2%)",
      "severity": "MEDIUM"
    },
    {
      "quarter": "2023-01 (Q1)",
      "signal": "INCREMENTAL MARGIN (YoY)",
      "detail": "YoY Incr OPM: +16.9% vs year-ago OPM: +6.4%",
      "severity": "MEDIUM"
    },
    {
      "quarter": "2023-01 (Q1)",
      "signal": "OP MARGIN TURNED POSITIVE (QoQ)",
      "detail": "Op margin: -4.3% -> +7.6%",
      "severity": "HIGH"
    },
    {
      "quarter": "2022-10 (Q4)",
      "signal": "FCF MARGIN EXPANSION",
      "detail": "FCF margin: +18.0% -> +38.6% (+20.5%)",
      "severity": "MEDIUM"
    },
    {
      "quarter": "2022-10 (Q4)",
      "signal": "YoY REVENUE GROWTH ACCELERATION",
      "detail": "YoY growth: +7.0% vs prior quarter YoY: +0.8% (accel: +6.2%)",
      "severity": "MEDIUM"
    },
    {
      "quarter": "2022-07 (Q3)",
      "signal": "FCF MARGIN EXPANSION",
      "detail": "FCF margin: +5.6% -> +18.0% (+12.4%)",
      "severity": "MEDIUM"
    },
    {
      "quarter": "2022-07 (Q3)",
      "signal": "INCREMENTAL MARGIN (YoY)",
      "detail": "YoY Incr OPM: +340.7% vs year-ago OPM: +4.1%",
      "severity": "HIGH"
    },
    {
      "quarter": "2022-04 (Q2)",
      "signal": "FCF TURNED POSITIVE",
      "detail": "FCF margin: -1.1% -> +5.6%",
      "severity": "HIGH"
    },
    {
      "quarter": "2022-01 (Q1)",
      "signal": "INCREMENTAL MARGIN (YoY)",
      "detail": "YoY Incr OPM: +176.6% vs year-ago OPM: +3.2%",
      "severity": "HIGH"
    },
    {
      "quarter": "2021-10 (Q4)",
      "signal": "FCF MARGIN EXPANSION",
      "detail": "FCF margin: +16.4% -> +40.2% (+23.8%)",
      "severity": "MEDIUM"
    }
  ],
  "data_quality": {
    "n_quarters": 20,
    "coverage": {
      "revenue": [
        20,
        20
      ],
      "gross_profit": [
        0,
        20
      ],
      "op_income": [
        20,
        20
      ],
      "fcf": [
        20,
        20
      ]
    },
    "gaps": [],
    "warnings": [
      "gross_profit: no data"
    ]
  },
  "market_cap": null,
  "source": "SEC EDGAR",
  "last_updated": "2026-02-03T01:08:55.633271"
}