{
  "ticker": "HPK",
  "name": "HighPeak Energy, Inc.",
  "quarters": [
    {
      "date": "2020-06-30T00:00:00",
      "quarter_label": "2020-06 (Q2)",
      "revenue": 944000,
      "gross_profit": null,
      "operating_income": -4147000,
      "net_income": null,
      "opex": 5091000,
      "cogs": null,
      "rd": null,
      "sga": 1412000,
      "fcf": -10840000,
      "ocf": -10840000,
      "capex": null,
      "gross_margin": null,
      "op_margin": -4.393008474576271,
      "fcf_margin": -11.483050847457626
    },
    {
      "date": "2021-03-31T00:00:00",
      "quarter_label": "2021-03 (Q1)",
      "revenue": 25717000,
      "gross_profit": null,
      "operating_income": 5912000,
      "net_income": 4744000,
      "opex": 19805000,
      "cogs": null,
      "rd": null,
      "sga": 1759000,
      "fcf": 11373000,
      "ocf": 11373000,
      "capex": null,
      "gross_margin": null,
      "op_margin": 0.22988684527744294,
      "fcf_margin": 0.44223665279776025,
      "op_leverage_ratio": 9.07985584753826,
      "fcf_margin_change": 11.925287500255386
    },
    {
      "date": "2021-06-30T00:00:00",
      "quarter_label": "2021-06 (Q2)",
      "revenue": 48270000,
      "gross_profit": null,
      "operating_income": 21038000,
      "net_income": 5743000,
      "opex": 27232000,
      "cogs": null,
      "rd": null,
      "sga": 1617000,
      "fcf": 35907000,
      "ocf": 35907000,
      "capex": null,
      "gross_margin": null,
      "op_margin": 0.43584006629376426,
      "fcf_margin": 0.7438781852082038,
      "incr_op_margin_yoy": 0.5321599120990576,
      "rev_growth_yoy": 50.13347457627118,
      "op_leverage_ratio": 2.338543419746577,
      "fcf_margin_change": 0.30164153241044356
    },
    {
      "date": "2021-09-30T00:00:00",
      "quarter_label": "2021-09 (Q3)",
      "revenue": 47472000,
      "gross_profit": null,
      "operating_income": 21959000,
      "net_income": 8047000,
      "opex": 25513000,
      "cogs": null,
      "rd": null,
      "sga": 1666000,
      "fcf": 40457000,
      "ocf": 40457000,
      "capex": null,
      "gross_margin": null,
      "op_margin": 0.4625674081563869,
      "fcf_margin": 0.8522286821705426,
      "fcf_margin_change": 0.10835049696233878
    },
    {
      "date": "2021-12-31T00:00:00",
      "quarter_label": "2021-12 (Q4)",
      "revenue": 98665000,
      "gross_profit": null,
      "operating_income": 52938000,
      "net_income": 37025000,
      "opex": 45727000,
      "cogs": null,
      "rd": null,
      "sga": 3843000,
      "fcf": 59278000,
      "ocf": 59278000,
      "capex": null,
      "gross_margin": null,
      "op_margin": 0.5365428470075508,
      "fcf_margin": 0.6008006892008311,
      "op_leverage_ratio": 1.3610758224126882,
      "fcf_margin_change": -0.2514279929697115
    },
    {
      "date": "2022-03-31T00:00:00",
      "quarter_label": "2022-03 (Q1)",
      "revenue": 92229000,
      "gross_profit": null,
      "operating_income": 54574000,
      "net_income": -16510000,
      "opex": 37655000,
      "cogs": null,
      "rd": null,
      "sga": 1940000,
      "fcf": 49947000,
      "ocf": 49947000,
      "capex": null,
      "gross_margin": null,
      "op_margin": 0.5917227770007265,
      "fcf_margin": 0.5415541749341314,
      "incr_op_margin_yoy": 0.731627375511186,
      "rev_growth_yoy": 2.5863047789400007,
      "fcf_margin_change": -0.05924651426669969
    },
    {
      "date": "2022-06-30T00:00:00",
      "quarter_label": "2022-06 (Q2)",
      "revenue": 201428000,
      "gross_profit": null,
      "operating_income": 122804000,
      "net_income": 77561000,
      "opex": 78624000,
      "cogs": null,
      "rd": null,
      "sga": 2016000,
      "fcf": 98239000,
      "ocf": 98239000,
      "capex": null,
      "gross_margin": null,
      "op_margin": 0.6096669777786604,
      "fcf_margin": 0.4877127310999464,
      "incr_op_margin_yoy": 0.664451089724337,
      "rev_growth_yoy": 3.172943857468407,
      "rev_growth_yoy_accel": 0.5866390785284064,
      "op_leverage_ratio": 1.088224376340591,
      "fcf_margin_change": -0.05384144383418499
    },
    {
      "date": "2022-09-30T00:00:00",
      "quarter_label": "2022-09 (Q3)",
      "revenue": 204114000,
      "gross_profit": null,
      "operating_income": 118310000,
      "net_income": 107904000,
      "opex": 85804000,
      "cogs": null,
      "rd": null,
      "sga": 1877000,
      "fcf": 154620000,
      "ocf": 154620000,
      "capex": null,
      "gross_margin": null,
      "op_margin": 0.5796270711465161,
      "fcf_margin": 0.7575178576677739,
      "incr_op_margin_yoy": 0.615103229019037,
      "rev_growth_yoy": 3.299671385237614,
      "rev_growth_yoy_accel": 0.12672752776920682,
      "op_leverage_ratio": 0.14602151778363762,
      "fcf_margin_change": 0.2698051265678275
    },
    {
      "date": "2022-12-31T00:00:00",
      "quarter_label": "2022-12 (Q4)",
      "revenue": 257915000,
      "gross_profit": null,
      "operating_income": 126876000,
      "net_income": 67899000,
      "opex": 131039000,
      "cogs": null,
      "rd": null,
      "sga": 6637000,
      "fcf": 201208000,
      "ocf": 201208000,
      "capex": null,
      "gross_margin": null,
      "op_margin": 0.4919295116608185,
      "fcf_margin": 0.780132989550821,
      "incr_op_margin_yoy": 0.46428885400313974,
      "rev_growth_yoy": 1.614047534586733,
      "rev_growth_yoy_accel": -1.685623850650881,
      "op_leverage_ratio": 0.4999775383054334,
      "fcf_margin_change": 0.02261513188304709
    },
    {
      "date": "2023-03-31T00:00:00",
      "quarter_label": "2023-03 (Q1)",
      "revenue": 223794000,
      "gross_profit": null,
      "operating_income": 88586000,
      "net_income": 50257000,
      "opex": 135208000,
      "cogs": null,
      "rd": null,
      "sga": 2502000,
      "fcf": 190006000,
      "ocf": 190006000,
      "capex": null,
      "gross_margin": null,
      "op_margin": 0.395837243178995,
      "fcf_margin": 0.8490218683253349,
      "incr_op_margin_yoy": 0.25851860297191503,
      "rev_growth_yoy": 1.4265035943141529,
      "rev_growth_yoy_accel": -0.18754394027258003,
      "fcf_margin_change": 0.06888887877451388
    },
    {
      "date": "2023-06-30T00:00:00",
      "quarter_label": "2023-06 (Q2)",
      "revenue": 240760000,
      "gross_profit": null,
      "operating_income": 84954000,
      "net_income": 31826000,
      "opex": 148304000,
      "cogs": null,
      "rd": null,
      "sga": 2516000,
      "fcf": 173670000,
      "ocf": 173670000,
      "capex": null,
      "gross_margin": null,
      "op_margin": 0.3528576175444426,
      "fcf_margin": 0.7213407542781193,
      "incr_op_margin_yoy": -0.9623207566358182,
      "rev_growth_yoy": 0.19526580217248843,
      "rev_growth_yoy_accel": -1.2312377921416644,
      "op_leverage_ratio": 0.7826989410678964,
      "fcf_margin_change": -0.1276811140472156
    },
    {
      "date": "2023-09-30T00:00:00",
      "quarter_label": "2023-09 (Q3)",
      "revenue": 345586000,
      "gross_profit": null,
      "operating_income": 146126000,
      "net_income": 38779000,
      "opex": 198920000,
      "cogs": null,
      "rd": null,
      "sga": 6934000,
      "fcf": 158066000,
      "ocf": 158066000,
      "capex": null,
      "gross_margin": null,
      "op_margin": 0.4228354157865191,
      "fcf_margin": 0.45738542649297137,
      "incr_op_margin_yoy": 0.19661841212395387,
      "rev_growth_yoy": 0.693102873884202,
      "rev_growth_yoy_accel": 0.49783707171171354,
      "op_leverage_ratio": 1.2757034287897082,
      "fcf_margin_change": -0.2639553277851479
    },
    {
      "date": "2023-12-31T00:00:00",
      "quarter_label": "2023-12 (Q4)",
      "revenue": 301153000,
      "gross_profit": null,
      "operating_income": 106796000,
      "net_income": 95004000,
      "opex": 194137000,
      "cogs": null,
      "rd": null,
      "sga": 4646000,
      "fcf": 234647000,
      "ocf": 234647000,
      "capex": null,
      "gross_margin": null,
      "op_margin": 0.3546237294664174,
      "fcf_margin": 0.7791620870454553,
      "incr_op_margin_yoy": -0.4644063092649984,
      "rev_growth_yoy": 0.16764437896206114,
      "rev_growth_yoy_accel": -0.5254584949221408,
      "fcf_margin_change": 0.32177666055248394
    },
    {
      "date": "2024-03-31T00:00:00",
      "quarter_label": "2024-03 (Q1)",
      "revenue": 287764000,
      "gross_profit": null,
      "operating_income": 103020000,
      "net_income": 6438000,
      "opex": 184743000,
      "cogs": null,
      "rd": null,
      "sga": 4685000,
      "fcf": 171439000,
      "ocf": 171439000,
      "capex": null,
      "gross_margin": null,
      "op_margin": 0.35800169583408625,
      "fcf_margin": 0.5957624998262465,
      "incr_op_margin_yoy": 0.22563701735188368,
      "rev_growth_yoy": 0.28584323082835106,
      "rev_growth_yoy_accel": 0.11819885186628992,
      "fcf_margin_change": -0.1833995872192088
    },
    {
      "date": "2024-06-30T00:00:00",
      "quarter_label": "2024-06 (Q2)",
      "revenue": 275266000,
      "gross_profit": null,
      "operating_income": 87260000,
      "net_income": 29717000,
      "opex": 186006000,
      "cogs": null,
      "rd": null,
      "sga": 4735000,
      "fcf": 202331000,
      "ocf": 202331000,
      "capex": null,
      "gross_margin": null,
      "op_margin": 0.317002463072083,
      "fcf_margin": 0.7350381085931427,
      "incr_op_margin_yoy": 0.0668289572827914,
      "rev_growth_yoy": 0.14332114969263998,
      "rev_growth_yoy_accel": -0.14252208113571108,
      "fcf_margin_change": 0.13927560876689615
    },
    {
      "date": "2024-09-30T00:00:00",
      "quarter_label": "2024-09 (Q3)",
      "revenue": 271578000,
      "gross_profit": null,
      "operating_income": 73444000,
      "net_income": 49933000,
      "opex": 196730000,
      "cogs": null,
      "rd": null,
      "sga": 4971000,
      "fcf": 177103000,
      "ocf": 177103000,
      "capex": null,
      "gross_margin": null,
      "op_margin": 0.2704342767087172,
      "fcf_margin": 0.6521257244695815,
      "incr_op_margin_yoy": 0.9820830180521025,
      "rev_growth_yoy": -0.21415219366525265,
      "rev_growth_yoy_accel": -0.3574733433578926,
      "fcf_margin_change": -0.08291238412356117
    },
    {
      "date": "2024-12-31T00:00:00",
      "quarter_label": "2024-12 (Q4)",
      "revenue": 234806000,
      "gross_profit": null,
      "operating_income": 73687000,
      "net_income": 8981000,
      "opex": 160729000,
      "cogs": null,
      "rd": null,
      "sga": 6001000,
      "fcf": 139518000,
      "ocf": 139518000,
      "capex": null,
      "gross_margin": null,
      "op_margin": 0.3138207711898333,
      "fcf_margin": 0.5941841349880327,
      "incr_op_margin_yoy": 0.49902783848553817,
      "rev_growth_yoy": -0.22030994212244273,
      "rev_growth_yoy_accel": -0.006157748457190082,
      "fcf_margin_change": -0.057941589481548816
    },
    {
      "date": "2025-03-31T00:00:00",
      "quarter_label": "2025-03 (Q1)",
      "revenue": 257448000,
      "gross_profit": null,
      "operating_income": 90379000,
      "net_income": 36335000,
      "opex": 167069000,
      "cogs": null,
      "rd": null,
      "sga": 6345000,
      "fcf": 157052000,
      "ocf": 157052000,
      "capex": null,
      "gross_margin": null,
      "op_margin": 0.35105730089183057,
      "fcf_margin": 0.6100338709176222,
      "incr_op_margin_yoy": 0.4169745348990632,
      "rev_growth_yoy": -0.10535021753937254,
      "rev_growth_yoy_accel": 0.11495972458307019,
      "op_leverage_ratio": 2.444615610051506,
      "fcf_margin_change": 0.015849735929589492
    },
    {
      "date": "2025-06-30T00:00:00",
      "quarter_label": "2025-06 (Q2)",
      "revenue": 200400000,
      "gross_profit": null,
      "operating_income": 43444000,
      "net_income": 26176000,
      "opex": 154467000,
      "cogs": null,
      "rd": null,
      "sga": 5671000,
      "fcf": 141213000,
      "ocf": 141213000,
      "capex": null,
      "gross_margin": null,
      "op_margin": 0.2167864271457086,
      "fcf_margin": 0.7046556886227545,
      "incr_op_margin_yoy": 0.5852589960729837,
      "rev_growth_yoy": -0.271976924138833,
      "rev_growth_yoy_accel": -0.16662670659946047,
      "fcf_margin_change": 0.09462181770513234
    },
    {
      "date": "2025-09-30T00:00:00",
      "quarter_label": "2025-09 (Q3)",
      "revenue": 188862000,
      "gross_profit": null,
      "operating_income": 32607000,
      "net_income": -18335000,
      "opex": 156033000,
      "cogs": null,
      "rd": null,
      "sga": 9329000,
      "fcf": 120239000,
      "ocf": 120239000,
      "capex": null,
      "gross_margin": null,
      "op_margin": 0.17264987133462528,
      "fcf_margin": 0.6366500407705097,
      "incr_op_margin_yoy": 0.4937013395231878,
      "rev_growth_yoy": -0.30457548107725957,
      "rev_growth_yoy_accel": -0.03259855693842656,
      "fcf_margin_change": -0.06800564785224483
    }
  ],
  "signals": [
    {
      "quarter": "2025-09 (Q3)",
      "signal": "INCREMENTAL MARGIN (YoY)",
      "detail": "YoY Incr OPM: +49.4% vs year-ago OPM: +27.0%",
      "severity": "HIGH"
    },
    {
      "quarter": "2025-06 (Q2)",
      "signal": "FCF MARGIN EXPANSION",
      "detail": "FCF margin: +61.0% -> +70.5% (+9.5%)",
      "severity": "MEDIUM"
    },
    {
      "quarter": "2025-06 (Q2)",
      "signal": "YoY REVENUE GROWTH DECELERATION",
      "detail": "YoY growth: -27.2% vs prior quarter YoY: -10.5% (decel: -16.7%)",
      "severity": "WARNING"
    },
    {
      "quarter": "2025-06 (Q2)",
      "signal": "INCREMENTAL MARGIN (YoY)",
      "detail": "YoY Incr OPM: +58.5% vs year-ago OPM: +31.7%",
      "severity": "HIGH"
    },
    {
      "quarter": "2025-03 (Q1)",
      "signal": "OPERATING LEVERAGE",
      "detail": "Rev growth +9.6% vs OpEx growth +3.9% (leverage: 2.4x)",
      "severity": "MEDIUM"
    },
    {
      "quarter": "2025-03 (Q1)",
      "signal": "YoY REVENUE GROWTH ACCELERATION",
      "detail": "YoY growth: -10.5% vs prior quarter YoY: -22.0% (accel: +11.5%)",
      "severity": "MEDIUM"
    },
    {
      "quarter": "2024-12 (Q4)",
      "signal": "INCREMENTAL MARGIN (YoY)",
      "detail": "YoY Incr OPM: +49.9% vs year-ago OPM: +35.5%",
      "severity": "MEDIUM"
    },
    {
      "quarter": "2024-09 (Q3)",
      "signal": "YoY REVENUE GROWTH DECELERATION",
      "detail": "YoY growth: -21.4% vs prior quarter YoY: +14.3% (decel: -35.7%)",
      "severity": "WARNING"
    },
    {
      "quarter": "2024-09 (Q3)",
      "signal": "INCREMENTAL MARGIN (YoY)",
      "detail": "YoY Incr OPM: +98.2% vs year-ago OPM: +42.3%",
      "severity": "HIGH"
    },
    {
      "quarter": "2024-06 (Q2)",
      "signal": "FCF MARGIN EXPANSION",
      "detail": "FCF margin: +59.6% -> +73.5% (+13.9%)",
      "severity": "MEDIUM"
    },
    {
      "quarter": "2024-06 (Q2)",
      "signal": "YoY REVENUE GROWTH DECELERATION",
      "detail": "YoY growth: +14.3% vs prior quarter YoY: +28.6% (decel: -14.3%)",
      "severity": "WARNING"
    },
    {
      "quarter": "2024-03 (Q1)",
      "signal": "YoY REVENUE GROWTH ACCELERATION",
      "detail": "YoY growth: +28.6% vs prior quarter YoY: +16.8% (accel: +11.8%)",
      "severity": "MEDIUM"
    },
    {
      "quarter": "2023-12 (Q4)",
      "signal": "FCF MARGIN EXPANSION",
      "detail": "FCF margin: +45.7% -> +77.9% (+32.2%)",
      "severity": "MEDIUM"
    },
    {
      "quarter": "2023-12 (Q4)",
      "signal": "YoY REVENUE GROWTH DECELERATION",
      "detail": "YoY growth: +16.8% vs prior quarter YoY: +69.3% (decel: -52.5%)",
      "severity": "WARNING"
    },
    {
      "quarter": "2023-09 (Q3)",
      "signal": "YoY REVENUE GROWTH ACCELERATION",
      "detail": "YoY growth: +69.3% vs prior quarter YoY: +19.5% (accel: +49.8%)",
      "severity": "HIGH"
    },
    {
      "quarter": "2023-06 (Q2)",
      "signal": "YoY REVENUE GROWTH DECELERATION",
      "detail": "YoY growth: +19.5% vs prior quarter YoY: +142.7% (decel: -123.1%)",
      "severity": "WARNING"
    },
    {
      "quarter": "2023-03 (Q1)",
      "signal": "FCF MARGIN EXPANSION",
      "detail": "FCF margin: +78.0% -> +84.9% (+6.9%)",
      "severity": "MEDIUM"
    },
    {
      "quarter": "2023-03 (Q1)",
      "signal": "YoY REVENUE GROWTH DECELERATION",
      "detail": "YoY growth: +142.7% vs prior quarter YoY: +161.4% (decel: -18.8%)",
      "severity": "WARNING"
    },
    {
      "quarter": "2022-12 (Q4)",
      "signal": "YoY REVENUE GROWTH DECELERATION",
      "detail": "YoY growth: +161.4% vs prior quarter YoY: +330.0% (decel: -168.6%)",
      "severity": "WARNING"
    },
    {
      "quarter": "2022-09 (Q3)",
      "signal": "FCF MARGIN EXPANSION",
      "detail": "FCF margin: +48.8% -> +75.8% (+27.0%)",
      "severity": "MEDIUM"
    },
    {
      "quarter": "2022-09 (Q3)",
      "signal": "YoY REVENUE GROWTH ACCELERATION",
      "detail": "YoY growth: +330.0% vs prior quarter YoY: +317.3% (accel: +12.7%)",
      "severity": "MEDIUM"
    },
    {
      "quarter": "2022-09 (Q3)",
      "signal": "INCREMENTAL MARGIN (YoY)",
      "detail": "YoY Incr OPM: +61.5% vs year-ago OPM: +46.3%",
      "severity": "MEDIUM"
    },
    {
      "quarter": "2022-06 (Q2)",
      "signal": "YoY REVENUE GROWTH ACCELERATION",
      "detail": "YoY growth: +317.3% vs prior quarter YoY: +258.6% (accel: +58.7%)",
      "severity": "HIGH"
    },
    {
      "quarter": "2022-06 (Q2)",
      "signal": "INCREMENTAL MARGIN (YoY)",
      "detail": "YoY Incr OPM: +66.4% vs year-ago OPM: +43.6%",
      "severity": "HIGH"
    },
    {
      "quarter": "2022-03 (Q1)",
      "signal": "INCREMENTAL MARGIN (YoY)",
      "detail": "YoY Incr OPM: +73.2% vs year-ago OPM: +23.0%",
      "severity": "HIGH"
    },
    {
      "quarter": "2021-09 (Q3)",
      "signal": "FCF MARGIN EXPANSION",
      "detail": "FCF margin: +74.4% -> +85.2% (+10.8%)",
      "severity": "MEDIUM"
    },
    {
      "quarter": "2021-06 (Q2)",
      "signal": "FCF MARGIN EXPANSION",
      "detail": "FCF margin: +44.2% -> +74.4% (+30.2%)",
      "severity": "MEDIUM"
    },
    {
      "quarter": "2021-06 (Q2)",
      "signal": "OPERATING LEVERAGE",
      "detail": "Rev growth +87.7% vs OpEx growth +37.5% (leverage: 2.3x)",
      "severity": "MEDIUM"
    },
    {
      "quarter": "2021-06 (Q2)",
      "signal": "OP MARGIN TURNED POSITIVE (YoY)",
      "detail": "Op margin: -439.3% (year-ago) -> +43.6%",
      "severity": "HIGH"
    },
    {
      "quarter": "2021-03 (Q1)",
      "signal": "FCF TURNED POSITIVE",
      "detail": "FCF margin: -1148.3% -> +44.2%",
      "severity": "HIGH"
    },
    {
      "quarter": "2021-03 (Q1)",
      "signal": "OPERATING LEVERAGE",
      "detail": "Rev growth +2624.3% vs OpEx growth +289.0% (leverage: 9.1x)",
      "severity": "MEDIUM"
    },
    {
      "quarter": "2021-03 (Q1)",
      "signal": "OP MARGIN TURNED POSITIVE (QoQ)",
      "detail": "Op margin: -439.3% -> +23.0%",
      "severity": "HIGH"
    }
  ],
  "data_quality": {
    "n_quarters": 20,
    "coverage": {
      "revenue": [
        20,
        20
      ],
      "gross_profit": [
        0,
        20
      ],
      "op_income": [
        20,
        20
      ],
      "fcf": [
        20,
        20
      ]
    },
    "gaps": [
      [
        "2020-06 (Q2)",
        "2021-03 (Q1)",
        274
      ]
    ],
    "warnings": [
      "gross_profit: no data",
      "gap: 2Q missing between 2020-06 (Q2) and 2021-03 (Q1)"
    ]
  },
  "market_cap": null,
  "source": "SEC EDGAR",
  "last_updated": "2026-02-02T22:21:47.315067",
  "sector": "Energy",
  "industry": "Oil & Gas E&P"
}