{
  "ticker": "HPP",
  "name": "Hudson Pacific Properties, Inc.",
  "quarters": [
    {
      "date": "2020-12-31T00:00:00",
      "quarter_label": "2020-12 (Q4)",
      "revenue": 203843000,
      "gross_profit": 126245000,
      "operating_income": null,
      "net_income": null,
      "opex": 178888000,
      "cogs": null,
      "rd": null,
      "sga": null,
      "fcf": 54142000,
      "ocf": 54142000,
      "capex": null,
      "gross_margin": 0.6193246763440491,
      "op_margin": null,
      "fcf_margin": 0.26560637353257166
    },
    {
      "date": "2021-03-31T00:00:00",
      "quarter_label": "2021-03 (Q1)",
      "revenue": 213119000,
      "gross_profit": 135104000,
      "operating_income": null,
      "net_income": null,
      "opex": 179225000,
      "cogs": null,
      "rd": null,
      "sga": null,
      "fcf": 114695000,
      "ocf": 114695000,
      "capex": null,
      "gross_margin": 0.6339369084877463,
      "op_margin": null,
      "fcf_margin": 0.5381735086970191,
      "op_leverage_ratio": 24.155511898222834,
      "fcf_margin_change": 0.2725671351644474
    },
    {
      "date": "2021-06-30T00:00:00",
      "quarter_label": "2021-06 (Q2)",
      "revenue": 215602000,
      "gross_profit": 134025000,
      "operating_income": null,
      "net_income": null,
      "opex": 182864000,
      "cogs": null,
      "rd": null,
      "sga": null,
      "fcf": 58236000,
      "ocf": 58236000,
      "capex": null,
      "gross_margin": 0.6216315247539448,
      "op_margin": null,
      "fcf_margin": 0.27010881160657135,
      "op_leverage_ratio": 0.5738139251020309,
      "fcf_margin_change": -0.2680646970904477
    },
    {
      "date": "2021-09-30T00:00:00",
      "quarter_label": "2021-09 (Q3)",
      "revenue": 227632000,
      "gross_profit": 143723000,
      "operating_income": null,
      "net_income": null,
      "opex": 190765000,
      "cogs": null,
      "rd": null,
      "sga": null,
      "fcf": 112581000,
      "ocf": 112581000,
      "capex": null,
      "gross_margin": 0.6313831095803754,
      "op_margin": null,
      "fcf_margin": 0.49457457650945386,
      "op_leverage_ratio": 1.2913946881745186,
      "fcf_margin_change": 0.2244657649028825
    },
    {
      "date": "2021-12-31T00:00:00",
      "quarter_label": "2021-12 (Q4)",
      "revenue": 240482000,
      "gross_profit": 148136000,
      "operating_income": null,
      "net_income": null,
      "opex": 197953000,
      "cogs": null,
      "rd": null,
      "sga": null,
      "fcf": 29351000,
      "ocf": 29351000,
      "capex": null,
      "gross_margin": 0.6159962076163704,
      "op_margin": null,
      "fcf_margin": 0.12205071481441439,
      "rev_growth_yoy": 0.1797412714687284,
      "op_leverage_ratio": 1.4981677426205566,
      "fcf_margin_change": -0.3725238616950395
    },
    {
      "date": "2022-03-31T00:00:00",
      "quarter_label": "2022-03 (Q1)",
      "revenue": 244513000,
      "gross_profit": 151899000,
      "operating_income": null,
      "net_income": null,
      "opex": 205319000,
      "cogs": null,
      "rd": null,
      "sga": null,
      "fcf": 95454000,
      "ocf": 95454000,
      "capex": null,
      "gross_margin": 0.6212307730059342,
      "op_margin": null,
      "fcf_margin": 0.39038415135391574,
      "rev_growth_yoy": 0.14730737287618653,
      "rev_growth_yoy_accel": -0.032433898592541865,
      "op_leverage_ratio": 0.4504645263937445,
      "fcf_margin_change": 0.26833343653950137
    },
    {
      "date": "2022-06-30T00:00:00",
      "quarter_label": "2022-06 (Q2)",
      "revenue": 251430000,
      "gross_profit": 152186000,
      "operating_income": null,
      "net_income": null,
      "opex": 212553000,
      "cogs": null,
      "rd": null,
      "sga": null,
      "fcf": 94688000,
      "ocf": 94688000,
      "capex": null,
      "gross_margin": 0.6052817881716581,
      "op_margin": null,
      "fcf_margin": 0.3765978602394305,
      "rev_growth_yoy": 0.16617656608009201,
      "rev_growth_yoy_accel": 0.018869193203905482,
      "op_leverage_ratio": 0.8029092429404744,
      "fcf_margin_change": -0.01378629111448526
    },
    {
      "date": "2022-09-30T00:00:00",
      "quarter_label": "2022-09 (Q3)",
      "revenue": 260354000,
      "gross_profit": 155326000,
      "operating_income": null,
      "net_income": null,
      "opex": 217893000,
      "cogs": null,
      "rd": null,
      "sga": null,
      "fcf": 138407000,
      "ocf": 138407000,
      "capex": null,
      "gross_margin": 0.5965954047181914,
      "op_margin": null,
      "fcf_margin": 0.5316108068245543,
      "rev_growth_yoy": 0.14374956069445421,
      "rev_growth_yoy_accel": -0.0224270053856378,
      "op_leverage_ratio": 1.4127601892456052,
      "fcf_margin_change": 0.15501294658512382
    },
    {
      "date": "2022-12-31T00:00:00",
      "quarter_label": "2022-12 (Q4)",
      "revenue": 269927000,
      "gross_profit": 152995000,
      "operating_income": null,
      "net_income": null,
      "opex": 230773000,
      "cogs": null,
      "rd": null,
      "sga": null,
      "fcf": 40952000,
      "ocf": 40952000,
      "capex": null,
      "gross_margin": 0.5668013944510923,
      "op_margin": null,
      "fcf_margin": 0.1517150933400512,
      "rev_growth_yoy": 0.12244159646044195,
      "rev_growth_yoy_accel": -0.021307964234012267,
      "op_leverage_ratio": 0.6220298409876434,
      "fcf_margin_change": -0.37989571348450313
    },
    {
      "date": "2023-03-31T00:00:00",
      "quarter_label": "2023-03 (Q1)",
      "revenue": 252263000,
      "gross_profit": 140965000,
      "operating_income": null,
      "net_income": null,
      "opex": 227161000,
      "cogs": null,
      "rd": null,
      "sga": null,
      "fcf": 92516000,
      "ocf": 92516000,
      "capex": null,
      "gross_margin": 0.5588017267692844,
      "op_margin": null,
      "fcf_margin": 0.36674423121900557,
      "rev_growth_yoy": 0.03169565626367514,
      "rev_growth_yoy_accel": -0.09074594019676681,
      "fcf_margin_change": 0.21502913787895436
    },
    {
      "date": "2023-06-30T00:00:00",
      "quarter_label": "2023-06 (Q2)",
      "revenue": 245168000,
      "gross_profit": 133722000,
      "operating_income": null,
      "net_income": null,
      "opex": 229322000,
      "cogs": null,
      "rd": null,
      "sga": null,
      "fcf": 59167000,
      "ocf": 59167000,
      "capex": null,
      "gross_margin": 0.5454300724401226,
      "op_margin": null,
      "fcf_margin": 0.24133247405860472,
      "rev_growth_yoy": -0.024905540309430062,
      "rev_growth_yoy_accel": -0.0566011965731052,
      "fcf_margin_change": -0.12541175716040084
    },
    {
      "date": "2023-09-30T00:00:00",
      "quarter_label": "2023-09 (Q3)",
      "revenue": 231443000,
      "gross_profit": 119267000,
      "operating_income": null,
      "net_income": null,
      "opex": 228268000,
      "cogs": null,
      "rd": null,
      "sga": null,
      "fcf": 71355000,
      "ocf": 71355000,
      "capex": null,
      "gross_margin": 0.5153191066482892,
      "op_margin": null,
      "fcf_margin": 0.308304852598696,
      "rev_growth_yoy": -0.1110449618596219,
      "rev_growth_yoy_accel": -0.08613942155019183,
      "fcf_margin_change": 0.06697237854009128
    },
    {
      "date": "2023-12-31T00:00:00",
      "quarter_label": "2023-12 (Q4)",
      "revenue": 223423000,
      "gross_profit": 107878000,
      "operating_income": null,
      "net_income": null,
      "opex": 238518000,
      "cogs": null,
      "rd": null,
      "sga": null,
      "fcf": 9218000,
      "ocf": 9218000,
      "capex": null,
      "gross_margin": 0.48284196345049524,
      "op_margin": null,
      "fcf_margin": 0.04125806206164988,
      "rev_growth_yoy": -0.1722836174224883,
      "rev_growth_yoy_accel": -0.061238655562866395,
      "fcf_margin_change": -0.2670467905370461
    },
    {
      "date": "2024-03-31T00:00:00",
      "quarter_label": "2024-03 (Q1)",
      "revenue": 214023000,
      "gross_profit": 103967000,
      "operating_income": null,
      "net_income": null,
      "opex": 221620000,
      "cogs": null,
      "rd": null,
      "sga": null,
      "fcf": 65128000,
      "ocf": 65128000,
      "capex": null,
      "gross_margin": 0.4857748933525836,
      "op_margin": null,
      "fcf_margin": 0.3043037430556529,
      "rev_growth_yoy": -0.15158782699008574,
      "rev_growth_yoy_accel": 0.02069579043240255,
      "fcf_margin_change": 0.263045680994003
    },
    {
      "date": "2024-06-30T00:00:00",
      "quarter_label": "2024-06 (Q2)",
      "revenue": 218000000,
      "gross_profit": 104744000,
      "operating_income": null,
      "net_income": null,
      "opex": 220759000,
      "cogs": null,
      "rd": null,
      "sga": null,
      "fcf": 35622000,
      "ocf": 35622000,
      "capex": null,
      "gross_margin": 0.4804770642201835,
      "op_margin": null,
      "fcf_margin": 0.16340366972477063,
      "rev_growth_yoy": -0.11081380930627162,
      "rev_growth_yoy_accel": 0.040774017683814126,
      "op_leverage_ratio": Infinity,
      "fcf_margin_change": -0.14090007333088225
    },
    {
      "date": "2024-09-30T00:00:00",
      "quarter_label": "2024-09 (Q3)",
      "revenue": 200393000,
      "gross_profit": 85552000,
      "operating_income": null,
      "net_income": null,
      "opex": 221057000,
      "cogs": null,
      "rd": null,
      "sga": null,
      "fcf": 63745000,
      "ocf": 63745000,
      "capex": null,
      "gross_margin": 0.4269211000384245,
      "op_margin": null,
      "fcf_margin": 0.3180999336304162,
      "rev_growth_yoy": -0.13415830247620364,
      "rev_growth_yoy_accel": -0.02334449316993202,
      "fcf_margin_change": 0.1546962639056456
    },
    {
      "date": "2024-12-31T00:00:00",
      "quarter_label": "2024-12 (Q4)",
      "revenue": 209666000,
      "gross_profit": 93740000,
      "operating_income": null,
      "net_income": null,
      "opex": 224519000,
      "cogs": null,
      "rd": null,
      "sga": null,
      "fcf": 162000,
      "ocf": 162000,
      "capex": null,
      "gross_margin": 0.4470920416281133,
      "op_margin": null,
      "fcf_margin": 0.0007726574647296176,
      "rev_growth_yoy": -0.06157378604709453,
      "rev_growth_yoy_accel": 0.07258451642910911,
      "op_leverage_ratio": 2.954710402205247,
      "fcf_margin_change": -0.3173272761656866
    },
    {
      "date": "2025-03-31T00:00:00",
      "quarter_label": "2025-03 (Q1)",
      "revenue": 198459000,
      "gross_profit": 85201000,
      "operating_income": null,
      "net_income": null,
      "opex": 224826000,
      "cogs": null,
      "rd": null,
      "sga": null,
      "fcf": 30536000,
      "ocf": 30536000,
      "capex": null,
      "gross_margin": 0.42931285555202836,
      "op_margin": null,
      "fcf_margin": 0.153865533939,
      "rev_growth_yoy": -0.07272115613742448,
      "rev_growth_yoy_accel": -0.011147370090329956,
      "fcf_margin_change": 0.15309287647427036
    },
    {
      "date": "2025-06-30T00:00:00",
      "quarter_label": "2025-06 (Q2)",
      "revenue": 190002000,
      "gross_profit": 81949000,
      "operating_income": null,
      "net_income": null,
      "opex": 230580000,
      "cogs": null,
      "rd": null,
      "sga": null,
      "fcf": -2040000,
      "ocf": -2040000,
      "capex": null,
      "gross_margin": 0.4313059862527763,
      "op_margin": null,
      "fcf_margin": -0.010736729087062242,
      "rev_growth_yoy": -0.12843119266055045,
      "rev_growth_yoy_accel": -0.055710036523125964,
      "fcf_margin_change": -0.16460226302606223
    },
    {
      "date": "2025-09-30T00:00:00",
      "quarter_label": "2025-09 (Q3)",
      "revenue": 186617000,
      "gross_profit": 82658000,
      "operating_income": null,
      "net_income": null,
      "opex": 211753000,
      "cogs": null,
      "rd": null,
      "sga": null,
      "fcf": 33177000,
      "ocf": 33177000,
      "capex": null,
      "gross_margin": 0.4429285649217381,
      "op_margin": null,
      "fcf_margin": 0.17778123107755456,
      "rev_growth_yoy": -0.06874491623958921,
      "rev_growth_yoy_accel": 0.059686276420961235,
      "fcf_margin_change": 0.1885179601646168
    }
  ],
  "signals": [
    {
      "quarter": "2025-09 (Q3)",
      "signal": "FCF TURNED POSITIVE",
      "detail": "FCF margin: -1.1% -> +17.8%",
      "severity": "HIGH"
    },
    {
      "quarter": "2025-09 (Q3)",
      "signal": "YoY REVENUE GROWTH ACCELERATION",
      "detail": "YoY growth: -6.9% vs prior quarter YoY: -12.8% (accel: +6.0%)",
      "severity": "MEDIUM"
    },
    {
      "quarter": "2025-06 (Q2)",
      "signal": "YoY REVENUE GROWTH DECELERATION",
      "detail": "YoY growth: -12.8% vs prior quarter YoY: -7.3% (decel: -5.6%)",
      "severity": "WARNING"
    },
    {
      "quarter": "2025-03 (Q1)",
      "signal": "FCF MARGIN EXPANSION",
      "detail": "FCF margin: +0.1% -> +15.4% (+15.3%)",
      "severity": "MEDIUM"
    },
    {
      "quarter": "2024-12 (Q4)",
      "signal": "OPERATING LEVERAGE",
      "detail": "Rev growth +4.6% vs OpEx growth +1.6% (leverage: 3.0x)",
      "severity": "MEDIUM"
    },
    {
      "quarter": "2024-12 (Q4)",
      "signal": "GROSS MARGIN INFLECTION",
      "detail": "GM: +48.0% -> +42.7% -> +44.7% (reversal +2.0%)",
      "severity": "MEDIUM"
    },
    {
      "quarter": "2024-12 (Q4)",
      "signal": "YoY REVENUE GROWTH ACCELERATION",
      "detail": "YoY growth: -6.2% vs prior quarter YoY: -13.4% (accel: +7.3%)",
      "severity": "MEDIUM"
    },
    {
      "quarter": "2024-09 (Q3)",
      "signal": "FCF MARGIN EXPANSION",
      "detail": "FCF margin: +16.3% -> +31.8% (+15.5%)",
      "severity": "MEDIUM"
    },
    {
      "quarter": "2024-03 (Q1)",
      "signal": "FCF MARGIN EXPANSION",
      "detail": "FCF margin: +4.1% -> +30.4% (+26.3%)",
      "severity": "MEDIUM"
    },
    {
      "quarter": "2023-12 (Q4)",
      "signal": "YoY REVENUE GROWTH DECELERATION",
      "detail": "YoY growth: -17.2% vs prior quarter YoY: -11.1% (decel: -6.1%)",
      "severity": "WARNING"
    },
    {
      "quarter": "2023-09 (Q3)",
      "signal": "FCF MARGIN EXPANSION",
      "detail": "FCF margin: +24.1% -> +30.8% (+6.7%)",
      "severity": "MEDIUM"
    },
    {
      "quarter": "2023-09 (Q3)",
      "signal": "YoY REVENUE GROWTH DECELERATION",
      "detail": "YoY growth: -11.1% vs prior quarter YoY: -2.5% (decel: -8.6%)",
      "severity": "WARNING"
    },
    {
      "quarter": "2023-06 (Q2)",
      "signal": "YoY REVENUE GROWTH DECELERATION",
      "detail": "YoY growth: -2.5% vs prior quarter YoY: +3.2% (decel: -5.7%)",
      "severity": "WARNING"
    },
    {
      "quarter": "2023-03 (Q1)",
      "signal": "FCF MARGIN EXPANSION",
      "detail": "FCF margin: +15.2% -> +36.7% (+21.5%)",
      "severity": "MEDIUM"
    },
    {
      "quarter": "2023-03 (Q1)",
      "signal": "YoY REVENUE GROWTH DECELERATION",
      "detail": "YoY growth: +3.2% vs prior quarter YoY: +12.2% (decel: -9.1%)",
      "severity": "WARNING"
    },
    {
      "quarter": "2022-09 (Q3)",
      "signal": "FCF MARGIN EXPANSION",
      "detail": "FCF margin: +37.7% -> +53.2% (+15.5%)",
      "severity": "MEDIUM"
    },
    {
      "quarter": "2022-03 (Q1)",
      "signal": "FCF MARGIN EXPANSION",
      "detail": "FCF margin: +12.2% -> +39.0% (+26.8%)",
      "severity": "MEDIUM"
    },
    {
      "quarter": "2021-09 (Q3)",
      "signal": "FCF MARGIN EXPANSION",
      "detail": "FCF margin: +27.0% -> +49.5% (+22.4%)",
      "severity": "MEDIUM"
    },
    {
      "quarter": "2021-03 (Q1)",
      "signal": "FCF MARGIN EXPANSION",
      "detail": "FCF margin: +26.6% -> +53.8% (+27.3%)",
      "severity": "MEDIUM"
    },
    {
      "quarter": "2021-03 (Q1)",
      "signal": "OPERATING LEVERAGE",
      "detail": "Rev growth +4.6% vs OpEx growth +0.2% (leverage: 24.2x)",
      "severity": "MEDIUM"
    }
  ],
  "data_quality": {
    "n_quarters": 20,
    "coverage": {
      "revenue": [
        20,
        20
      ],
      "gross_profit": [
        20,
        20
      ],
      "op_income": [
        0,
        20
      ],
      "fcf": [
        20,
        20
      ]
    },
    "gaps": [],
    "warnings": [
      "op_income: no data"
    ]
  },
  "market_cap": null,
  "source": "SEC EDGAR",
  "last_updated": "2026-02-02T21:13:04.039040"
}