{
  "ticker": "HQI",
  "name": "HireQuest, Inc.",
  "quarters": [
    {
      "date": "2020-12-31T00:00:00",
      "quarter_label": "2020-12 (Q4)",
      "revenue": 3405475,
      "gross_profit": 3405475,
      "operating_income": 1214671,
      "net_income": 1356100,
      "opex": 2190804,
      "cogs": 0,
      "rd": null,
      "sga": 2158276,
      "fcf": 3940176,
      "ocf": 3940176,
      "capex": null,
      "gross_margin": 1.0,
      "op_margin": 0.35668181384388375,
      "fcf_margin": 1.1570121642355324
    },
    {
      "date": "2021-03-31T00:00:00",
      "quarter_label": "2021-03 (Q1)",
      "revenue": 3402983,
      "gross_profit": 3403000,
      "operating_income": -771630,
      "net_income": 3742044,
      "opex": 4174630,
      "cogs": 0,
      "rd": null,
      "sga": 3841772,
      "fcf": 11864000,
      "ocf": 11864000,
      "capex": null,
      "gross_margin": 1.0000049956170807,
      "op_margin": -0.22675105929121597,
      "fcf_margin": 3.4863530026450325,
      "fcf_margin_change": 2.3293408384095002
    },
    {
      "date": "2021-06-30T00:00:00",
      "quarter_label": "2021-06 (Q2)",
      "revenue": 5706328,
      "gross_profit": 5707000,
      "operating_income": 3299712,
      "net_income": 2719811,
      "opex": 2407288,
      "cogs": 0,
      "rd": null,
      "sga": 2040621,
      "fcf": -534000,
      "ocf": -534000,
      "capex": null,
      "gross_margin": 1.0001177639981438,
      "op_margin": 0.5782548777427445,
      "fcf_margin": -0.09358031995356733,
      "op_leverage_ratio": Infinity,
      "fcf_margin_change": -3.5799333225986
    },
    {
      "date": "2021-09-30T00:00:00",
      "quarter_label": "2021-09 (Q3)",
      "revenue": 6881383,
      "gross_profit": 6881000,
      "operating_income": 3471000,
      "net_income": 3194191,
      "opex": 3410000,
      "cogs": 0,
      "rd": null,
      "sga": 3044358,
      "fcf": 3490000,
      "ocf": 3490000,
      "capex": null,
      "gross_margin": 0.9999443425834603,
      "op_margin": 0.5044044198673435,
      "fcf_margin": 0.5071654927505125,
      "op_leverage_ratio": 0.494371358684087,
      "fcf_margin_change": 0.6007458127040798
    },
    {
      "date": "2021-12-31T00:00:00",
      "quarter_label": "2021-12 (Q4)",
      "revenue": 6769099,
      "gross_profit": 6598551,
      "operating_income": 1663119,
      "net_income": 2193888,
      "opex": 4935432,
      "cogs": 170548,
      "rd": null,
      "sga": 4437206,
      "fcf": 2562000,
      "ocf": 2562000,
      "capex": null,
      "gross_margin": 0.9748049186457459,
      "op_margin": 0.24569281672494375,
      "fcf_margin": 0.3784846402748726,
      "incr_op_margin_yoy": 0.13332286843000288,
      "rev_growth_yoy": 0.9877106717858742,
      "fcf_margin_change": -0.12868085247563987
    },
    {
      "date": "2022-03-31T00:00:00",
      "quarter_label": "2022-03 (Q1)",
      "revenue": 8145000,
      "gross_profit": 7383000,
      "operating_income": 3979000,
      "net_income": 603000,
      "opex": 3404000,
      "cogs": 762000,
      "rd": null,
      "sga": 2838000,
      "fcf": 5443000,
      "ocf": 5443000,
      "capex": null,
      "gross_margin": 0.9064456721915285,
      "op_margin": 0.4885205647636587,
      "fcf_margin": 0.6682627378759975,
      "incr_op_margin_yoy": 1.0018163157154434,
      "rev_growth_yoy": 1.3934883012933066,
      "rev_growth_yoy_accel": 0.40577762950743235,
      "op_leverage_ratio": Infinity,
      "fcf_margin_change": 0.28977809760112494
    },
    {
      "date": "2022-06-30T00:00:00",
      "quarter_label": "2022-06 (Q2)",
      "revenue": 9288000,
      "gross_profit": 8341000,
      "operating_income": 4201000,
      "net_income": 4891000,
      "opex": 4140000,
      "cogs": 947000,
      "rd": null,
      "sga": 3530000,
      "fcf": 3640000,
      "ocf": 3640000,
      "capex": null,
      "gross_margin": 0.898040482342808,
      "op_margin": 0.4523040482342808,
      "fcf_margin": 0.39190353143841516,
      "incr_op_margin_yoy": 0.2516388993743704,
      "rev_growth_yoy": 0.6276666886305869,
      "rev_growth_yoy_accel": -0.7658216126627196,
      "op_leverage_ratio": 0.6490331491712706,
      "fcf_margin_change": -0.2763592064375824
    },
    {
      "date": "2022-09-30T00:00:00",
      "quarter_label": "2022-09 (Q3)",
      "revenue": 9361000,
      "gross_profit": 8238000,
      "operating_income": 5242000,
      "net_income": 4246000,
      "opex": 2996000,
      "cogs": 1123000,
      "rd": null,
      "sga": 2395000,
      "fcf": 2226000,
      "ocf": 2226000,
      "capex": null,
      "gross_margin": 0.8800341843820104,
      "op_margin": 0.5599829078089947,
      "fcf_margin": 0.23779510736032475,
      "incr_op_margin_yoy": 0.7142232046320056,
      "rev_growth_yoy": 0.3603370136497271,
      "rev_growth_yoy_accel": -0.26732967498085985,
      "fcf_margin_change": -0.15410842407809042
    },
    {
      "date": "2022-12-31T00:00:00",
      "quarter_label": "2022-12 (Q4)",
      "revenue": 4158000,
      "gross_profit": 8049000,
      "operating_income": 2782000,
      "net_income": 2718000,
      "opex": 5267000,
      "cogs": null,
      "rd": null,
      "sga": 4723000,
      "fcf": 5569000,
      "ocf": 5569000,
      "capex": null,
      "gross_margin": 1.9357864357864358,
      "op_margin": 0.669071669071669,
      "fcf_margin": 1.3393458393458393,
      "incr_op_margin_yoy": -0.42850960457646375,
      "rev_growth_yoy": -0.3857380428325838,
      "rev_growth_yoy_accel": -0.7460750564823109,
      "fcf_margin_change": 1.1015507319855145
    },
    {
      "date": "2023-03-31T00:00:00",
      "quarter_label": "2023-03 (Q1)",
      "revenue": 9857000,
      "gross_profit": null,
      "operating_income": 3316000,
      "net_income": 2630000,
      "opex": null,
      "cogs": null,
      "rd": null,
      "sga": 5844000,
      "fcf": 390000,
      "ocf": 390000,
      "capex": null,
      "gross_margin": null,
      "op_margin": 0.33641067261844376,
      "fcf_margin": 0.03956579080856244,
      "incr_op_margin_yoy": -0.3872663551401869,
      "rev_growth_yoy": 0.2101903007980356,
      "rev_growth_yoy_accel": 0.5959283436306194,
      "fcf_margin_change": -1.2997800485372768
    },
    {
      "date": "2023-06-30T00:00:00",
      "quarter_label": "2023-06 (Q2)",
      "revenue": 8990000,
      "gross_profit": null,
      "operating_income": 2665000,
      "net_income": 2008000,
      "opex": null,
      "cogs": null,
      "rd": null,
      "sga": 5625000,
      "fcf": -618000,
      "ocf": -618000,
      "capex": null,
      "gross_margin": null,
      "op_margin": 0.296440489432703,
      "fcf_margin": -0.06874304783092325,
      "rev_growth_yoy": -0.03208440999138674,
      "rev_growth_yoy_accel": -0.24227471078942234,
      "fcf_margin_change": -0.10830883863948569
    },
    {
      "date": "2023-09-30T00:00:00",
      "quarter_label": "2023-09 (Q3)",
      "revenue": 9271000,
      "gross_profit": null,
      "operating_income": 2218000,
      "net_income": 1483000,
      "opex": null,
      "cogs": null,
      "rd": null,
      "sga": 6354000,
      "fcf": 2013000,
      "ocf": 2013000,
      "capex": null,
      "gross_margin": null,
      "op_margin": 0.23924064286484736,
      "fcf_margin": 0.21712868083270412,
      "rev_growth_yoy": -0.009614357440444397,
      "rev_growth_yoy_accel": 0.02247005255094234,
      "fcf_margin_change": 0.28587172866362737
    },
    {
      "date": "2023-12-31T00:00:00",
      "quarter_label": "2023-12 (Q4)",
      "revenue": 9764000,
      "gross_profit": null,
      "operating_income": 2443000,
      "net_income": 15000,
      "opex": null,
      "cogs": null,
      "rd": null,
      "sga": 6624000,
      "fcf": 8836000,
      "ocf": 8836000,
      "capex": null,
      "gross_margin": null,
      "op_margin": 0.25020483408439165,
      "fcf_margin": 0.9049569848422777,
      "incr_op_margin_yoy": -0.060470924009989296,
      "rev_growth_yoy": 1.3482443482443482,
      "rev_growth_yoy_accel": 1.3578587056847926,
      "fcf_margin_change": 0.6878283040095736
    },
    {
      "date": "2024-03-31T00:00:00",
      "quarter_label": "2024-03 (Q1)",
      "revenue": 8419000,
      "gross_profit": null,
      "operating_income": 2102000,
      "net_income": 1619000,
      "opex": null,
      "cogs": null,
      "rd": null,
      "sga": 5619000,
      "fcf": -967000,
      "ocf": -967000,
      "capex": null,
      "gross_margin": null,
      "op_margin": 0.2496733578809835,
      "fcf_margin": -0.11485924694144198,
      "incr_op_margin_yoy": 0.8442280945757997,
      "rev_growth_yoy": -0.14588617226336614,
      "rev_growth_yoy_accel": -1.4941305205077144,
      "fcf_margin_change": -1.0198162317837196
    },
    {
      "date": "2024-06-30T00:00:00",
      "quarter_label": "2024-06 (Q2)",
      "revenue": 8680000,
      "gross_profit": null,
      "operating_income": 2695000,
      "net_income": 2039000,
      "opex": null,
      "cogs": null,
      "rd": null,
      "sga": 5288000,
      "fcf": 188000,
      "ocf": 188000,
      "capex": null,
      "gross_margin": null,
      "op_margin": 0.31048387096774194,
      "fcf_margin": 0.02165898617511521,
      "rev_growth_yoy": -0.034482758620689655,
      "rev_growth_yoy_accel": 0.11140341364267649,
      "fcf_margin_change": 0.1365182331165572
    },
    {
      "date": "2024-09-30T00:00:00",
      "quarter_label": "2024-09 (Q3)",
      "revenue": 9416000,
      "gross_profit": null,
      "operating_income": -2695000,
      "net_income": -2207000,
      "opex": null,
      "cogs": null,
      "rd": null,
      "sga": 5379000,
      "fcf": 4161000,
      "ocf": 4161000,
      "capex": null,
      "gross_margin": null,
      "op_margin": -0.286214953271028,
      "fcf_margin": 0.4419073916737468,
      "rev_growth_yoy": 0.015640168266637902,
      "rev_growth_yoy_accel": 0.05012292688732756,
      "fcf_margin_change": 0.4202484054986316
    },
    {
      "date": "2024-12-31T00:00:00",
      "quarter_label": "2024-12 (Q4)",
      "revenue": 8083000,
      "gross_profit": null,
      "operating_income": 2266000,
      "net_income": 2221000,
      "opex": null,
      "cogs": null,
      "rd": null,
      "sga": 5120000,
      "fcf": 8657000,
      "ocf": 8657000,
      "capex": null,
      "gross_margin": null,
      "op_margin": 0.28034145737968574,
      "fcf_margin": 1.071013237659285,
      "incr_op_margin_yoy": 0.10529446757882213,
      "rev_growth_yoy": -0.17216304793117576,
      "rev_growth_yoy_accel": -0.18780321619781365,
      "fcf_margin_change": 0.6291058459855381
    },
    {
      "date": "2025-03-31T00:00:00",
      "quarter_label": "2025-03 (Q1)",
      "revenue": 7472000,
      "gross_profit": null,
      "operating_income": 1483000,
      "net_income": 1363000,
      "opex": null,
      "cogs": null,
      "rd": null,
      "sga": 5255000,
      "fcf": 1854000,
      "ocf": 1854000,
      "capex": null,
      "gross_margin": null,
      "op_margin": 0.19847430406852248,
      "fcf_margin": 0.24812633832976447,
      "rev_growth_yoy": -0.11248366789404918,
      "rev_growth_yoy_accel": 0.059679380037126584,
      "fcf_margin_change": -0.8228868993295204
    },
    {
      "date": "2025-06-30T00:00:00",
      "quarter_label": "2025-06 (Q2)",
      "revenue": 7638000,
      "gross_profit": null,
      "operating_income": 1043000,
      "net_income": 1060000,
      "opex": null,
      "cogs": null,
      "rd": null,
      "sga": 5861000,
      "fcf": 2557000,
      "ocf": 2557000,
      "capex": null,
      "gross_margin": null,
      "op_margin": 0.1365540717465305,
      "fcf_margin": 0.3347735009164703,
      "incr_op_margin_yoy": 1.5854126679462572,
      "rev_growth_yoy": -0.12004608294930876,
      "rev_growth_yoy_accel": -0.007562415055259578,
      "fcf_margin_change": 0.08664716258670582
    },
    {
      "date": "2025-09-30T00:00:00",
      "quarter_label": "2025-09 (Q3)",
      "revenue": 8497000,
      "gross_profit": null,
      "operating_income": 2445000,
      "net_income": 2304000,
      "opex": null,
      "cogs": null,
      "rd": null,
      "sga": 5070000,
      "fcf": 1035000,
      "ocf": 1035000,
      "capex": null,
      "gross_margin": null,
      "op_margin": 0.2877486171589973,
      "fcf_margin": 0.12180769683417676,
      "rev_growth_yoy": -0.0975998300764656,
      "rev_growth_yoy_accel": 0.02244625287284316,
      "fcf_margin_change": -0.21296580408229354
    }
  ],
  "signals": [
    {
      "quarter": "2025-09 (Q3)",
      "signal": "OP MARGIN TURNED POSITIVE (YoY)",
      "detail": "Op margin: -28.6% (year-ago) -> +28.8%",
      "severity": "HIGH"
    },
    {
      "quarter": "2025-06 (Q2)",
      "signal": "FCF MARGIN EXPANSION",
      "detail": "FCF margin: +24.8% -> +33.5% (+8.7%)",
      "severity": "MEDIUM"
    },
    {
      "quarter": "2025-06 (Q2)",
      "signal": "INCREMENTAL MARGIN (YoY)",
      "detail": "YoY Incr OPM: +158.5% vs year-ago OPM: +31.0%",
      "severity": "HIGH"
    },
    {
      "quarter": "2025-03 (Q1)",
      "signal": "YoY REVENUE GROWTH ACCELERATION",
      "detail": "YoY growth: -11.2% vs prior quarter YoY: -17.2% (accel: +6.0%)",
      "severity": "MEDIUM"
    },
    {
      "quarter": "2024-12 (Q4)",
      "signal": "FCF MARGIN EXPANSION",
      "detail": "FCF margin: +44.2% -> +107.1% (+62.9%)",
      "severity": "MEDIUM"
    },
    {
      "quarter": "2024-12 (Q4)",
      "signal": "YoY REVENUE GROWTH DECELERATION",
      "detail": "YoY growth: -17.2% vs prior quarter YoY: +1.6% (decel: -18.8%)",
      "severity": "WARNING"
    },
    {
      "quarter": "2024-12 (Q4)",
      "signal": "OP MARGIN TURNED POSITIVE (QoQ)",
      "detail": "Op margin: -28.6% -> +28.0%",
      "severity": "HIGH"
    },
    {
      "quarter": "2024-09 (Q3)",
      "signal": "FCF MARGIN EXPANSION",
      "detail": "FCF margin: +2.2% -> +44.2% (+42.0%)",
      "severity": "MEDIUM"
    },
    {
      "quarter": "2024-09 (Q3)",
      "signal": "YoY REVENUE GROWTH ACCELERATION",
      "detail": "YoY growth: +1.6% vs prior quarter YoY: -3.4% (accel: +5.0%)",
      "severity": "MEDIUM"
    },
    {
      "quarter": "2024-06 (Q2)",
      "signal": "FCF TURNED POSITIVE",
      "detail": "FCF margin: -11.5% -> +2.2%",
      "severity": "HIGH"
    },
    {
      "quarter": "2024-06 (Q2)",
      "signal": "YoY REVENUE GROWTH ACCELERATION",
      "detail": "YoY growth: -3.4% vs prior quarter YoY: -14.6% (accel: +11.1%)",
      "severity": "MEDIUM"
    },
    {
      "quarter": "2024-03 (Q1)",
      "signal": "YoY REVENUE GROWTH DECELERATION",
      "detail": "YoY growth: -14.6% vs prior quarter YoY: +134.8% (decel: -149.4%)",
      "severity": "WARNING"
    },
    {
      "quarter": "2024-03 (Q1)",
      "signal": "INCREMENTAL MARGIN (YoY)",
      "detail": "YoY Incr OPM: +84.4% vs year-ago OPM: +33.6%",
      "severity": "HIGH"
    },
    {
      "quarter": "2023-12 (Q4)",
      "signal": "FCF MARGIN EXPANSION",
      "detail": "FCF margin: +21.7% -> +90.5% (+68.8%)",
      "severity": "MEDIUM"
    },
    {
      "quarter": "2023-12 (Q4)",
      "signal": "YoY REVENUE GROWTH ACCELERATION",
      "detail": "YoY growth: +134.8% vs prior quarter YoY: -1.0% (accel: +135.8%)",
      "severity": "HIGH"
    },
    {
      "quarter": "2023-09 (Q3)",
      "signal": "FCF TURNED POSITIVE",
      "detail": "FCF margin: -6.9% -> +21.7%",
      "severity": "HIGH"
    },
    {
      "quarter": "2023-06 (Q2)",
      "signal": "YoY REVENUE GROWTH DECELERATION",
      "detail": "YoY growth: -3.2% vs prior quarter YoY: +21.0% (decel: -24.2%)",
      "severity": "WARNING"
    },
    {
      "quarter": "2023-03 (Q1)",
      "signal": "YoY REVENUE GROWTH ACCELERATION",
      "detail": "YoY growth: +21.0% vs prior quarter YoY: -38.6% (accel: +59.6%)",
      "severity": "HIGH"
    },
    {
      "quarter": "2022-12 (Q4)",
      "signal": "FCF MARGIN EXPANSION",
      "detail": "FCF margin: +23.8% -> +133.9% (+110.2%)",
      "severity": "MEDIUM"
    },
    {
      "quarter": "2022-12 (Q4)",
      "signal": "GROSS MARGIN INFLECTION",
      "detail": "GM: +89.8% -> +88.0% -> +193.6% (reversal +105.6%)",
      "severity": "HIGH"
    },
    {
      "quarter": "2022-12 (Q4)",
      "signal": "YoY REVENUE GROWTH DECELERATION",
      "detail": "YoY growth: -38.6% vs prior quarter YoY: +36.0% (decel: -74.6%)",
      "severity": "WARNING"
    },
    {
      "quarter": "2022-09 (Q3)",
      "signal": "YoY REVENUE GROWTH DECELERATION",
      "detail": "YoY growth: +36.0% vs prior quarter YoY: +62.8% (decel: -26.7%)",
      "severity": "WARNING"
    },
    {
      "quarter": "2022-09 (Q3)",
      "signal": "INCREMENTAL MARGIN (YoY)",
      "detail": "YoY Incr OPM: +71.4% vs year-ago OPM: +50.4%",
      "severity": "HIGH"
    },
    {
      "quarter": "2022-06 (Q2)",
      "signal": "YoY REVENUE GROWTH DECELERATION",
      "detail": "YoY growth: +62.8% vs prior quarter YoY: +139.3% (decel: -76.6%)",
      "severity": "WARNING"
    },
    {
      "quarter": "2022-03 (Q1)",
      "signal": "FCF MARGIN EXPANSION",
      "detail": "FCF margin: +37.8% -> +66.8% (+29.0%)",
      "severity": "MEDIUM"
    },
    {
      "quarter": "2022-03 (Q1)",
      "signal": "YoY REVENUE GROWTH ACCELERATION",
      "detail": "YoY growth: +139.3% vs prior quarter YoY: +98.8% (accel: +40.6%)",
      "severity": "HIGH"
    },
    {
      "quarter": "2022-03 (Q1)",
      "signal": "OP MARGIN TURNED POSITIVE (YoY)",
      "detail": "Op margin: -22.7% (year-ago) -> +48.9%",
      "severity": "HIGH"
    },
    {
      "quarter": "2021-09 (Q3)",
      "signal": "FCF TURNED POSITIVE",
      "detail": "FCF margin: -9.4% -> +50.7%",
      "severity": "HIGH"
    },
    {
      "quarter": "2021-06 (Q2)",
      "signal": "OP MARGIN TURNED POSITIVE (QoQ)",
      "detail": "Op margin: -22.7% -> +57.8%",
      "severity": "HIGH"
    },
    {
      "quarter": "2021-03 (Q1)",
      "signal": "FCF MARGIN EXPANSION",
      "detail": "FCF margin: +115.7% -> +348.6% (+232.9%)",
      "severity": "MEDIUM"
    }
  ],
  "data_quality": {
    "n_quarters": 20,
    "coverage": {
      "revenue": [
        20,
        20
      ],
      "gross_profit": [
        9,
        20
      ],
      "op_income": [
        20,
        20
      ],
      "fcf": [
        20,
        20
      ]
    },
    "gaps": [],
    "warnings": [
      "gross_profit: 9/20Q"
    ]
  },
  "market_cap": null,
  "source": "SEC EDGAR",
  "last_updated": "2026-02-02T23:08:15.007179"
}