{
  "ticker": "HR",
  "name": "HEALTHCARE REALTY TRUST INCORPORATED",
  "quarters": [
    {
      "date": "2020-12-31T00:00:00",
      "quarter_label": "2020-12 (Q4)",
      "revenue": 187018000,
      "gross_profit": null,
      "operating_income": null,
      "net_income": 28055000,
      "opex": 166510000,
      "cogs": null,
      "rd": null,
      "sga": null,
      "fcf": 200421000,
      "ocf": 200421000,
      "capex": null,
      "gross_margin": null,
      "op_margin": null,
      "fcf_margin": 1.0716668983734186
    },
    {
      "date": "2021-03-31T00:00:00",
      "quarter_label": "2021-03 (Q1)",
      "revenue": 191493000,
      "gross_profit": null,
      "operating_income": null,
      "net_income": 22030000,
      "opex": 169495000,
      "cogs": null,
      "rd": null,
      "sga": null,
      "fcf": 65353000,
      "ocf": 65353000,
      "capex": null,
      "gross_margin": null,
      "op_margin": null,
      "fcf_margin": 0.34128140454220257,
      "op_leverage_ratio": 1.3347674790052815,
      "fcf_margin_change": -0.730385493831216
    },
    {
      "date": "2021-06-30T00:00:00",
      "quarter_label": "2021-06 (Q2)",
      "revenue": 188615000,
      "gross_profit": null,
      "operating_income": null,
      "net_income": 38011000,
      "opex": 183339000,
      "cogs": null,
      "rd": null,
      "sga": null,
      "fcf": 125574000,
      "ocf": 125574000,
      "capex": null,
      "gross_margin": null,
      "op_margin": null,
      "fcf_margin": 0.665768894308512,
      "fcf_margin_change": 0.3244874897663095
    },
    {
      "date": "2021-09-30T00:00:00",
      "quarter_label": "2021-09 (Q3)",
      "revenue": 191262000,
      "gross_profit": null,
      "operating_income": null,
      "net_income": 21672000,
      "opex": 169857000,
      "cogs": null,
      "rd": null,
      "sga": null,
      "fcf": -20672000,
      "ocf": -20672000,
      "capex": null,
      "gross_margin": null,
      "op_margin": null,
      "fcf_margin": -0.10808210726647217,
      "op_leverage_ratio": Infinity,
      "fcf_margin_change": -0.7738510015749842
    },
    {
      "date": "2021-12-31T00:00:00",
      "quarter_label": "2021-12 (Q4)",
      "revenue": 195703000,
      "gross_profit": null,
      "operating_income": null,
      "net_income": 16303000,
      "opex": 183809000,
      "cogs": null,
      "rd": null,
      "sga": null,
      "fcf": 62374000,
      "ocf": 62374000,
      "capex": null,
      "gross_margin": null,
      "op_margin": null,
      "fcf_margin": 0.3187176486819313,
      "rev_growth_yoy": 0.04643938016661498,
      "op_leverage_ratio": 0.2826825902253156,
      "fcf_margin_change": 0.42679975594840347
    },
    {
      "date": "2022-03-31T00:00:00",
      "quarter_label": "2022-03 (Q1)",
      "revenue": 202002000,
      "gross_profit": null,
      "operating_income": null,
      "net_income": 18315000,
      "opex": 183820000,
      "cogs": null,
      "rd": null,
      "sga": null,
      "fcf": 43771000,
      "ocf": 43771000,
      "capex": null,
      "gross_margin": null,
      "op_margin": null,
      "fcf_margin": 0.2166859734062039,
      "rev_growth_yoy": 0.054879290626811426,
      "rev_growth_yoy_accel": 0.008439910460196445,
      "op_leverage_ratio": Infinity,
      "fcf_margin_change": -0.1020316752757274
    },
    {
      "date": "2022-06-30T00:00:00",
      "quarter_label": "2022-06 (Q2)",
      "revenue": 145327000,
      "gross_profit": null,
      "operating_income": null,
      "net_income": 6130000,
      "opex": 182631000,
      "cogs": null,
      "rd": null,
      "sga": null,
      "fcf": 70350000,
      "ocf": 70350000,
      "capex": null,
      "gross_margin": null,
      "op_margin": null,
      "fcf_margin": 0.4840807282886181,
      "rev_growth_yoy": -0.22950454629801448,
      "rev_growth_yoy_accel": -0.2843838369248259,
      "fcf_margin_change": 0.26739475488241415
    },
    {
      "date": "2022-09-30T00:00:00",
      "quarter_label": "2022-09 (Q3)",
      "revenue": 306354000,
      "gross_profit": null,
      "operating_income": null,
      "net_income": 28304000,
      "opex": null,
      "cogs": null,
      "rd": null,
      "sga": null,
      "fcf": 12538000,
      "ocf": 12538000,
      "capex": null,
      "gross_margin": null,
      "op_margin": null,
      "fcf_margin": 0.04092650985461264,
      "rev_growth_yoy": 0.6017504784013552,
      "rev_growth_yoy_accel": 0.8312550246993697,
      "fcf_margin_change": -0.44315421843400543
    },
    {
      "date": "2022-12-31T00:00:00",
      "quarter_label": "2022-12 (Q4)",
      "revenue": 338062000,
      "gross_profit": null,
      "operating_income": null,
      "net_income": -35764000,
      "opex": null,
      "cogs": null,
      "rd": null,
      "sga": null,
      "fcf": 146088000,
      "ocf": 146088000,
      "capex": null,
      "gross_margin": null,
      "op_margin": null,
      "fcf_margin": 0.4321337506137927,
      "rev_growth_yoy": 0.7274236981548571,
      "rev_growth_yoy_accel": 0.12567321975350187,
      "fcf_margin_change": 0.39120724075918006
    },
    {
      "date": "2023-03-31T00:00:00",
      "quarter_label": "2023-03 (Q1)",
      "revenue": 332925000,
      "gross_profit": null,
      "operating_income": null,
      "net_income": -87125000,
      "opex": null,
      "cogs": null,
      "rd": null,
      "sga": null,
      "fcf": 69190000,
      "ocf": 69190000,
      "capex": null,
      "gross_margin": null,
      "op_margin": null,
      "fcf_margin": 0.20782458511676805,
      "rev_growth_yoy": 0.6481272462648885,
      "rev_growth_yoy_accel": -0.07929645188996859,
      "fcf_margin_change": -0.22430916549702468
    },
    {
      "date": "2023-06-30T00:00:00",
      "quarter_label": "2023-06 (Q2)",
      "revenue": 338143000,
      "gross_profit": null,
      "operating_income": null,
      "net_income": -82759000,
      "opex": null,
      "cogs": null,
      "rd": null,
      "sga": null,
      "fcf": 185132000,
      "ocf": 185132000,
      "capex": null,
      "gross_margin": null,
      "op_margin": null,
      "fcf_margin": 0.5474961776526499,
      "rev_growth_yoy": 1.3267734144377852,
      "rev_growth_yoy_accel": 0.6786461681728967,
      "fcf_margin_change": 0.33967159253588186
    },
    {
      "date": "2023-09-30T00:00:00",
      "quarter_label": "2023-09 (Q3)",
      "revenue": 342260000,
      "gross_profit": null,
      "operating_income": null,
      "net_income": -67844000,
      "opex": null,
      "cogs": null,
      "rd": null,
      "sga": null,
      "fcf": 118182000,
      "ocf": 118182000,
      "capex": null,
      "gross_margin": null,
      "op_margin": null,
      "fcf_margin": 0.3452988955764623,
      "rev_growth_yoy": 0.11720428001592928,
      "rev_growth_yoy_accel": -1.209569134421856,
      "fcf_margin_change": -0.2021972820761876
    },
    {
      "date": "2023-12-31T00:00:00",
      "quarter_label": "2023-12 (Q4)",
      "revenue": 330441000,
      "gross_profit": null,
      "operating_income": null,
      "net_income": -40533000,
      "opex": null,
      "cogs": null,
      "rd": null,
      "sga": null,
      "fcf": 127316000,
      "ocf": 127316000,
      "capex": null,
      "gross_margin": null,
      "op_margin": null,
      "fcf_margin": 0.38529117149506265,
      "rev_growth_yoy": -0.022543202134519703,
      "rev_growth_yoy_accel": -0.139747482150449,
      "fcf_margin_change": 0.03999227591860033
    },
    {
      "date": "2024-03-31T00:00:00",
      "quarter_label": "2024-03 (Q1)",
      "revenue": 326805000,
      "gross_profit": null,
      "operating_income": null,
      "net_income": -310836000,
      "opex": null,
      "cogs": null,
      "rd": null,
      "sga": null,
      "fcf": 76152000,
      "ocf": 76152000,
      "capex": null,
      "gross_margin": null,
      "op_margin": null,
      "fcf_margin": 0.23301969064120806,
      "rev_growth_yoy": -0.018382518585266953,
      "rev_growth_yoy_accel": 0.004160683549252749,
      "fcf_margin_change": -0.15227148085385458
    },
    {
      "date": "2024-06-30T00:00:00",
      "quarter_label": "2024-06 (Q2)",
      "revenue": 316322000,
      "gross_profit": null,
      "operating_income": null,
      "net_income": -143780000,
      "opex": null,
      "cogs": null,
      "rd": null,
      "sga": null,
      "fcf": 168152000,
      "ocf": 168152000,
      "capex": null,
      "gross_margin": null,
      "op_margin": null,
      "fcf_margin": 0.5315849039902378,
      "rev_growth_yoy": -0.06453186965278003,
      "rev_growth_yoy_accel": -0.04614935106751308,
      "fcf_margin_change": 0.29856521334902975
    },
    {
      "date": "2024-09-30T00:00:00",
      "quarter_label": "2024-09 (Q3)",
      "revenue": 315423000,
      "gross_profit": null,
      "operating_income": null,
      "net_income": -93023000,
      "opex": null,
      "cogs": null,
      "rd": null,
      "sga": null,
      "fcf": 119301000,
      "ocf": 119301000,
      "capex": null,
      "gross_margin": null,
      "op_margin": null,
      "fcf_margin": 0.37822543061222547,
      "rev_growth_yoy": -0.07841114941857068,
      "rev_growth_yoy_accel": -0.013879279765790647,
      "fcf_margin_change": -0.15335947337801237
    },
    {
      "date": "2024-12-31T00:00:00",
      "quarter_label": "2024-12 (Q4)",
      "revenue": 309766000,
      "gross_profit": null,
      "operating_income": null,
      "net_income": -106846000,
      "opex": null,
      "cogs": null,
      "rd": null,
      "sga": null,
      "fcf": 138012000,
      "ocf": 138012000,
      "capex": null,
      "gross_margin": null,
      "op_margin": null,
      "fcf_margin": 0.4455363080518843,
      "rev_growth_yoy": -0.06256790168290255,
      "rev_growth_yoy_accel": 0.01584324773566813,
      "fcf_margin_change": 0.06731087743965886
    },
    {
      "date": "2025-03-31T00:00:00",
      "quarter_label": "2025-03 (Q1)",
      "revenue": 298977000,
      "gross_profit": null,
      "operating_income": null,
      "net_income": -44873000,
      "opex": null,
      "cogs": null,
      "rd": null,
      "sga": null,
      "fcf": 47788000,
      "ocf": 47788000,
      "capex": null,
      "gross_margin": null,
      "op_margin": null,
      "fcf_margin": 0.15983838221669225,
      "rev_growth_yoy": -0.085151695965484,
      "rev_growth_yoy_accel": -0.02258379428258145,
      "fcf_margin_change": -0.28569792583519205
    },
    {
      "date": "2025-06-30T00:00:00",
      "quarter_label": "2025-06 (Q2)",
      "revenue": 297502000,
      "gross_profit": null,
      "operating_income": null,
      "net_income": -157851000,
      "opex": null,
      "cogs": null,
      "rd": null,
      "sga": null,
      "fcf": 163215000,
      "ocf": 163215000,
      "capex": null,
      "gross_margin": null,
      "op_margin": null,
      "fcf_margin": 0.5486181605501812,
      "rev_growth_yoy": -0.05949633601203837,
      "rev_growth_yoy_accel": 0.02565535995344563,
      "fcf_margin_change": 0.388779778333489
    },
    {
      "date": "2025-09-30T00:00:00",
      "quarter_label": "2025-09 (Q3)",
      "revenue": 297765000,
      "gross_profit": null,
      "operating_income": null,
      "net_income": -57738000,
      "opex": null,
      "cogs": null,
      "rd": null,
      "sga": null,
      "fcf": 113753000,
      "ocf": 113753000,
      "capex": null,
      "gross_margin": null,
      "op_margin": null,
      "fcf_margin": 0.38202273605024095,
      "rev_growth_yoy": -0.05598196707278797,
      "rev_growth_yoy_accel": 0.0035143689392503966,
      "fcf_margin_change": -0.16659542449994025
    }
  ],
  "signals": [
    {
      "quarter": "2025-06 (Q2)",
      "signal": "FCF MARGIN EXPANSION",
      "detail": "FCF margin: +16.0% -> +54.9% (+38.9%)",
      "severity": "MEDIUM"
    },
    {
      "quarter": "2024-12 (Q4)",
      "signal": "FCF MARGIN EXPANSION",
      "detail": "FCF margin: +37.8% -> +44.6% (+6.7%)",
      "severity": "MEDIUM"
    },
    {
      "quarter": "2024-06 (Q2)",
      "signal": "FCF MARGIN EXPANSION",
      "detail": "FCF margin: +23.3% -> +53.2% (+29.9%)",
      "severity": "MEDIUM"
    },
    {
      "quarter": "2023-12 (Q4)",
      "signal": "YoY REVENUE GROWTH DECELERATION",
      "detail": "YoY growth: -2.3% vs prior quarter YoY: +11.7% (decel: -14.0%)",
      "severity": "WARNING"
    },
    {
      "quarter": "2023-09 (Q3)",
      "signal": "YoY REVENUE GROWTH DECELERATION",
      "detail": "YoY growth: +11.7% vs prior quarter YoY: +132.7% (decel: -121.0%)",
      "severity": "WARNING"
    },
    {
      "quarter": "2023-06 (Q2)",
      "signal": "FCF MARGIN EXPANSION",
      "detail": "FCF margin: +20.8% -> +54.7% (+34.0%)",
      "severity": "MEDIUM"
    },
    {
      "quarter": "2023-06 (Q2)",
      "signal": "YoY REVENUE GROWTH ACCELERATION",
      "detail": "YoY growth: +132.7% vs prior quarter YoY: +64.8% (accel: +67.9%)",
      "severity": "HIGH"
    },
    {
      "quarter": "2023-03 (Q1)",
      "signal": "YoY REVENUE GROWTH DECELERATION",
      "detail": "YoY growth: +64.8% vs prior quarter YoY: +72.7% (decel: -7.9%)",
      "severity": "WARNING"
    },
    {
      "quarter": "2022-12 (Q4)",
      "signal": "FCF MARGIN EXPANSION",
      "detail": "FCF margin: +4.1% -> +43.2% (+39.1%)",
      "severity": "MEDIUM"
    },
    {
      "quarter": "2022-12 (Q4)",
      "signal": "YoY REVENUE GROWTH ACCELERATION",
      "detail": "YoY growth: +72.7% vs prior quarter YoY: +60.2% (accel: +12.6%)",
      "severity": "MEDIUM"
    },
    {
      "quarter": "2022-09 (Q3)",
      "signal": "YoY REVENUE GROWTH ACCELERATION",
      "detail": "YoY growth: +60.2% vs prior quarter YoY: -23.0% (accel: +83.1%)",
      "severity": "HIGH"
    },
    {
      "quarter": "2022-06 (Q2)",
      "signal": "FCF MARGIN EXPANSION",
      "detail": "FCF margin: +21.7% -> +48.4% (+26.7%)",
      "severity": "MEDIUM"
    },
    {
      "quarter": "2022-06 (Q2)",
      "signal": "YoY REVENUE GROWTH DECELERATION",
      "detail": "YoY growth: -23.0% vs prior quarter YoY: +5.5% (decel: -28.4%)",
      "severity": "WARNING"
    },
    {
      "quarter": "2022-03 (Q1)",
      "signal": "OPERATING LEVERAGE",
      "detail": "Rev growth +3.2% vs OpEx growth +0.0% (leverage: 537.8x)",
      "severity": "MEDIUM"
    },
    {
      "quarter": "2021-12 (Q4)",
      "signal": "FCF TURNED POSITIVE",
      "detail": "FCF margin: -10.8% -> +31.9%",
      "severity": "HIGH"
    },
    {
      "quarter": "2021-06 (Q2)",
      "signal": "FCF MARGIN EXPANSION",
      "detail": "FCF margin: +34.1% -> +66.6% (+32.4%)",
      "severity": "MEDIUM"
    }
  ],
  "data_quality": {
    "n_quarters": 20,
    "coverage": {
      "revenue": [
        20,
        20
      ],
      "gross_profit": [
        0,
        20
      ],
      "op_income": [
        0,
        20
      ],
      "fcf": [
        20,
        20
      ]
    },
    "gaps": [],
    "warnings": [
      "gross_profit: no data",
      "op_income: no data"
    ]
  },
  "market_cap": null,
  "source": "SEC EDGAR",
  "last_updated": "2026-02-02T20:56:52.598115"
}