{
  "ticker": "HRB",
  "name": "H&R BLOCK, INC.",
  "quarters": [
    {
      "date": "2021-01-31T00:00:00",
      "quarter_label": "2021-01 (Q1)",
      "revenue": 308227000,
      "gross_profit": -72046000,
      "operating_income": null,
      "net_income": -232994000,
      "opex": 571761000,
      "cogs": 380273000,
      "rd": null,
      "sga": 191488000,
      "fcf": -667352000,
      "ocf": -645940000,
      "capex": -21412000,
      "gross_margin": -0.23374331255860128,
      "op_margin": null,
      "fcf_margin": -2.1651315426617397
    },
    {
      "date": "2021-03-31T00:00:00",
      "quarter_label": "2021-03 (Q1)",
      "revenue": 1983564000,
      "gross_profit": 1188070000,
      "operating_income": null,
      "net_income": 758247000,
      "opex": 1132327000,
      "cogs": 795494000,
      "rd": null,
      "sga": 336833000,
      "fcf": 1194727000,
      "ocf": 1204196000,
      "capex": -9469000,
      "gross_margin": 0.5989572305204168,
      "op_margin": null,
      "fcf_margin": 0.6023133107880563,
      "op_leverage_ratio": 5.54394963838515,
      "fcf_margin_change": 2.767444853449796
    },
    {
      "date": "2021-04-30T00:00:00",
      "quarter_label": "2021-04 (Q2)",
      "revenue": 2328180000,
      "gross_profit": 1426452000,
      "operating_income": null,
      "net_income": 949252000,
      "opex": 1242628000,
      "cogs": 901728000,
      "rd": null,
      "sga": 340900000,
      "fcf": 1529811000,
      "ocf": 1534607000,
      "capex": -4796000,
      "gross_margin": 0.6126897404839832,
      "op_margin": null,
      "fcf_margin": 0.6570845037754813,
      "op_leverage_ratio": 1.7835349856901426,
      "fcf_margin_change": 0.054771192987425055
    },
    {
      "date": "2021-09-30T00:00:00",
      "quarter_label": "2021-09 (Q3)",
      "revenue": 192624000,
      "gross_profit": -48908000,
      "operating_income": null,
      "net_income": -151601000,
      "opex": 367396000,
      "cogs": 241532000,
      "rd": null,
      "sga": 125864000,
      "fcf": -328244000,
      "ocf": -312624000,
      "capex": -15620000,
      "gross_margin": -0.2539039787357754,
      "op_margin": null,
      "fcf_margin": -1.7040659523216215,
      "fcf_margin_change": -2.3611504560971026
    },
    {
      "date": "2021-12-31T00:00:00",
      "quarter_label": "2021-12 (Q4)",
      "revenue": 158816000,
      "gross_profit": -130507000,
      "operating_income": null,
      "net_income": -190605000,
      "opex": 436116000,
      "cogs": 289323000,
      "rd": null,
      "sga": 146793000,
      "fcf": -624698000,
      "ocf": -600947000,
      "capex": -23751000,
      "gross_margin": -0.8217496977634495,
      "op_margin": null,
      "fcf_margin": -3.93347017932702,
      "rev_growth_yoy": -0.48474338717892984,
      "fcf_margin_change": -2.2294042270053986
    },
    {
      "date": "2022-03-31T00:00:00",
      "quarter_label": "2022-03 (Q1)",
      "revenue": 2061757000,
      "gross_profit": 1230302000,
      "operating_income": null,
      "net_income": 673177000,
      "opex": 1176392000,
      "cogs": 831455000,
      "rd": null,
      "sga": 344937000,
      "fcf": 1273352000,
      "ocf": 1286699000,
      "capex": -13347000,
      "gross_margin": 0.5967250262761324,
      "op_margin": null,
      "fcf_margin": 0.6176052755004591,
      "rev_growth_yoy": 0.03942045731824131,
      "rev_growth_yoy_accel": 0.5241638444971711,
      "op_leverage_ratio": 7.058938860100337,
      "fcf_margin_change": 4.55107545482748
    },
    {
      "date": "2022-06-30T00:00:00",
      "quarter_label": "2022-06 (Q2)",
      "revenue": 1050073000,
      "gross_profit": 531121000,
      "operating_income": null,
      "net_income": 222703000,
      "opex": 738469000,
      "cogs": 518952000,
      "rd": null,
      "sga": 219517000,
      "fcf": 426172000,
      "ocf": 435409000,
      "capex": -9237000,
      "gross_margin": 0.5057943590588464,
      "op_margin": null,
      "fcf_margin": 0.4058498790084118,
      "fcf_margin_change": -0.21175539649204728
    },
    {
      "date": "2022-09-30T00:00:00",
      "quarter_label": "2022-09 (Q3)",
      "revenue": 179985000,
      "gross_profit": -80677000,
      "operating_income": null,
      "net_income": -168421000,
      "opex": 389096000,
      "cogs": 260662000,
      "rd": null,
      "sga": 128434000,
      "fcf": -337827000,
      "ocf": -321666000,
      "capex": -16161000,
      "gross_margin": -0.4482429091313165,
      "op_margin": null,
      "fcf_margin": -1.8769730810900909,
      "rev_growth_yoy": -0.06561487665088463,
      "fcf_margin_change": -2.282822960098503
    },
    {
      "date": "2022-12-31T00:00:00",
      "quarter_label": "2022-12 (Q4)",
      "revenue": 166405000,
      "gross_profit": -131940000,
      "operating_income": null,
      "net_income": -223579000,
      "opex": 449608000,
      "cogs": 298345000,
      "rd": null,
      "sga": 151263000,
      "fcf": -484126000,
      "ocf": -458792000,
      "capex": -25334000,
      "gross_margin": -0.7928848291818155,
      "op_margin": null,
      "fcf_margin": -2.9093236381118355,
      "rev_growth_yoy": 0.04778485794882128,
      "rev_growth_yoy_accel": 0.1133997345997059,
      "fcf_margin_change": -1.0323505570217446
    },
    {
      "date": "2023-03-31T00:00:00",
      "quarter_label": "2023-03 (Q1)",
      "revenue": 2093649000,
      "gross_profit": 1209963000,
      "operating_income": null,
      "net_income": 643429000,
      "opex": 1229147000,
      "cogs": 883686000,
      "rd": null,
      "sga": 345461000,
      "fcf": 1263678000,
      "ocf": 1278844000,
      "capex": -15166000,
      "gross_margin": 0.5779206543217129,
      "op_margin": null,
      "fcf_margin": 0.603576817317516,
      "rev_growth_yoy": 0.015468360238379207,
      "rev_growth_yoy_accel": -0.03231649771044207,
      "op_leverage_ratio": 6.679846971145796,
      "fcf_margin_change": 3.5129004554293513
    },
    {
      "date": "2023-06-30T00:00:00",
      "quarter_label": "2023-06 (Q2)",
      "revenue": 1032146000,
      "gross_profit": 551387000,
      "operating_income": null,
      "net_income": 302271000,
      "opex": 655636000,
      "cogs": 480759000,
      "rd": null,
      "sga": 174877000,
      "fcf": 310418000,
      "ocf": 323455000,
      "capex": -13037000,
      "gross_margin": 0.5342141518738628,
      "op_margin": null,
      "fcf_margin": 0.3007500876813939,
      "rev_growth_yoy": -0.017072146412677975,
      "rev_growth_yoy_accel": -0.032540506651057184,
      "fcf_margin_change": -0.3028267296361221
    },
    {
      "date": "2023-09-30T00:00:00",
      "quarter_label": "2023-09 (Q3)",
      "revenue": 183800000,
      "gross_profit": -75558000,
      "operating_income": null,
      "net_income": -163482000,
      "opex": 390126000,
      "cogs": 259358000,
      "rd": null,
      "sga": 130768000,
      "fcf": -347905000,
      "ocf": -334989000,
      "capex": -12916000,
      "gross_margin": -0.4110881392818281,
      "op_margin": null,
      "fcf_margin": -1.8928454842219804,
      "rev_growth_yoy": 0.021196210795344058,
      "rev_growth_yoy_accel": 0.03826835720802203,
      "fcf_margin_change": -2.193595571903374
    },
    {
      "date": "2023-12-31T00:00:00",
      "quarter_label": "2023-12 (Q4)",
      "revenue": 179083000,
      "gross_profit": -120744000,
      "operating_income": null,
      "net_income": -189755000,
      "opex": 446515000,
      "cogs": 299827000,
      "rd": null,
      "sga": 146688000,
      "fcf": -626969000,
      "ocf": -607177000,
      "capex": -19792000,
      "gross_margin": -0.6742348519960019,
      "op_margin": null,
      "fcf_margin": -3.5009967445262813,
      "rev_growth_yoy": 0.07618761455485111,
      "rev_growth_yoy_accel": 0.05499140375950705,
      "fcf_margin_change": -1.608151260304301
    },
    {
      "date": "2024-03-31T00:00:00",
      "quarter_label": "2024-03 (Q1)",
      "revenue": 2184834000,
      "gross_profit": 1258826000,
      "operating_income": null,
      "net_income": 690737000,
      "opex": 1256630000,
      "cogs": 926008000,
      "rd": null,
      "sga": 330622000,
      "fcf": 1341307000,
      "ocf": 1362430000,
      "capex": -21123000,
      "gross_margin": 0.5761655118878597,
      "op_margin": null,
      "fcf_margin": 0.6139171213922888,
      "rev_growth_yoy": 0.04355314572786556,
      "rev_growth_yoy_accel": -0.03263446882698555,
      "op_leverage_ratio": 6.173223995974691,
      "fcf_margin_change": 4.11491386591857
    },
    {
      "date": "2024-06-30T00:00:00",
      "quarter_label": "2024-06 (Q2)",
      "revenue": 1062630000,
      "gross_profit": 556257000,
      "operating_income": null,
      "net_income": 257817000,
      "opex": 711799000,
      "cogs": 506373000,
      "rd": null,
      "sga": 205426000,
      "fcf": 290749000,
      "ocf": 300596000,
      "capex": -9847000,
      "gross_margin": 0.5234719516670902,
      "op_margin": null,
      "fcf_margin": 0.2736126403357707,
      "rev_growth_yoy": 0.02953458134798759,
      "rev_growth_yoy_accel": -0.01401856437987797,
      "fcf_margin_change": -0.3403044810565181
    },
    {
      "date": "2024-09-30T00:00:00",
      "quarter_label": "2024-09 (Q3)",
      "revenue": 193810000,
      "gross_profit": -75771000,
      "operating_income": null,
      "net_income": -172576000,
      "opex": 422141000,
      "cogs": 269581000,
      "rd": null,
      "sga": 152560000,
      "fcf": -347316000,
      "ocf": -328581000,
      "capex": -18735000,
      "gross_margin": -0.39095505907847894,
      "op_margin": null,
      "fcf_margin": -1.79204375419225,
      "rev_growth_yoy": 0.0544613710554951,
      "rev_growth_yoy_accel": 0.024926789707507512,
      "fcf_margin_change": -2.0656563945280206
    },
    {
      "date": "2024-12-31T00:00:00",
      "quarter_label": "2024-12 (Q4)",
      "revenue": 179070000,
      "gross_profit": -135139000,
      "operating_income": null,
      "net_income": -243420000,
      "opex": 472361000,
      "cogs": 314209000,
      "rd": null,
      "sga": 158152000,
      "fcf": -597437000,
      "ocf": -567057000,
      "capex": -30380000,
      "gross_margin": -0.7546713575696655,
      "op_margin": null,
      "fcf_margin": -3.3363321606075838,
      "rev_growth_yoy": -7.259203832859624e-05,
      "rev_growth_yoy_accel": -0.0545339630938237,
      "fcf_margin_change": -1.5442884064153337
    },
    {
      "date": "2025-03-31T00:00:00",
      "quarter_label": "2025-03 (Q1)",
      "revenue": 2277104000,
      "gross_profit": 1307712000,
      "operating_income": null,
      "net_income": 722330000,
      "opex": 1298791000,
      "cogs": 969392000,
      "rd": null,
      "sga": 329399000,
      "fcf": 1302291000,
      "ocf": 1324960000,
      "capex": -22669000,
      "gross_margin": 0.5742873404113294,
      "op_margin": null,
      "fcf_margin": 0.5719066849823284,
      "rev_growth_yoy": 0.04223204142740364,
      "rev_growth_yoy_accel": 0.04230463346573223,
      "op_leverage_ratio": 6.696650717292934,
      "fcf_margin_change": 3.908238845589912
    },
    {
      "date": "2025-06-30T00:00:00",
      "quarter_label": "2025-06 (Q2)",
      "revenue": 1111011000,
      "gross_profit": 578082000,
      "operating_income": null,
      "net_income": 299439000,
      "opex": 739732000,
      "cogs": 532929000,
      "rd": null,
      "sga": 206803000,
      "fcf": 241311000,
      "ocf": 251561000,
      "capex": -10250000,
      "gross_margin": 0.5203206808933485,
      "op_margin": null,
      "fcf_margin": 0.21719946967221745,
      "rev_growth_yoy": 0.045529488156743174,
      "rev_growth_yoy_accel": 0.0032974467293395357,
      "fcf_margin_change": -0.35470721531011096
    },
    {
      "date": "2025-09-30T00:00:00",
      "quarter_label": "2025-09 (Q3)",
      "revenue": 203551000,
      "gross_profit": -70466000,
      "operating_income": null,
      "net_income": -165819000,
      "opex": 410582000,
      "cogs": 274017000,
      "rd": null,
      "sga": 136565000,
      "fcf": -370026000,
      "ocf": -356838000,
      "capex": -13188000,
      "gross_margin": -0.34618351174889833,
      "op_margin": null,
      "fcf_margin": -1.8178540021910972,
      "rev_growth_yoy": 0.050260564470357566,
      "rev_growth_yoy_accel": 0.004731076313614392,
      "fcf_margin_change": -2.0350534718633146
    }
  ],
  "signals": [
    {
      "quarter": "2025-03 (Q1)",
      "signal": "FCF TURNED POSITIVE",
      "detail": "FCF margin: -333.6% -> +57.2%",
      "severity": "HIGH"
    },
    {
      "quarter": "2025-03 (Q1)",
      "signal": "OPERATING LEVERAGE",
      "detail": "Rev growth +1171.6% vs OpEx growth +175.0% (leverage: 6.7x)",
      "severity": "MEDIUM"
    },
    {
      "quarter": "2025-03 (Q1)",
      "signal": "GROSS MARGIN INFLECTION",
      "detail": "GM: -39.1% -> -75.5% -> +57.4% (reversal +132.9%)",
      "severity": "HIGH"
    },
    {
      "quarter": "2024-12 (Q4)",
      "signal": "YoY REVENUE GROWTH DECELERATION",
      "detail": "YoY growth: -0.0% vs prior quarter YoY: +5.4% (decel: -5.5%)",
      "severity": "WARNING"
    },
    {
      "quarter": "2024-03 (Q1)",
      "signal": "FCF TURNED POSITIVE",
      "detail": "FCF margin: -350.1% -> +61.4%",
      "severity": "HIGH"
    },
    {
      "quarter": "2024-03 (Q1)",
      "signal": "OPERATING LEVERAGE",
      "detail": "Rev growth +1120.0% vs OpEx growth +181.4% (leverage: 6.2x)",
      "severity": "MEDIUM"
    },
    {
      "quarter": "2024-03 (Q1)",
      "signal": "GROSS MARGIN INFLECTION",
      "detail": "GM: -41.1% -> -67.4% -> +57.6% (reversal +125.0%)",
      "severity": "HIGH"
    },
    {
      "quarter": "2023-12 (Q4)",
      "signal": "YoY REVENUE GROWTH ACCELERATION",
      "detail": "YoY growth: +7.6% vs prior quarter YoY: +2.1% (accel: +5.5%)",
      "severity": "MEDIUM"
    },
    {
      "quarter": "2023-03 (Q1)",
      "signal": "FCF TURNED POSITIVE",
      "detail": "FCF margin: -290.9% -> +60.4%",
      "severity": "HIGH"
    },
    {
      "quarter": "2023-03 (Q1)",
      "signal": "OPERATING LEVERAGE",
      "detail": "Rev growth +1158.2% vs OpEx growth +173.4% (leverage: 6.7x)",
      "severity": "MEDIUM"
    },
    {
      "quarter": "2023-03 (Q1)",
      "signal": "GROSS MARGIN INFLECTION",
      "detail": "GM: -44.8% -> -79.3% -> +57.8% (reversal +137.1%)",
      "severity": "HIGH"
    },
    {
      "quarter": "2022-12 (Q4)",
      "signal": "YoY REVENUE GROWTH ACCELERATION",
      "detail": "YoY growth: +4.8% vs prior quarter YoY: -6.6% (accel: +11.3%)",
      "severity": "MEDIUM"
    },
    {
      "quarter": "2022-03 (Q1)",
      "signal": "FCF TURNED POSITIVE",
      "detail": "FCF margin: -393.3% -> +61.8%",
      "severity": "HIGH"
    },
    {
      "quarter": "2022-03 (Q1)",
      "signal": "OPERATING LEVERAGE",
      "detail": "Rev growth +1198.2% vs OpEx growth +169.7% (leverage: 7.1x)",
      "severity": "MEDIUM"
    },
    {
      "quarter": "2022-03 (Q1)",
      "signal": "GROSS MARGIN INFLECTION",
      "detail": "GM: -25.4% -> -82.2% -> +59.7% (reversal +141.8%)",
      "severity": "HIGH"
    },
    {
      "quarter": "2022-03 (Q1)",
      "signal": "YoY REVENUE GROWTH ACCELERATION",
      "detail": "YoY growth: +3.9% vs prior quarter YoY: -48.5% (accel: +52.4%)",
      "severity": "HIGH"
    },
    {
      "quarter": "2021-04 (Q2)",
      "signal": "FCF MARGIN EXPANSION",
      "detail": "FCF margin: +60.2% -> +65.7% (+5.5%)",
      "severity": "MEDIUM"
    },
    {
      "quarter": "2021-04 (Q2)",
      "signal": "OPERATING LEVERAGE",
      "detail": "Rev growth +17.4% vs OpEx growth +9.7% (leverage: 1.8x)",
      "severity": "MEDIUM"
    },
    {
      "quarter": "2021-03 (Q1)",
      "signal": "FCF TURNED POSITIVE",
      "detail": "FCF margin: -216.5% -> +60.2%",
      "severity": "HIGH"
    },
    {
      "quarter": "2021-03 (Q1)",
      "signal": "OPERATING LEVERAGE",
      "detail": "Rev growth +543.5% vs OpEx growth +98.0% (leverage: 5.5x)",
      "severity": "MEDIUM"
    }
  ],
  "data_quality": {
    "n_quarters": 20,
    "coverage": {
      "revenue": [
        20,
        20
      ],
      "gross_profit": [
        20,
        20
      ],
      "op_income": [
        0,
        20
      ],
      "fcf": [
        20,
        20
      ]
    },
    "gaps": [
      [
        "2021-04 (Q2)",
        "2021-09 (Q3)",
        153
      ]
    ],
    "warnings": [
      "op_income: no data",
      "gap: 1Q missing between 2021-04 (Q2) and 2021-09 (Q3)"
    ]
  },
  "market_cap": null,
  "source": "SEC EDGAR",
  "last_updated": "2026-02-02T21:03:37.739166",
  "sector": "Consumer Cyclical",
  "industry": "Personal Services"
}