{
  "ticker": "HRBR",
  "name": "HARBOR DIVERSIFIED, INC.",
  "quarters": [
    {
      "date": "2019-12-31T00:00:00",
      "quarter_label": "2019-12 (Q4)",
      "revenue": 67214000,
      "gross_profit": null,
      "operating_income": 3516000,
      "net_income": 3361000,
      "opex": 63698000,
      "cogs": null,
      "rd": null,
      "sga": null,
      "fcf": 11384000,
      "ocf": 13979000,
      "capex": -2595000,
      "gross_margin": null,
      "op_margin": 0.052310530544231855,
      "fcf_margin": 0.1693694765971375
    },
    {
      "date": "2020-03-31T00:00:00",
      "quarter_label": "2020-03 (Q1)",
      "revenue": 67079000,
      "gross_profit": null,
      "operating_income": 3564000,
      "net_income": 4414000,
      "opex": 63515000,
      "cogs": null,
      "rd": null,
      "sga": null,
      "fcf": 8887000,
      "ocf": 11805000,
      "capex": -2918000,
      "gross_margin": null,
      "op_margin": 0.05313138239985689,
      "fcf_margin": 0.13248557670806063,
      "fcf_margin_change": -0.036883899889076865
    },
    {
      "date": "2020-06-30T00:00:00",
      "quarter_label": "2020-06 (Q2)",
      "revenue": 16775000,
      "gross_profit": null,
      "operating_income": -7945000,
      "net_income": -8337000,
      "opex": 24720000,
      "cogs": null,
      "rd": null,
      "sga": null,
      "fcf": 12266000,
      "ocf": 15727000,
      "capex": -3461000,
      "gross_margin": null,
      "op_margin": -0.4736214605067064,
      "fcf_margin": 0.7312071535022354,
      "fcf_margin_change": 0.5987215767941748
    },
    {
      "date": "2020-09-30T00:00:00",
      "quarter_label": "2020-09 (Q3)",
      "revenue": 27318000,
      "gross_profit": null,
      "operating_income": 8328000,
      "net_income": 7903000,
      "opex": 18990000,
      "cogs": null,
      "rd": null,
      "sga": null,
      "fcf": 28974000,
      "ocf": 31762000,
      "capex": -2788000,
      "gross_margin": null,
      "op_margin": 0.30485394245552383,
      "fcf_margin": 1.060619371842741,
      "op_leverage_ratio": Infinity,
      "fcf_margin_change": 0.3294122183405056
    },
    {
      "date": "2020-12-31T00:00:00",
      "quarter_label": "2020-12 (Q4)",
      "revenue": -103865000,
      "gross_profit": null,
      "operating_income": 39403000,
      "net_income": 35783000,
      "opex": 35374000,
      "cogs": null,
      "rd": null,
      "sga": null,
      "fcf": 14302000,
      "ocf": 13884000,
      "capex": 418000,
      "gross_margin": null,
      "op_margin": -0.37936744812978385,
      "fcf_margin": -0.1376979733307659,
      "incr_op_margin_yoy": -0.2097685864425207,
      "rev_growth_yoy": -2.5452881840092836,
      "fcf_margin_change": -1.198317345173507
    },
    {
      "date": "2021-03-31T00:00:00",
      "quarter_label": "2021-03 (Q1)",
      "revenue": 49774000,
      "gross_profit": null,
      "operating_income": 33257000,
      "net_income": 25225000,
      "opex": 16517000,
      "cogs": null,
      "rd": null,
      "sga": null,
      "fcf": 14583000,
      "ocf": 14746000,
      "capex": -163000,
      "gross_margin": null,
      "op_margin": 0.6681600835777716,
      "fcf_margin": 0.2929842889862177,
      "incr_op_margin_yoy": -1.7158624674949436,
      "rev_growth_yoy": -0.25797939742691456,
      "rev_growth_yoy_accel": 2.287308786582369,
      "fcf_margin_change": 0.4306822623169836
    },
    {
      "date": "2021-06-30T00:00:00",
      "quarter_label": "2021-06 (Q2)",
      "revenue": 52860000,
      "gross_profit": null,
      "operating_income": 26604000,
      "net_income": 20521000,
      "opex": 26256000,
      "cogs": null,
      "rd": null,
      "sga": null,
      "fcf": 37946000,
      "ocf": 37954000,
      "capex": -8000,
      "gross_margin": null,
      "op_margin": 0.5032917139614075,
      "fcf_margin": 0.7178584941354521,
      "incr_op_margin_yoy": 0.957433836774283,
      "rev_growth_yoy": 2.1511177347242922,
      "rev_growth_yoy_accel": 2.409097132151207,
      "op_leverage_ratio": 0.10515021892175758,
      "fcf_margin_change": 0.4248742051492344
    },
    {
      "date": "2021-09-30T00:00:00",
      "quarter_label": "2021-09 (Q3)",
      "revenue": 71887000,
      "gross_profit": null,
      "operating_income": 33223000,
      "net_income": 36279000,
      "opex": 38664000,
      "cogs": null,
      "rd": null,
      "sga": null,
      "fcf": 28951000,
      "ocf": 30129000,
      "capex": -1178000,
      "gross_margin": null,
      "op_margin": 0.46215588353944387,
      "fcf_margin": 0.4027292834587617,
      "incr_op_margin_yoy": 0.5585721016850277,
      "rev_growth_yoy": 1.6314883959294237,
      "rev_growth_yoy_accel": -0.5196293387948685,
      "op_leverage_ratio": 0.7616754157363232,
      "fcf_margin_change": -0.3151292106766904
    },
    {
      "date": "2021-12-31T00:00:00",
      "quarter_label": "2021-12 (Q4)",
      "revenue": 73058000,
      "gross_profit": null,
      "operating_income": 12085000,
      "net_income": 10601000,
      "opex": 60973000,
      "cogs": null,
      "rd": null,
      "sga": null,
      "fcf": 9096000,
      "ocf": 11384000,
      "capex": -2288000,
      "gross_margin": null,
      "op_margin": 0.16541651838265486,
      "fcf_margin": 0.1245038188836267,
      "incr_op_margin_yoy": -0.1544061540896322,
      "op_leverage_ratio": 0.028231451897230322,
      "fcf_margin_change": -0.278225464575135
    },
    {
      "date": "2022-03-31T00:00:00",
      "quarter_label": "2022-03 (Q1)",
      "revenue": 66975000,
      "gross_profit": null,
      "operating_income": 13800000,
      "net_income": 9263000,
      "opex": 53175000,
      "cogs": null,
      "rd": null,
      "sga": null,
      "fcf": -2998000,
      "ocf": -1788000,
      "capex": -1210000,
      "gross_margin": null,
      "op_margin": 0.20604703247480402,
      "fcf_margin": -0.04476297125793206,
      "incr_op_margin_yoy": -1.1311551653973606,
      "rev_growth_yoy": 0.34558203077912164,
      "fcf_margin_change": -0.16926679014155877
    },
    {
      "date": "2022-06-30T00:00:00",
      "quarter_label": "2022-06 (Q2)",
      "revenue": 77930000,
      "gross_profit": null,
      "operating_income": 22021000,
      "net_income": 15081000,
      "opex": 55909000,
      "cogs": null,
      "rd": null,
      "sga": null,
      "fcf": 2826000,
      "ocf": 5348000,
      "capex": -2522000,
      "gross_margin": null,
      "op_margin": 0.2825741049659951,
      "fcf_margin": 0.03626331322982163,
      "incr_op_margin_yoy": -0.18280813721579578,
      "rev_growth_yoy": 0.47427166099129775,
      "rev_growth_yoy_accel": 0.1286896302121761,
      "op_leverage_ratio": 3.1813294657053848,
      "fcf_margin_change": 0.0810262844877537
    },
    {
      "date": "2022-09-30T00:00:00",
      "quarter_label": "2022-09 (Q3)",
      "revenue": 68410000,
      "gross_profit": null,
      "operating_income": 12500000,
      "net_income": 8022000,
      "opex": 55910000,
      "cogs": null,
      "rd": null,
      "sga": null,
      "fcf": -2625000,
      "ocf": -3394000,
      "capex": 769000,
      "gross_margin": null,
      "op_margin": 0.18272182429469375,
      "fcf_margin": -0.03837158310188569,
      "incr_op_margin_yoy": 5.9600230083405235,
      "rev_growth_yoy": -0.048367576891510285,
      "rev_growth_yoy_accel": -0.5226392378828081,
      "fcf_margin_change": -0.07463489633170732
    },
    {
      "date": "2022-12-31T00:00:00",
      "quarter_label": "2022-12 (Q4)",
      "revenue": 67548000,
      "gross_profit": null,
      "operating_income": 7545000,
      "net_income": 6744000,
      "opex": 60003000,
      "cogs": null,
      "rd": null,
      "sga": null,
      "fcf": 42318000,
      "ocf": 44868000,
      "capex": -2550000,
      "gross_margin": null,
      "op_margin": 0.11169834784153491,
      "fcf_margin": 0.6264878308758216,
      "incr_op_margin_yoy": 0.8239564428312159,
      "rev_growth_yoy": -0.07541952968874045,
      "rev_growth_yoy_accel": -0.027051952797230168,
      "fcf_margin_change": 0.6648594139777073
    },
    {
      "date": "2023-03-31T00:00:00",
      "quarter_label": "2023-03 (Q1)",
      "revenue": 59132000,
      "gross_profit": null,
      "operating_income": -2480000,
      "net_income": 882000,
      "opex": 61612000,
      "cogs": null,
      "rd": null,
      "sga": null,
      "fcf": -8478000,
      "ocf": -6661000,
      "capex": -1817000,
      "gross_margin": null,
      "op_margin": -0.04194006629236285,
      "fcf_margin": -0.1433741459784888,
      "incr_op_margin_yoy": 2.0757363253856944,
      "rev_growth_yoy": -0.11710339678984696,
      "rev_growth_yoy_accel": -0.04168386710110651,
      "fcf_margin_change": -0.7698619768543105
    },
    {
      "date": "2023-06-30T00:00:00",
      "quarter_label": "2023-06 (Q2)",
      "revenue": 51072000,
      "gross_profit": null,
      "operating_income": -12347000,
      "net_income": -9169000,
      "opex": 63419000,
      "cogs": null,
      "rd": null,
      "sga": null,
      "fcf": -10649000,
      "ocf": -10013000,
      "capex": -636000,
      "gross_margin": null,
      "op_margin": -0.24175673558897243,
      "fcf_margin": -0.2085095551378446,
      "incr_op_margin_yoy": 1.279618735572269,
      "rev_growth_yoy": -0.3446426279994867,
      "rev_growth_yoy_accel": -0.22753923120963973,
      "fcf_margin_change": -0.06513540915935581
    },
    {
      "date": "2023-09-30T00:00:00",
      "quarter_label": "2023-09 (Q3)",
      "revenue": 50056000,
      "gross_profit": null,
      "operating_income": -5072000,
      "net_income": -3688000,
      "opex": 55128000,
      "cogs": null,
      "rd": null,
      "sga": null,
      "fcf": -2382000,
      "ocf": -1818000,
      "capex": -564000,
      "gross_margin": null,
      "op_margin": -0.10132651430397954,
      "fcf_margin": -0.04758670289276011,
      "incr_op_margin_yoy": 0.9573934837092731,
      "rev_growth_yoy": -0.26829410904838474,
      "rev_growth_yoy_accel": 0.07634851895110195,
      "fcf_margin_change": 0.1609228522450845
    },
    {
      "date": "2023-12-31T00:00:00",
      "quarter_label": "2023-12 (Q4)",
      "revenue": 38945000,
      "gross_profit": null,
      "operating_income": -16972000,
      "net_income": -4010000,
      "opex": 55917000,
      "cogs": null,
      "rd": null,
      "sga": null,
      "fcf": 4995000,
      "ocf": 6465000,
      "capex": -1470000,
      "gross_margin": null,
      "op_margin": -0.4357940685582231,
      "fcf_margin": 0.12825779946077803,
      "incr_op_margin_yoy": 0.8571478516239556,
      "rev_growth_yoy": -0.4234470302599633,
      "rev_growth_yoy_accel": -0.15515292121157853,
      "fcf_margin_change": 0.17584450235353816
    },
    {
      "date": "2024-03-31T00:00:00",
      "quarter_label": "2024-03 (Q1)",
      "revenue": 43657000,
      "gross_profit": null,
      "operating_income": -10934000,
      "net_income": -9567000,
      "opex": 54591000,
      "cogs": null,
      "rd": null,
      "sga": null,
      "fcf": -2085000,
      "ocf": -522000,
      "capex": -1563000,
      "gross_margin": null,
      "op_margin": -0.25045239022379,
      "fcf_margin": -0.04775866413175436,
      "incr_op_margin_yoy": 0.5463004846526656,
      "rev_growth_yoy": -0.2617026314009335,
      "rev_growth_yoy_accel": 0.16174439885902975,
      "op_leverage_ratio": Infinity,
      "fcf_margin_change": -0.1760164635925324
    },
    {
      "date": "2024-06-30T00:00:00",
      "quarter_label": "2024-06 (Q2)",
      "revenue": 47139000,
      "gross_profit": null,
      "operating_income": -9519000,
      "net_income": -7851000,
      "opex": 56658000,
      "cogs": null,
      "rd": null,
      "sga": null,
      "fcf": 3506000,
      "ocf": 4330000,
      "capex": -824000,
      "gross_margin": null,
      "op_margin": -0.20193470374848851,
      "fcf_margin": 0.07437578226097287,
      "incr_op_margin_yoy": -0.7190439867785405,
      "rev_growth_yoy": -0.07700892857142858,
      "rev_growth_yoy_accel": 0.18469370282950495,
      "op_leverage_ratio": 2.1064708382966795,
      "fcf_margin_change": 0.12213444639272722
    },
    {
      "date": "2024-09-30T00:00:00",
      "quarter_label": "2024-09 (Q3)",
      "revenue": 53573000,
      "gross_profit": null,
      "operating_income": -5539000,
      "net_income": -2237000,
      "opex": 59112000,
      "cogs": null,
      "rd": null,
      "sga": null,
      "fcf": -445000,
      "ocf": 31000,
      "capex": -476000,
      "gross_margin": null,
      "op_margin": -0.1033916338454072,
      "fcf_margin": -0.00830642301159166,
      "incr_op_margin_yoy": -0.1327836224054592,
      "rev_growth_yoy": 0.07026130733578392,
      "rev_growth_yoy_accel": 0.1472702359072125,
      "op_leverage_ratio": 3.1512827562827117,
      "fcf_margin_change": -0.08268220527256454
    }
  ],
  "signals": [
    {
      "quarter": "2024-09 (Q3)",
      "signal": "OPERATING LEVERAGE",
      "detail": "Rev growth +13.6% vs OpEx growth +4.3% (leverage: 3.2x)",
      "severity": "MEDIUM"
    },
    {
      "quarter": "2024-09 (Q3)",
      "signal": "YoY REVENUE GROWTH ACCELERATION",
      "detail": "YoY growth: +7.0% vs prior quarter YoY: -7.7% (accel: +14.7%)",
      "severity": "MEDIUM"
    },
    {
      "quarter": "2024-06 (Q2)",
      "signal": "FCF TURNED POSITIVE",
      "detail": "FCF margin: -4.8% -> +7.4%",
      "severity": "HIGH"
    },
    {
      "quarter": "2024-06 (Q2)",
      "signal": "OPERATING LEVERAGE",
      "detail": "Rev growth +8.0% vs OpEx growth +3.8% (leverage: 2.1x)",
      "severity": "MEDIUM"
    },
    {
      "quarter": "2024-06 (Q2)",
      "signal": "YoY REVENUE GROWTH ACCELERATION",
      "detail": "YoY growth: -7.7% vs prior quarter YoY: -26.2% (accel: +18.5%)",
      "severity": "HIGH"
    },
    {
      "quarter": "2024-03 (Q1)",
      "signal": "YoY REVENUE GROWTH ACCELERATION",
      "detail": "YoY growth: -26.2% vs prior quarter YoY: -42.3% (accel: +16.2%)",
      "severity": "HIGH"
    },
    {
      "quarter": "2023-12 (Q4)",
      "signal": "FCF TURNED POSITIVE",
      "detail": "FCF margin: -4.8% -> +12.8%",
      "severity": "HIGH"
    },
    {
      "quarter": "2023-12 (Q4)",
      "signal": "YoY REVENUE GROWTH DECELERATION",
      "detail": "YoY growth: -42.3% vs prior quarter YoY: -26.8% (decel: -15.5%)",
      "severity": "WARNING"
    },
    {
      "quarter": "2023-09 (Q3)",
      "signal": "FCF MARGIN EXPANSION",
      "detail": "FCF margin: -20.9% -> -4.8% (+16.1%)",
      "severity": "MEDIUM"
    },
    {
      "quarter": "2023-09 (Q3)",
      "signal": "YoY REVENUE GROWTH ACCELERATION",
      "detail": "YoY growth: -26.8% vs prior quarter YoY: -34.5% (accel: +7.6%)",
      "severity": "MEDIUM"
    },
    {
      "quarter": "2023-06 (Q2)",
      "signal": "YoY REVENUE GROWTH DECELERATION",
      "detail": "YoY growth: -34.5% vs prior quarter YoY: -11.7% (decel: -22.8%)",
      "severity": "WARNING"
    },
    {
      "quarter": "2022-12 (Q4)",
      "signal": "FCF TURNED POSITIVE",
      "detail": "FCF margin: -3.8% -> +62.6%",
      "severity": "HIGH"
    },
    {
      "quarter": "2022-12 (Q4)",
      "signal": "INCREMENTAL MARGIN (YoY)",
      "detail": "YoY Incr OPM: +82.4% vs year-ago OPM: +16.5%",
      "severity": "HIGH"
    },
    {
      "quarter": "2022-09 (Q3)",
      "signal": "YoY REVENUE GROWTH DECELERATION",
      "detail": "YoY growth: -4.8% vs prior quarter YoY: +47.4% (decel: -52.3%)",
      "severity": "WARNING"
    },
    {
      "quarter": "2022-09 (Q3)",
      "signal": "INCREMENTAL MARGIN (YoY)",
      "detail": "YoY Incr OPM: +596.0% vs year-ago OPM: +46.2%",
      "severity": "HIGH"
    },
    {
      "quarter": "2022-06 (Q2)",
      "signal": "FCF TURNED POSITIVE",
      "detail": "FCF margin: -4.5% -> +3.6%",
      "severity": "HIGH"
    },
    {
      "quarter": "2022-06 (Q2)",
      "signal": "OPERATING LEVERAGE",
      "detail": "Rev growth +16.4% vs OpEx growth +5.1% (leverage: 3.2x)",
      "severity": "MEDIUM"
    },
    {
      "quarter": "2022-06 (Q2)",
      "signal": "YoY REVENUE GROWTH ACCELERATION",
      "detail": "YoY growth: +47.4% vs prior quarter YoY: +34.6% (accel: +12.9%)",
      "severity": "MEDIUM"
    },
    {
      "quarter": "2021-12 (Q4)",
      "signal": "OP MARGIN TURNED POSITIVE (YoY)",
      "detail": "Op margin: -37.9% (year-ago) -> +16.5%",
      "severity": "HIGH"
    },
    {
      "quarter": "2021-09 (Q3)",
      "signal": "YoY REVENUE GROWTH DECELERATION",
      "detail": "YoY growth: +163.1% vs prior quarter YoY: +215.1% (decel: -52.0%)",
      "severity": "WARNING"
    },
    {
      "quarter": "2021-09 (Q3)",
      "signal": "INCREMENTAL MARGIN (YoY)",
      "detail": "YoY Incr OPM: +55.9% vs year-ago OPM: +30.5%",
      "severity": "HIGH"
    },
    {
      "quarter": "2021-06 (Q2)",
      "signal": "FCF MARGIN EXPANSION",
      "detail": "FCF margin: +29.3% -> +71.8% (+42.5%)",
      "severity": "MEDIUM"
    },
    {
      "quarter": "2021-06 (Q2)",
      "signal": "YoY REVENUE GROWTH ACCELERATION",
      "detail": "YoY growth: +215.1% vs prior quarter YoY: -25.8% (accel: +240.9%)",
      "severity": "HIGH"
    },
    {
      "quarter": "2021-06 (Q2)",
      "signal": "OP MARGIN TURNED POSITIVE (YoY)",
      "detail": "Op margin: -47.4% (year-ago) -> +50.3%",
      "severity": "HIGH"
    },
    {
      "quarter": "2021-03 (Q1)",
      "signal": "FCF TURNED POSITIVE",
      "detail": "FCF margin: -13.8% -> +29.3%",
      "severity": "HIGH"
    },
    {
      "quarter": "2021-03 (Q1)",
      "signal": "YoY REVENUE GROWTH ACCELERATION",
      "detail": "YoY growth: -25.8% vs prior quarter YoY: -254.5% (accel: +228.7%)",
      "severity": "HIGH"
    },
    {
      "quarter": "2021-03 (Q1)",
      "signal": "OP MARGIN TURNED POSITIVE (QoQ)",
      "detail": "Op margin: -37.9% -> +66.8%",
      "severity": "HIGH"
    },
    {
      "quarter": "2020-09 (Q3)",
      "signal": "FCF MARGIN EXPANSION",
      "detail": "FCF margin: +73.1% -> +106.1% (+32.9%)",
      "severity": "MEDIUM"
    },
    {
      "quarter": "2020-09 (Q3)",
      "signal": "OP MARGIN TURNED POSITIVE (QoQ)",
      "detail": "Op margin: -47.4% -> +30.5%",
      "severity": "HIGH"
    },
    {
      "quarter": "2020-06 (Q2)",
      "signal": "FCF MARGIN EXPANSION",
      "detail": "FCF margin: +13.2% -> +73.1% (+59.9%)",
      "severity": "MEDIUM"
    }
  ],
  "data_quality": {
    "n_quarters": 20,
    "coverage": {
      "revenue": [
        20,
        20
      ],
      "gross_profit": [
        0,
        20
      ],
      "op_income": [
        20,
        20
      ],
      "fcf": [
        20,
        20
      ]
    },
    "gaps": [],
    "warnings": [
      "gross_profit: no data"
    ]
  },
  "market_cap": null,
  "source": "SEC EDGAR",
  "last_updated": "2026-02-03T00:59:04.511624"
}