{
  "ticker": "HRI",
  "name": "HERC HOLDINGS INC.",
  "sector": "Industrials",
  "industry": "Rental & Leasing Services",
  "quarters": [
    {
      "date": "2021-03-31T00:00:00",
      "quarter_label": "2021-03 (Q1)",
      "revenue": 453800000,
      "gross_profit": null,
      "operating_income": null,
      "net_income": 32900000,
      "opex": null,
      "cogs": null,
      "rd": null,
      "sga": 65500000,
      "fcf": 121300000,
      "ocf": 134700000,
      "capex": -13400000,
      "gross_margin": null,
      "op_margin": null,
      "fcf_margin": 0.2672983693256941
    },
    {
      "date": "2021-06-30T00:00:00",
      "quarter_label": "2021-06 (Q2)",
      "revenue": 490900000,
      "gross_profit": null,
      "operating_income": null,
      "net_income": 47100000,
      "opex": null,
      "cogs": null,
      "rd": null,
      "sga": 74000000,
      "fcf": 185700000,
      "ocf": 193200000,
      "capex": -7500000,
      "gross_margin": null,
      "op_margin": null,
      "fcf_margin": 0.378284783051538,
      "fcf_margin_change": 0.11098641372584389
    },
    {
      "date": "2021-09-30T00:00:00",
      "quarter_label": "2021-09 (Q3)",
      "revenue": 550400000,
      "gross_profit": null,
      "operating_income": null,
      "net_income": 72300000,
      "opex": null,
      "cogs": null,
      "rd": null,
      "sga": 81500000,
      "fcf": 165100000,
      "ocf": 175300000,
      "capex": -10200000,
      "gross_margin": null,
      "op_margin": null,
      "fcf_margin": 0.2999636627906977,
      "fcf_margin_change": -0.07832112026084032
    },
    {
      "date": "2021-12-31T00:00:00",
      "quarter_label": "2021-12 (Q4)",
      "revenue": 577900000,
      "gross_profit": null,
      "operating_income": null,
      "net_income": 71800000,
      "opex": null,
      "cogs": null,
      "rd": null,
      "sga": 89800000,
      "fcf": 223900000,
      "ocf": 239800000,
      "capex": -15900000,
      "gross_margin": null,
      "op_margin": null,
      "fcf_margin": 0.38743727288458213,
      "fcf_margin_change": 0.08747361009388444
    },
    {
      "date": "2022-03-31T00:00:00",
      "quarter_label": "2022-03 (Q1)",
      "revenue": 567300000,
      "gross_profit": null,
      "operating_income": null,
      "net_income": 58500000,
      "opex": null,
      "cogs": null,
      "rd": null,
      "sga": 89400000,
      "fcf": 130000000,
      "ocf": 143000000,
      "capex": -13000000,
      "gross_margin": null,
      "op_margin": null,
      "fcf_margin": 0.22915564956812973,
      "rev_growth_yoy": 0.250110180696342,
      "fcf_margin_change": -0.1582816233164524
    },
    {
      "date": "2022-06-30T00:00:00",
      "quarter_label": "2022-06 (Q2)",
      "revenue": 640400000,
      "gross_profit": null,
      "operating_income": null,
      "net_income": 72200000,
      "opex": null,
      "cogs": null,
      "rd": null,
      "sga": 97000000,
      "fcf": 201000000,
      "ocf": 216000000,
      "capex": -15000000,
      "gross_margin": null,
      "op_margin": null,
      "fcf_margin": 0.31386633354153654,
      "rev_growth_yoy": 0.30454267671623547,
      "rev_growth_yoy_accel": 0.05443249601989347,
      "fcf_margin_change": 0.08471068397340681
    },
    {
      "date": "2022-09-30T00:00:00",
      "quarter_label": "2022-09 (Q3)",
      "revenue": 745100000,
      "gross_profit": null,
      "operating_income": null,
      "net_income": 101400000,
      "opex": null,
      "cogs": null,
      "rd": null,
      "sga": 111500000,
      "fcf": 210000000,
      "ocf": 264000000,
      "capex": -54000000,
      "gross_margin": null,
      "op_margin": null,
      "fcf_margin": 0.281841363575359,
      "rev_growth_yoy": 0.35374273255813954,
      "rev_growth_yoy_accel": 0.04920005584190407,
      "fcf_margin_change": -0.03202496996617754
    },
    {
      "date": "2022-12-31T00:00:00",
      "quarter_label": "2022-12 (Q4)",
      "revenue": 787200000,
      "gross_profit": null,
      "operating_income": null,
      "net_income": 97800000,
      "opex": null,
      "cogs": null,
      "rd": null,
      "sga": 112200000,
      "fcf": 272000000,
      "ocf": 294000000,
      "capex": -22000000,
      "gross_margin": null,
      "op_margin": null,
      "fcf_margin": 0.34552845528455284,
      "rev_growth_yoy": 0.36217338639903096,
      "rev_growth_yoy_accel": 0.008430653840891422,
      "fcf_margin_change": 0.06368709170919384
    },
    {
      "date": "2023-03-31T00:00:00",
      "quarter_label": "2023-03 (Q1)",
      "revenue": 740000000,
      "gross_profit": null,
      "operating_income": null,
      "net_income": 67000000,
      "opex": null,
      "cogs": null,
      "rd": null,
      "sga": 106000000,
      "fcf": 202000000,
      "ocf": 235000000,
      "capex": -33000000,
      "gross_margin": null,
      "op_margin": null,
      "fcf_margin": 0.27297297297297296,
      "rev_growth_yoy": 0.3044244667724308,
      "rev_growth_yoy_accel": -0.05774891962660017,
      "fcf_margin_change": -0.07255548231157988
    },
    {
      "date": "2023-06-30T00:00:00",
      "quarter_label": "2023-06 (Q2)",
      "revenue": 802000000,
      "gross_profit": null,
      "operating_income": null,
      "net_income": 76000000,
      "opex": null,
      "cogs": null,
      "rd": null,
      "sga": 111000000,
      "fcf": 237000000,
      "ocf": 281000000,
      "capex": -44000000,
      "gross_margin": null,
      "op_margin": null,
      "fcf_margin": 0.2955112219451372,
      "rev_growth_yoy": 0.2523422860712055,
      "rev_growth_yoy_accel": -0.05208218070122528,
      "fcf_margin_change": 0.02253824897216422
    },
    {
      "date": "2023-09-30T00:00:00",
      "quarter_label": "2023-09 (Q3)",
      "revenue": 908000000,
      "gross_profit": null,
      "operating_income": null,
      "net_income": 113000000,
      "opex": null,
      "cogs": null,
      "rd": null,
      "sga": 115000000,
      "fcf": 238000000,
      "ocf": 280000000,
      "capex": -42000000,
      "gross_margin": null,
      "op_margin": null,
      "fcf_margin": 0.2621145374449339,
      "rev_growth_yoy": 0.21862837203059993,
      "rev_growth_yoy_accel": -0.033713914040605586,
      "fcf_margin_change": -0.03339668450020328
    },
    {
      "date": "2023-12-31T00:00:00",
      "quarter_label": "2023-12 (Q4)",
      "revenue": 832000000,
      "gross_profit": null,
      "operating_income": null,
      "net_income": 91000000,
      "opex": null,
      "cogs": null,
      "rd": null,
      "sga": 116000000,
      "fcf": 253000000,
      "ocf": 290000000,
      "capex": -37000000,
      "gross_margin": null,
      "op_margin": null,
      "fcf_margin": 0.30408653846153844,
      "rev_growth_yoy": 0.056910569105691054,
      "rev_growth_yoy_accel": -0.16171780292490887,
      "fcf_margin_change": 0.04197200101660453
    },
    {
      "date": "2024-03-31T00:00:00",
      "quarter_label": "2024-03 (Q1)",
      "revenue": 804000000,
      "gross_profit": null,
      "operating_income": null,
      "net_income": 65000000,
      "opex": null,
      "cogs": null,
      "rd": null,
      "sga": 115000000,
      "fcf": 210000000,
      "ocf": 240000000,
      "capex": -30000000,
      "gross_margin": null,
      "op_margin": null,
      "fcf_margin": 0.26119402985074625,
      "rev_growth_yoy": 0.08648648648648649,
      "rev_growth_yoy_accel": 0.029575917380795437,
      "fcf_margin_change": -0.04289250861079219
    },
    {
      "date": "2024-06-30T00:00:00",
      "quarter_label": "2024-06 (Q2)",
      "revenue": 848000000,
      "gross_profit": null,
      "operating_income": null,
      "net_income": 70000000,
      "opex": null,
      "cogs": null,
      "rd": null,
      "sga": 120000000,
      "fcf": 277000000,
      "ocf": 318000000,
      "capex": -41000000,
      "gross_margin": null,
      "op_margin": null,
      "fcf_margin": 0.3266509433962264,
      "rev_growth_yoy": 0.057356608478802994,
      "rev_growth_yoy_accel": -0.029129878007683498,
      "fcf_margin_change": 0.06545691354548017
    },
    {
      "date": "2024-09-30T00:00:00",
      "quarter_label": "2024-09 (Q3)",
      "revenue": 965000000,
      "gross_profit": null,
      "operating_income": null,
      "net_income": 122000000,
      "opex": null,
      "cogs": null,
      "rd": null,
      "sga": 123000000,
      "fcf": 280000000,
      "ocf": 336000000,
      "capex": -56000000,
      "gross_margin": null,
      "op_margin": null,
      "fcf_margin": 0.29015544041450775,
      "rev_growth_yoy": 0.06277533039647577,
      "rev_growth_yoy_accel": 0.005418721917672779,
      "fcf_margin_change": -0.036495502981718664
    },
    {
      "date": "2024-12-31T00:00:00",
      "quarter_label": "2024-12 (Q4)",
      "revenue": 951000000,
      "gross_profit": null,
      "operating_income": null,
      "net_income": -46000000,
      "opex": null,
      "cogs": null,
      "rd": null,
      "sga": 122000000,
      "fcf": 297000000,
      "ocf": 331000000,
      "capex": -34000000,
      "gross_margin": null,
      "op_margin": null,
      "fcf_margin": 0.31230283911671924,
      "rev_growth_yoy": 0.14302884615384615,
      "rev_growth_yoy_accel": 0.08025351575737037,
      "fcf_margin_change": 0.022147398702211496
    },
    {
      "date": "2025-03-31T00:00:00",
      "quarter_label": "2025-03 (Q1)",
      "revenue": 861000000,
      "gross_profit": null,
      "operating_income": null,
      "net_income": -18000000,
      "opex": null,
      "cogs": null,
      "rd": null,
      "sga": 118000000,
      "fcf": 138000000,
      "ocf": 171000000,
      "capex": -33000000,
      "gross_margin": null,
      "op_margin": null,
      "fcf_margin": 0.1602787456445993,
      "rev_growth_yoy": 0.0708955223880597,
      "rev_growth_yoy_accel": -0.07213332376578645,
      "fcf_margin_change": -0.15202409347211995
    },
    {
      "date": "2025-06-30T00:00:00",
      "quarter_label": "2025-06 (Q2)",
      "revenue": 1002000000,
      "gross_profit": null,
      "operating_income": null,
      "net_income": -35000000,
      "opex": null,
      "cogs": null,
      "rd": null,
      "sga": 127000000,
      "fcf": 194000000,
      "ocf": 241000000,
      "capex": -47000000,
      "gross_margin": null,
      "op_margin": null,
      "fcf_margin": 0.1936127744510978,
      "rev_growth_yoy": 0.18160377358490565,
      "rev_growth_yoy_accel": 0.11070825119684595,
      "fcf_margin_change": 0.03333402880649852
    },
    {
      "date": "2025-09-30T00:00:00",
      "quarter_label": "2025-09 (Q3)",
      "revenue": 1304000000,
      "gross_profit": null,
      "operating_income": null,
      "net_income": 30000000,
      "opex": null,
      "cogs": null,
      "rd": null,
      "sga": 166000000,
      "fcf": 315000000,
      "ocf": 358000000,
      "capex": -43000000,
      "gross_margin": null,
      "op_margin": null,
      "fcf_margin": 0.2415644171779141,
      "rev_growth_yoy": 0.35129533678756475,
      "rev_growth_yoy_accel": 0.1696915632026591,
      "fcf_margin_change": 0.04795164272681629
    },
    {
      "date": "2025-12-31T00:00:00",
      "quarter_label": "2025-12 (Q4)",
      "revenue": 1209000000,
      "gross_profit": null,
      "operating_income": null,
      "net_income": 24000000,
      "opex": null,
      "cogs": null,
      "rd": null,
      "sga": 153000000,
      "fcf": 281000000,
      "ocf": 315000000,
      "capex": -34000000,
      "gross_margin": null,
      "op_margin": null,
      "fcf_margin": 0.23242349048800662,
      "rev_growth_yoy": 0.27129337539432175,
      "rev_growth_yoy_accel": -0.080001961393243,
      "fcf_margin_change": -0.009140926689907486
    }
  ],
  "signals": [
    {
      "quarter": "2025-12 (Q4)",
      "signal": "YoY REVENUE GROWTH DECELERATION",
      "detail": "YoY growth: +27.1% vs prior quarter YoY: +35.1% (decel: -8.0%)",
      "severity": "WARNING"
    },
    {
      "quarter": "2025-09 (Q3)",
      "signal": "YoY REVENUE GROWTH ACCELERATION",
      "detail": "YoY growth: +35.1% vs prior quarter YoY: +18.2% (accel: +17.0%)",
      "severity": "HIGH"
    },
    {
      "quarter": "2025-06 (Q2)",
      "signal": "YoY REVENUE GROWTH ACCELERATION",
      "detail": "YoY growth: +18.2% vs prior quarter YoY: +7.1% (accel: +11.1%)",
      "severity": "MEDIUM"
    },
    {
      "quarter": "2025-03 (Q1)",
      "signal": "YoY REVENUE GROWTH DECELERATION",
      "detail": "YoY growth: +7.1% vs prior quarter YoY: +14.3% (decel: -7.2%)",
      "severity": "WARNING"
    },
    {
      "quarter": "2024-12 (Q4)",
      "signal": "YoY REVENUE GROWTH ACCELERATION",
      "detail": "YoY growth: +14.3% vs prior quarter YoY: +6.3% (accel: +8.0%)",
      "severity": "MEDIUM"
    },
    {
      "quarter": "2024-06 (Q2)",
      "signal": "FCF MARGIN EXPANSION",
      "detail": "FCF margin: +26.1% -> +32.7% (+6.5%)",
      "severity": "MEDIUM"
    },
    {
      "quarter": "2023-12 (Q4)",
      "signal": "YoY REVENUE GROWTH DECELERATION",
      "detail": "YoY growth: +5.7% vs prior quarter YoY: +21.9% (decel: -16.2%)",
      "severity": "WARNING"
    },
    {
      "quarter": "2023-06 (Q2)",
      "signal": "YoY REVENUE GROWTH DECELERATION",
      "detail": "YoY growth: +25.2% vs prior quarter YoY: +30.4% (decel: -5.2%)",
      "severity": "WARNING"
    },
    {
      "quarter": "2023-03 (Q1)",
      "signal": "YoY REVENUE GROWTH DECELERATION",
      "detail": "YoY growth: +30.4% vs prior quarter YoY: +36.2% (decel: -5.8%)",
      "severity": "WARNING"
    },
    {
      "quarter": "2022-12 (Q4)",
      "signal": "FCF MARGIN EXPANSION",
      "detail": "FCF margin: +28.2% -> +34.6% (+6.4%)",
      "severity": "MEDIUM"
    },
    {
      "quarter": "2022-06 (Q2)",
      "signal": "FCF MARGIN EXPANSION",
      "detail": "FCF margin: +22.9% -> +31.4% (+8.5%)",
      "severity": "MEDIUM"
    },
    {
      "quarter": "2022-06 (Q2)",
      "signal": "YoY REVENUE GROWTH ACCELERATION",
      "detail": "YoY growth: +30.5% vs prior quarter YoY: +25.0% (accel: +5.4%)",
      "severity": "MEDIUM"
    },
    {
      "quarter": "2021-12 (Q4)",
      "signal": "FCF MARGIN EXPANSION",
      "detail": "FCF margin: +30.0% -> +38.7% (+8.7%)",
      "severity": "MEDIUM"
    },
    {
      "quarter": "2021-06 (Q2)",
      "signal": "FCF MARGIN EXPANSION",
      "detail": "FCF margin: +26.7% -> +37.8% (+11.1%)",
      "severity": "MEDIUM"
    }
  ],
  "data_quality": {
    "n_quarters": 20,
    "coverage": {
      "revenue": [
        20,
        20
      ],
      "gross_profit": [
        0,
        20
      ],
      "op_income": [
        0,
        20
      ],
      "fcf": [
        20,
        20
      ]
    },
    "gaps": [],
    "warnings": [
      "gross_profit: no data",
      "op_income: no data"
    ]
  },
  "market_cap": null,
  "source": "SEC EDGAR",
  "last_updated": "2026-02-24T10:32:41.006915"
}