{
  "ticker": "HRL",
  "name": "HORMEL FOODS CORPORATION",
  "quarters": [
    {
      "date": "2021-01-24T00:00:00",
      "quarter_label": "2021-01 (Q1)",
      "revenue": 2461147000,
      "gross_profit": 450170000,
      "operating_income": 268018000,
      "net_income": 222283000,
      "opex": 182152000,
      "cogs": 2010977000,
      "rd": null,
      "sga": 196380000,
      "fcf": 165323000,
      "ocf": 205686000,
      "capex": -40363000,
      "gross_margin": 0.18291065100946835,
      "op_margin": 0.10889963094443363,
      "fcf_margin": 0.06717315138023043
    },
    {
      "date": "2021-04-25T00:00:00",
      "quarter_label": "2021-04 (Q2)",
      "revenue": 2606621000,
      "gross_profit": 476307000,
      "operating_income": 289415000,
      "net_income": 227901000,
      "opex": 186892000,
      "cogs": 2130314000,
      "rd": null,
      "sga": 199966000,
      "fcf": 110392000,
      "ocf": 155573000,
      "capex": -45181000,
      "gross_margin": 0.18272967186253775,
      "op_margin": 0.11103071754581889,
      "fcf_margin": 0.04235061407086032,
      "op_leverage_ratio": 2.27145129386938,
      "fcf_margin_change": -0.02482253730937011
    },
    {
      "date": "2021-07-25T00:00:00",
      "quarter_label": "2021-07 (Q3)",
      "revenue": 2863670000,
      "gross_profit": 423348000,
      "operating_income": 207484000,
      "net_income": 176917000,
      "opex": 215864000,
      "cogs": 2440322000,
      "rd": null,
      "sga": 226284000,
      "fcf": 22710000,
      "ocf": 76527000,
      "capex": -53817000,
      "gross_margin": 0.14783407306009422,
      "op_margin": 0.07245387911316598,
      "fcf_margin": 0.007930383039945246,
      "op_leverage_ratio": 0.6361364251055592,
      "fcf_margin_change": -0.03442023103091507
    },
    {
      "date": "2021-10-31T00:00:00",
      "quarter_label": "2021-10 (Q4)",
      "revenue": 3454751000,
      "gross_profit": 578081000,
      "operating_income": 357682000,
      "net_income": 281738000,
      "opex": 220399000,
      "cogs": 2876670000,
      "rd": null,
      "sga": 230441000,
      "fcf": 471093000,
      "ocf": 564148000,
      "capex": -93055000,
      "gross_margin": 0.16732928074990064,
      "op_margin": 0.10353336608050769,
      "fcf_margin": 0.13636091284147542,
      "op_leverage_ratio": 9.824873300627187,
      "fcf_margin_change": 0.12843052980153016
    },
    {
      "date": "2022-01-30T00:00:00",
      "quarter_label": "2022-01 (Q1)",
      "revenue": 3044358000,
      "gross_profit": 538749000,
      "operating_income": 319675000,
      "net_income": 239571000,
      "opex": 219074000,
      "cogs": 2505610000,
      "rd": null,
      "sga": 225972000,
      "fcf": 334009000,
      "ocf": 383756000,
      "capex": -49747000,
      "gross_margin": 0.17696637517663824,
      "op_margin": 0.10500571877551852,
      "fcf_margin": 0.10971410064125178,
      "incr_op_margin_yoy": 0.08857343225693617,
      "rev_growth_yoy": 0.23696715393269885,
      "fcf_margin_change": -0.026646812200223635
    },
    {
      "date": "2022-05-01T00:00:00",
      "quarter_label": "2022-05 (Q2)",
      "revenue": 3096559000,
      "gross_profit": 553471000,
      "operating_income": 334728000,
      "net_income": 261617000,
      "opex": 218743000,
      "cogs": 2543088000,
      "rd": null,
      "sga": 224659000,
      "fcf": 114889000,
      "ocf": 193355000,
      "capex": -78466000,
      "gross_margin": 0.17873743080625945,
      "op_margin": 0.10809676159892319,
      "fcf_margin": 0.03710215112968944,
      "incr_op_margin_yoy": 0.0924872126677253,
      "rev_growth_yoy": 0.18795904736438476,
      "rev_growth_yoy_accel": -0.049008106568314086,
      "op_leverage_ratio": Infinity,
      "fcf_margin_change": -0.07261194951156234
    },
    {
      "date": "2022-07-31T00:00:00",
      "quarter_label": "2022-07 (Q3)",
      "revenue": 3034414000,
      "gross_profit": 506049000,
      "operating_income": 291040000,
      "net_income": 218915000,
      "opex": 215009000,
      "cogs": 2528364000,
      "rd": null,
      "sga": 222147000,
      "fcf": 125075000,
      "ocf": 186046000,
      "capex": -60971000,
      "gross_margin": 0.16676992658220005,
      "op_margin": 0.09591308239416244,
      "fcf_margin": 0.041218831708527574,
      "incr_op_margin_yoy": 0.4893641943494354,
      "rev_growth_yoy": 0.059624188541277455,
      "rev_growth_yoy_accel": -0.1283348588231073,
      "fcf_margin_change": 0.004116680578838135
    },
    {
      "date": "2022-10-30T00:00:00",
      "quarter_label": "2022-10 (Q4)",
      "revenue": 3283475000,
      "gross_profit": 566417000,
      "operating_income": 367164000,
      "net_income": 279884000,
      "opex": 199253000,
      "cogs": 2717058000,
      "rd": null,
      "sga": 206488000,
      "fcf": 282086000,
      "ocf": 371820000,
      "capex": -89734000,
      "gross_margin": 0.17250534875398776,
      "op_margin": 0.11182177418740816,
      "fcf_margin": 0.08591081095485728,
      "incr_op_margin_yoy": -0.05536093790139891,
      "rev_growth_yoy": -0.049576944908620045,
      "rev_growth_yoy_accel": -0.1092011334498975,
      "op_leverage_ratio": Infinity,
      "fcf_margin_change": 0.044691979246329706
    },
    {
      "date": "2023-01-29T00:00:00",
      "quarter_label": "2023-01 (Q1)",
      "revenue": 2970992000,
      "gross_profit": 495949000,
      "operating_income": 289452000,
      "net_income": 217719000,
      "opex": 206497000,
      "cogs": 2475043000,
      "rd": null,
      "sga": 222056000,
      "fcf": 166577000,
      "ocf": 203629000,
      "capex": -37052000,
      "gross_margin": 0.16693043939532654,
      "op_margin": 0.09742604490352044,
      "fcf_margin": 0.056067804962113665,
      "incr_op_margin_yoy": 0.41194831393288445,
      "rev_growth_yoy": -0.024099005438913558,
      "rev_growth_yoy_accel": 0.025477939469706487,
      "fcf_margin_change": -0.029843005992743615
    },
    {
      "date": "2023-04-30T00:00:00",
      "quarter_label": "2023-04 (Q2)",
      "revenue": 2977639000,
      "gross_profit": 491419000,
      "operating_income": 295798000,
      "net_income": 217239000,
      "opex": 195621000,
      "cogs": 2486220000,
      "rd": null,
      "sga": 212492000,
      "fcf": 154596000,
      "ocf": 208125000,
      "capex": -53529000,
      "gross_margin": 0.16503646009472606,
      "op_margin": 0.09933977893223457,
      "fcf_margin": 0.05191898682143806,
      "incr_op_margin_yoy": 0.32736293306424485,
      "rev_growth_yoy": -0.03840391867230691,
      "rev_growth_yoy_accel": -0.014304913233393349,
      "fcf_margin_change": -0.004148818140675609
    },
    {
      "date": "2023-07-30T00:00:00",
      "quarter_label": "2023-07 (Q3)",
      "revenue": 2963299000,
      "gross_profit": 498048000,
      "operating_income": 216759000,
      "net_income": 162679000,
      "opex": 281289000,
      "cogs": 2465251000,
      "rd": null,
      "sga": 291073000,
      "fcf": 239054000,
      "ocf": 317002000,
      "capex": -77948000,
      "gross_margin": 0.16807213851859026,
      "op_margin": 0.07314786661757723,
      "fcf_margin": 0.08067157583490563,
      "incr_op_margin_yoy": 1.0445194403431062,
      "rev_growth_yoy": -0.023436156041990314,
      "rev_growth_yoy_accel": 0.014967762630316593,
      "fcf_margin_change": 0.02875258901346757
    },
    {
      "date": "2023-10-29T00:00:00",
      "quarter_label": "2023-10 (Q4)",
      "revenue": 3198080000,
      "gross_profit": 514424000,
      "operating_income": 270037000,
      "net_income": 195935000,
      "opex": 244387000,
      "cogs": 2683655000,
      "rd": null,
      "sga": 216546000,
      "fcf": 217409000,
      "ocf": 319091000,
      "capex": -101682000,
      "gross_margin": 0.16085401240744446,
      "op_margin": 0.08443722483490095,
      "fcf_margin": 0.06798110116069642,
      "incr_op_margin_yoy": 1.1373850928040283,
      "rev_growth_yoy": -0.026007507290294583,
      "rev_growth_yoy_accel": -0.002571351248304269,
      "op_leverage_ratio": Infinity,
      "fcf_margin_change": -0.01269047467420921
    },
    {
      "date": "2024-01-28T00:00:00",
      "quarter_label": "2024-01 (Q1)",
      "revenue": 2996911000,
      "gross_profit": 508733000,
      "operating_income": 284438000,
      "net_income": 218863000,
      "opex": 224295000,
      "cogs": 2488178000,
      "rd": null,
      "sga": 240386000,
      "fcf": 356770000,
      "ocf": 403980000,
      "capex": -47210000,
      "gross_margin": 0.1697524551112796,
      "op_margin": 0.09491039273438551,
      "fcf_margin": 0.11904591093963084,
      "incr_op_margin_yoy": -0.19344882132798333,
      "rev_growth_yoy": 0.008724022144792043,
      "rev_growth_yoy_accel": 0.034731529435086624,
      "fcf_margin_change": 0.05106480977893442
    },
    {
      "date": "2024-04-28T00:00:00",
      "quarter_label": "2024-04 (Q2)",
      "revenue": 2887352000,
      "gross_profit": 503806000,
      "operating_income": 252320000,
      "net_income": 189278000,
      "opex": 251486000,
      "cogs": 2383546000,
      "rd": null,
      "sga": 266668000,
      "fcf": 176182000,
      "ocf": 236147000,
      "capex": -59965000,
      "gross_margin": 0.17448721181206864,
      "op_margin": 0.08738802889290949,
      "fcf_margin": 0.061018538785710924,
      "incr_op_margin_yoy": 0.4815532690199032,
      "rev_growth_yoy": -0.030321674319821846,
      "rev_growth_yoy_accel": -0.03904569646461389,
      "fcf_margin_change": -0.05802737215391991
    },
    {
      "date": "2024-07-28T00:00:00",
      "quarter_label": "2024-07 (Q3)",
      "revenue": 2898443000,
      "gross_profit": 488369000,
      "operating_income": 236693000,
      "net_income": 176701000,
      "opex": 251676000,
      "cogs": 2410075000,
      "rd": null,
      "sga": 259653000,
      "fcf": 152509000,
      "ocf": 217990000,
      "capex": -65481000,
      "gross_margin": 0.16849356706341992,
      "op_margin": 0.08166211997268878,
      "fcf_margin": 0.05261756053163716,
      "incr_op_margin_yoy": -0.3073578389046503,
      "rev_growth_yoy": -0.021886417806640503,
      "rev_growth_yoy_accel": 0.008435256513181343,
      "fcf_margin_change": -0.008400978254073765
    },
    {
      "date": "2024-10-27T00:00:00",
      "quarter_label": "2024-10 (Q4)",
      "revenue": 3138091000,
      "gross_profit": 521230000,
      "operating_income": 294480000,
      "net_income": 220196000,
      "opex": 226750000,
      "cogs": 2616861000,
      "rd": null,
      "sga": 238587000,
      "fcf": 324836000,
      "ocf": 408621000,
      "capex": -83785000,
      "gross_margin": 0.1660977963991484,
      "op_margin": 0.09384049092266604,
      "fcf_margin": 0.10351388790191234,
      "incr_op_margin_yoy": -0.40745803397289504,
      "rev_growth_yoy": -0.018757817190314188,
      "rev_growth_yoy_accel": 0.003128600616326315,
      "op_leverage_ratio": Infinity,
      "fcf_margin_change": 0.05089632737027518
    },
    {
      "date": "2025-01-26T00:00:00",
      "quarter_label": "2025-01 (Q1)",
      "revenue": 2988813000,
      "gross_profit": 475232000,
      "operating_income": 228330000,
      "net_income": 170575000,
      "opex": 246902000,
      "cogs": 2513581000,
      "rd": null,
      "sga": 263013000,
      "fcf": 237039000,
      "ocf": 309206000,
      "capex": -72167000,
      "gross_margin": 0.1590035910577209,
      "op_margin": 0.0763948764944478,
      "fcf_margin": 0.07930874230003684,
      "incr_op_margin_yoy": 6.928624351691775,
      "rev_growth_yoy": -0.002702115611708189,
      "rev_growth_yoy_accel": 0.016055701578606,
      "fcf_margin_change": -0.02420514560187549
    },
    {
      "date": "2025-04-27T00:00:00",
      "quarter_label": "2025-04 (Q2)",
      "revenue": 2898810000,
      "gross_profit": 484433000,
      "operating_income": 248352000,
      "net_income": 180017000,
      "opex": 236081000,
      "cogs": 2414377000,
      "rd": null,
      "sga": 251432000,
      "fcf": -18643000,
      "ocf": 56440000,
      "capex": -75083000,
      "gross_margin": 0.16711443661364492,
      "op_margin": 0.0856737764806938,
      "fcf_margin": -0.0064312597238177045,
      "incr_op_margin_yoy": -0.3463082562401815,
      "rev_growth_yoy": 0.003968341927136005,
      "rev_growth_yoy_accel": 0.006670457538844194,
      "fcf_margin_change": -0.08574000202385455
    },
    {
      "date": "2025-07-27T00:00:00",
      "quarter_label": "2025-07 (Q3)",
      "revenue": 3032876000,
      "gross_profit": 487309000,
      "operating_income": 239748000,
      "net_income": 183742000,
      "opex": 247561000,
      "cogs": 2545567000,
      "rd": null,
      "sga": 258713000,
      "fcf": 84505000,
      "ocf": 156699000,
      "capex": -72194000,
      "gross_margin": 0.1606755436094321,
      "op_margin": 0.07904972046334897,
      "fcf_margin": 0.02786299209067565,
      "incr_op_margin_yoy": 0.022725074944396094,
      "rev_growth_yoy": 0.04638110875390684,
      "rev_growth_yoy_accel": 0.04241276682677083,
      "op_leverage_ratio": 0.9510821900160472,
      "fcf_margin_change": 0.03429425181449335
    },
    {
      "date": "2025-10-26T00:00:00",
      "quarter_label": "2025-10 (Q4)",
      "revenue": 3185661000,
      "gross_profit": 444841000,
      "operating_income": 2173000,
      "net_income": -56137000,
      "opex": 442668000,
      "cogs": 2740820000,
      "rd": null,
      "sga": 223466000,
      "fcf": 231448000,
      "ocf": 322906000,
      "capex": -91458000,
      "gross_margin": 0.1396385239986301,
      "op_margin": 0.0006821190327533281,
      "fcf_margin": 0.07265305379323161,
      "incr_op_margin_yoy": -6.1447761194029855,
      "rev_growth_yoy": 0.015158897559057402,
      "rev_growth_yoy_accel": -0.031222211194849435,
      "op_leverage_ratio": 0.06391980497559958,
      "fcf_margin_change": 0.044790061702555964
    }
  ],
  "signals": [
    {
      "quarter": "2025-07 (Q3)",
      "signal": "FCF TURNED POSITIVE",
      "detail": "FCF margin: -0.6% -> +2.8%",
      "severity": "HIGH"
    },
    {
      "quarter": "2025-01 (Q1)",
      "signal": "INCREMENTAL MARGIN (YoY)",
      "detail": "YoY Incr OPM: +692.9% vs year-ago OPM: +9.5%",
      "severity": "HIGH"
    },
    {
      "quarter": "2024-10 (Q4)",
      "signal": "FCF MARGIN EXPANSION",
      "detail": "FCF margin: +5.3% -> +10.4% (+5.1%)",
      "severity": "MEDIUM"
    },
    {
      "quarter": "2024-04 (Q2)",
      "signal": "INCREMENTAL MARGIN (YoY)",
      "detail": "YoY Incr OPM: +48.2% vs year-ago OPM: +9.9%",
      "severity": "HIGH"
    },
    {
      "quarter": "2024-01 (Q1)",
      "signal": "FCF MARGIN EXPANSION",
      "detail": "FCF margin: +6.8% -> +11.9% (+5.1%)",
      "severity": "MEDIUM"
    },
    {
      "quarter": "2023-10 (Q4)",
      "signal": "INCREMENTAL MARGIN (YoY)",
      "detail": "YoY Incr OPM: +113.7% vs year-ago OPM: +11.2%",
      "severity": "HIGH"
    },
    {
      "quarter": "2023-07 (Q3)",
      "signal": "INCREMENTAL MARGIN (YoY)",
      "detail": "YoY Incr OPM: +104.5% vs year-ago OPM: +9.6%",
      "severity": "HIGH"
    },
    {
      "quarter": "2023-04 (Q2)",
      "signal": "INCREMENTAL MARGIN (YoY)",
      "detail": "YoY Incr OPM: +32.7% vs year-ago OPM: +10.8%",
      "severity": "HIGH"
    },
    {
      "quarter": "2023-01 (Q1)",
      "signal": "INCREMENTAL MARGIN (YoY)",
      "detail": "YoY Incr OPM: +41.2% vs year-ago OPM: +10.5%",
      "severity": "HIGH"
    },
    {
      "quarter": "2022-10 (Q4)",
      "signal": "YoY REVENUE GROWTH DECELERATION",
      "detail": "YoY growth: -5.0% vs prior quarter YoY: +6.0% (decel: -10.9%)",
      "severity": "WARNING"
    },
    {
      "quarter": "2022-07 (Q3)",
      "signal": "YoY REVENUE GROWTH DECELERATION",
      "detail": "YoY growth: +6.0% vs prior quarter YoY: +18.8% (decel: -12.8%)",
      "severity": "WARNING"
    },
    {
      "quarter": "2022-07 (Q3)",
      "signal": "INCREMENTAL MARGIN (YoY)",
      "detail": "YoY Incr OPM: +48.9% vs year-ago OPM: +7.2%",
      "severity": "HIGH"
    },
    {
      "quarter": "2021-10 (Q4)",
      "signal": "FCF MARGIN EXPANSION",
      "detail": "FCF margin: +0.8% -> +13.6% (+12.8%)",
      "severity": "MEDIUM"
    },
    {
      "quarter": "2021-10 (Q4)",
      "signal": "OPERATING LEVERAGE",
      "detail": "Rev growth +20.6% vs OpEx growth +2.1% (leverage: 9.8x)",
      "severity": "MEDIUM"
    },
    {
      "quarter": "2021-04 (Q2)",
      "signal": "OPERATING LEVERAGE",
      "detail": "Rev growth +5.9% vs OpEx growth +2.6% (leverage: 2.3x)",
      "severity": "MEDIUM"
    }
  ],
  "data_quality": {
    "n_quarters": 20,
    "coverage": {
      "revenue": [
        20,
        20
      ],
      "gross_profit": [
        20,
        20
      ],
      "op_income": [
        20,
        20
      ],
      "fcf": [
        20,
        20
      ]
    },
    "gaps": [],
    "warnings": []
  },
  "market_cap": null,
  "source": "SEC EDGAR",
  "last_updated": "2026-02-02T20:28:41.042292",
  "sector": "Consumer Defensive",
  "industry": "Packaged Foods"
}