{
  "ticker": "HRTG",
  "name": "Heritage Insurance Holdings, Inc.",
  "quarters": [
    {
      "date": "2020-12-31T00:00:00",
      "quarter_label": "2020-12 (Q4)",
      "revenue": 159548000,
      "gross_profit": null,
      "operating_income": -5056000,
      "net_income": 2807000,
      "opex": null,
      "cogs": null,
      "rd": null,
      "sga": 21954000,
      "fcf": 51523000,
      "ocf": 51650000,
      "capex": -127000,
      "gross_margin": null,
      "op_margin": -0.03168952290219871,
      "fcf_margin": 0.3229310301602026
    },
    {
      "date": "2021-03-31T00:00:00",
      "quarter_label": "2021-03 (Q1)",
      "revenue": 147243000,
      "gross_profit": null,
      "operating_income": -5832000,
      "net_income": -5148000,
      "opex": null,
      "cogs": null,
      "rd": null,
      "sga": 19800000,
      "fcf": 38806000,
      "ocf": 39227000,
      "capex": -421000,
      "gross_margin": null,
      "op_margin": -0.03960799494712822,
      "fcf_margin": 0.26355072906691657,
      "fcf_margin_change": -0.059380301093286014
    },
    {
      "date": "2021-06-30T00:00:00",
      "quarter_label": "2021-06 (Q2)",
      "revenue": 150197000,
      "gross_profit": null,
      "operating_income": -3990000,
      "net_income": -3950000,
      "opex": null,
      "cogs": null,
      "rd": null,
      "sga": 15520000,
      "fcf": 64849000,
      "ocf": 65175000,
      "capex": -326000,
      "gross_margin": null,
      "op_margin": -0.026565111154017725,
      "fcf_margin": 0.43175962236263044,
      "fcf_margin_change": 0.16820889329571387
    },
    {
      "date": "2021-09-30T00:00:00",
      "quarter_label": "2021-09 (Q3)",
      "revenue": 167408000,
      "gross_profit": null,
      "operating_income": -15377000,
      "net_income": -16410000,
      "opex": null,
      "cogs": null,
      "rd": null,
      "sga": 17169000,
      "fcf": -31775000,
      "ocf": -31630000,
      "capex": -145000,
      "gross_margin": null,
      "op_margin": -0.091853435917041,
      "fcf_margin": -0.18980574405046355,
      "fcf_margin_change": -0.621565366413094
    },
    {
      "date": "2021-12-31T00:00:00",
      "quarter_label": "2021-12 (Q4)",
      "revenue": 166712000,
      "gross_profit": null,
      "operating_income": -42865000,
      "net_income": -49218000,
      "opex": null,
      "cogs": null,
      "rd": null,
      "sga": 13297000,
      "fcf": -12757000,
      "ocf": -12642000,
      "capex": -115000,
      "gross_margin": null,
      "op_margin": -0.25712006334277077,
      "fcf_margin": -0.07652118623734344,
      "incr_op_margin_yoy": -5.277638190954774,
      "rev_growth_yoy": 0.04490184771980846,
      "fcf_margin_change": 0.11328455781312011
    },
    {
      "date": "2022-03-31T00:00:00",
      "quarter_label": "2022-03 (Q1)",
      "revenue": 158608000,
      "gross_profit": null,
      "operating_income": -39411000,
      "net_income": -30759000,
      "opex": null,
      "cogs": null,
      "rd": null,
      "sga": 19724000,
      "fcf": -39383000,
      "ocf": -39206000,
      "capex": -177000,
      "gross_margin": null,
      "op_margin": -0.24848053061636236,
      "fcf_margin": -0.24830399475436296,
      "incr_op_margin_yoy": -2.9545974483062034,
      "rev_growth_yoy": 0.07718533308883954,
      "rev_growth_yoy_accel": 0.032283485369031084,
      "fcf_margin_change": -0.17178280851701952
    },
    {
      "date": "2022-06-30T00:00:00",
      "quarter_label": "2022-06 (Q2)",
      "revenue": 163770000,
      "gross_profit": null,
      "operating_income": -85552000,
      "net_income": -87866000,
      "opex": null,
      "cogs": null,
      "rd": null,
      "sga": 17466000,
      "fcf": -9537000,
      "ocf": -8329000,
      "capex": -1208000,
      "gross_margin": null,
      "op_margin": -0.5223911583318068,
      "fcf_margin": -0.058234108811137573,
      "incr_op_margin_yoy": -6.00913578427761,
      "rev_growth_yoy": 0.09036798338182521,
      "rev_growth_yoy_accel": 0.013182650292985668,
      "fcf_margin_change": 0.19006988594322538
    },
    {
      "date": "2022-09-30T00:00:00",
      "quarter_label": "2022-09 (Q3)",
      "revenue": 165493000,
      "gross_profit": null,
      "operating_income": -47308000,
      "net_income": -48240000,
      "opex": null,
      "cogs": null,
      "rd": null,
      "sga": 17758000,
      "fcf": 28529000,
      "ocf": 32055000,
      "capex": -3526000,
      "gross_margin": null,
      "op_margin": -0.28586103339718294,
      "fcf_margin": 0.1723879559860538,
      "incr_op_margin_yoy": 16.67415143603133,
      "rev_growth_yoy": -0.01143911879957947,
      "rev_growth_yoy_accel": -0.10180710218140468,
      "fcf_margin_change": 0.23062206479719138
    },
    {
      "date": "2022-12-31T00:00:00",
      "quarter_label": "2022-12 (Q4)",
      "revenue": 174589000,
      "gross_profit": null,
      "operating_income": 14908000,
      "net_income": 12501000,
      "opex": null,
      "cogs": null,
      "rd": null,
      "sga": 15449000,
      "fcf": -22426000,
      "ocf": -18780000,
      "capex": -3646000,
      "gross_margin": null,
      "op_margin": 0.08538911386169805,
      "fcf_margin": -0.12845024600633487,
      "incr_op_margin_yoy": 7.334391265710296,
      "rev_growth_yoy": 0.047249148231680985,
      "rev_growth_yoy_accel": 0.058688267031260455,
      "fcf_margin_change": -0.30083820199238864
    },
    {
      "date": "2023-03-31T00:00:00",
      "quarter_label": "2023-03 (Q1)",
      "revenue": 176921000,
      "gross_profit": null,
      "operating_income": 20091000,
      "net_income": 14008000,
      "opex": null,
      "cogs": null,
      "rd": null,
      "sga": 19054000,
      "fcf": 12533000,
      "ocf": 14946000,
      "capex": -2413000,
      "gross_margin": null,
      "op_margin": 0.11355915917273811,
      "fcf_margin": 0.07083952724662419,
      "incr_op_margin_yoy": 3.249167258231857,
      "rev_growth_yoy": 0.11546075859981841,
      "rev_growth_yoy_accel": 0.06821161036813743,
      "fcf_margin_change": 0.19928977325295905
    },
    {
      "date": "2023-06-30T00:00:00",
      "quarter_label": "2023-06 (Q2)",
      "revenue": 185313000,
      "gross_profit": null,
      "operating_income": 16391000,
      "net_income": 7779000,
      "opex": null,
      "cogs": null,
      "rd": null,
      "sga": 20058000,
      "fcf": 5494000,
      "ocf": 9173000,
      "capex": -3679000,
      "gross_margin": null,
      "op_margin": 0.08845035156734822,
      "fcf_margin": 0.02964713754566598,
      "incr_op_margin_yoy": 4.732070742236457,
      "rev_growth_yoy": 0.1315442388715882,
      "rev_growth_yoy_accel": 0.016083480271769784,
      "fcf_margin_change": -0.04119238970095821
    },
    {
      "date": "2023-09-30T00:00:00",
      "quarter_label": "2023-09 (Q3)",
      "revenue": 186300000,
      "gross_profit": null,
      "operating_income": -9435000,
      "net_income": -7424000,
      "opex": null,
      "cogs": null,
      "rd": null,
      "sga": 21911000,
      "fcf": -55814000,
      "ocf": -53461000,
      "capex": -2353000,
      "gross_margin": null,
      "op_margin": -0.05064412238325282,
      "fcf_margin": -0.2995920558239399,
      "incr_op_margin_yoy": 1.8202047387898304,
      "rev_growth_yoy": 0.1257273721547135,
      "rev_growth_yoy_accel": -0.005816866716874702,
      "fcf_margin_change": -0.3292391933696059
    },
    {
      "date": "2023-12-31T00:00:00",
      "quarter_label": "2023-12 (Q4)",
      "revenue": 186964000,
      "gross_profit": null,
      "operating_income": 36168000,
      "net_income": 30944000,
      "opex": null,
      "cogs": null,
      "rd": null,
      "sga": 16755000,
      "fcf": 98312000,
      "ocf": 99757000,
      "capex": -1445000,
      "gross_margin": null,
      "op_margin": 0.19344900622579747,
      "fcf_margin": 0.5258338503669155,
      "incr_op_margin_yoy": 1.717979797979798,
      "rev_growth_yoy": 0.07088075422850237,
      "rev_growth_yoy_accel": -0.05484661792621112,
      "fcf_margin_change": 0.8254259061908554
    },
    {
      "date": "2024-03-31T00:00:00",
      "quarter_label": "2024-03 (Q1)",
      "revenue": 191302000,
      "gross_profit": null,
      "operating_income": 22704000,
      "net_income": 14225000,
      "opex": null,
      "cogs": null,
      "rd": null,
      "sga": 19634000,
      "fcf": 4079000,
      "ocf": 4308000,
      "capex": -229000,
      "gross_margin": null,
      "op_margin": 0.11868145654514851,
      "fcf_margin": 0.021322307137405776,
      "incr_op_margin_yoy": 0.18169807384743758,
      "rev_growth_yoy": 0.08128486725713736,
      "rev_growth_yoy_accel": 0.01040411302863499,
      "fcf_margin_change": -0.5045115432295098
    },
    {
      "date": "2024-06-30T00:00:00",
      "quarter_label": "2024-06 (Q2)",
      "revenue": 203571000,
      "gross_profit": null,
      "operating_income": 27639000,
      "net_income": 18869000,
      "opex": null,
      "cogs": null,
      "rd": null,
      "sga": 22780000,
      "fcf": 149767000,
      "ocf": 152230000,
      "capex": -2463000,
      "gross_margin": null,
      "op_margin": 0.1357708121490782,
      "fcf_margin": 0.7356990926998442,
      "incr_op_margin_yoy": 0.6160587139883886,
      "rev_growth_yoy": 0.09852519790840363,
      "rev_growth_yoy_accel": 0.01724033065126626,
      "fcf_margin_change": 0.7143767855624384
    },
    {
      "date": "2024-09-30T00:00:00",
      "quarter_label": "2024-09 (Q3)",
      "revenue": 211849000,
      "gross_profit": null,
      "operating_income": 11749000,
      "net_income": 8152000,
      "opex": null,
      "cogs": null,
      "rd": null,
      "sga": 21572000,
      "fcf": -16340000,
      "ocf": -13365000,
      "capex": -2975000,
      "gross_margin": null,
      "op_margin": 0.05545931300124145,
      "fcf_margin": -0.0771304089233369,
      "incr_op_margin_yoy": 0.8291518259031665,
      "rev_growth_yoy": 0.13713902308105205,
      "rev_growth_yoy_accel": 0.03861382517264843,
      "fcf_margin_change": -0.8128295016231811
    },
    {
      "date": "2024-12-31T00:00:00",
      "quarter_label": "2024-12 (Q4)",
      "revenue": 210263000,
      "gross_profit": null,
      "operating_income": 31518000,
      "net_income": 20293000,
      "opex": null,
      "cogs": null,
      "rd": null,
      "sga": 21153000,
      "fcf": -58641000,
      "ocf": -56078000,
      "capex": -2563000,
      "gross_margin": null,
      "op_margin": 0.14989798490461945,
      "fcf_margin": -0.27889357614035754,
      "incr_op_margin_yoy": -0.19957938108931714,
      "rev_growth_yoy": 0.12461757343659742,
      "rev_growth_yoy_accel": -0.012521449644454632,
      "fcf_margin_change": -0.20176316721702064
    },
    {
      "date": "2025-03-31T00:00:00",
      "quarter_label": "2025-03 (Q1)",
      "revenue": 211520000,
      "gross_profit": null,
      "operating_income": 42436000,
      "net_income": 30474000,
      "opex": null,
      "cogs": null,
      "rd": null,
      "sga": 23862000,
      "fcf": -1259000,
      "ocf": 837000,
      "capex": -2096000,
      "gross_margin": null,
      "op_margin": 0.20062405446293494,
      "fcf_margin": -0.005952155824508321,
      "incr_op_margin_yoy": 0.9759620140468889,
      "rev_growth_yoy": 0.10568629705910026,
      "rev_growth_yoy_accel": -0.018931276377497155,
      "fcf_margin_change": 0.2729414203158492
    },
    {
      "date": "2025-06-30T00:00:00",
      "quarter_label": "2025-06 (Q2)",
      "revenue": 208035000,
      "gross_profit": null,
      "operating_income": 64870000,
      "net_income": 48024000,
      "opex": null,
      "cogs": null,
      "rd": null,
      "sga": 24399000,
      "fcf": 41757000,
      "ocf": 43292000,
      "capex": -1535000,
      "gross_margin": null,
      "op_margin": 0.3118225298627635,
      "fcf_margin": 0.2007210325185666,
      "incr_op_margin_yoy": 8.340277777777779,
      "rev_growth_yoy": 0.021928467217825723,
      "rev_growth_yoy_accel": -0.08375782984127454,
      "fcf_margin_change": 0.2066731883430749
    },
    {
      "date": "2025-09-30T00:00:00",
      "quarter_label": "2025-09 (Q3)",
      "revenue": 212459000,
      "gross_profit": null,
      "operating_income": 70166000,
      "net_income": 50421000,
      "opex": null,
      "cogs": null,
      "rd": null,
      "sga": 22345000,
      "fcf": 122720000,
      "ocf": 124303000,
      "capex": -1583000,
      "gross_margin": null,
      "op_margin": 0.33025666128523623,
      "fcf_margin": 0.5776173285198556,
      "rev_growth_yoy": 0.0028794093906508882,
      "rev_growth_yoy_accel": -0.019049057827174833,
      "fcf_margin_change": 0.376896296001289
    }
  ],
  "signals": [
    {
      "quarter": "2025-09 (Q3)",
      "signal": "FCF MARGIN EXPANSION",
      "detail": "FCF margin: +20.1% -> +57.8% (+37.7%)",
      "severity": "MEDIUM"
    },
    {
      "quarter": "2025-06 (Q2)",
      "signal": "FCF TURNED POSITIVE",
      "detail": "FCF margin: -0.6% -> +20.1%",
      "severity": "HIGH"
    },
    {
      "quarter": "2025-06 (Q2)",
      "signal": "YoY REVENUE GROWTH DECELERATION",
      "detail": "YoY growth: +2.2% vs prior quarter YoY: +10.6% (decel: -8.4%)",
      "severity": "WARNING"
    },
    {
      "quarter": "2025-06 (Q2)",
      "signal": "INCREMENTAL MARGIN (YoY)",
      "detail": "YoY Incr OPM: +834.0% vs year-ago OPM: +13.6%",
      "severity": "HIGH"
    },
    {
      "quarter": "2025-03 (Q1)",
      "signal": "FCF MARGIN EXPANSION",
      "detail": "FCF margin: -27.9% -> -0.6% (+27.3%)",
      "severity": "MEDIUM"
    },
    {
      "quarter": "2025-03 (Q1)",
      "signal": "INCREMENTAL MARGIN (YoY)",
      "detail": "YoY Incr OPM: +97.6% vs year-ago OPM: +11.9%",
      "severity": "HIGH"
    },
    {
      "quarter": "2024-09 (Q3)",
      "signal": "OP MARGIN TURNED POSITIVE (YoY)",
      "detail": "Op margin: -5.1% (year-ago) -> +5.5%",
      "severity": "HIGH"
    },
    {
      "quarter": "2024-06 (Q2)",
      "signal": "FCF MARGIN EXPANSION",
      "detail": "FCF margin: +2.1% -> +73.6% (+71.4%)",
      "severity": "MEDIUM"
    },
    {
      "quarter": "2024-06 (Q2)",
      "signal": "INCREMENTAL MARGIN (YoY)",
      "detail": "YoY Incr OPM: +61.6% vs year-ago OPM: +8.8%",
      "severity": "HIGH"
    },
    {
      "quarter": "2023-12 (Q4)",
      "signal": "FCF TURNED POSITIVE",
      "detail": "FCF margin: -30.0% -> +52.6%",
      "severity": "HIGH"
    },
    {
      "quarter": "2023-12 (Q4)",
      "signal": "YoY REVENUE GROWTH DECELERATION",
      "detail": "YoY growth: +7.1% vs prior quarter YoY: +12.6% (decel: -5.5%)",
      "severity": "WARNING"
    },
    {
      "quarter": "2023-12 (Q4)",
      "signal": "INCREMENTAL MARGIN (YoY)",
      "detail": "YoY Incr OPM: +171.8% vs year-ago OPM: +8.5%",
      "severity": "HIGH"
    },
    {
      "quarter": "2023-12 (Q4)",
      "signal": "OP MARGIN TURNED POSITIVE (QoQ)",
      "detail": "Op margin: -5.1% -> +19.3%",
      "severity": "HIGH"
    },
    {
      "quarter": "2023-06 (Q2)",
      "signal": "OP MARGIN TURNED POSITIVE (YoY)",
      "detail": "Op margin: -52.2% (year-ago) -> +8.8%",
      "severity": "HIGH"
    },
    {
      "quarter": "2023-03 (Q1)",
      "signal": "FCF TURNED POSITIVE",
      "detail": "FCF margin: -12.8% -> +7.1%",
      "severity": "HIGH"
    },
    {
      "quarter": "2023-03 (Q1)",
      "signal": "YoY REVENUE GROWTH ACCELERATION",
      "detail": "YoY growth: +11.5% vs prior quarter YoY: +4.7% (accel: +6.8%)",
      "severity": "MEDIUM"
    },
    {
      "quarter": "2023-03 (Q1)",
      "signal": "OP MARGIN TURNED POSITIVE (YoY)",
      "detail": "Op margin: -24.8% (year-ago) -> +11.4%",
      "severity": "HIGH"
    },
    {
      "quarter": "2022-12 (Q4)",
      "signal": "YoY REVENUE GROWTH ACCELERATION",
      "detail": "YoY growth: +4.7% vs prior quarter YoY: -1.1% (accel: +5.9%)",
      "severity": "MEDIUM"
    },
    {
      "quarter": "2022-12 (Q4)",
      "signal": "OP MARGIN TURNED POSITIVE (YoY)",
      "detail": "Op margin: -25.7% (year-ago) -> +8.5%",
      "severity": "HIGH"
    },
    {
      "quarter": "2022-12 (Q4)",
      "signal": "OP MARGIN TURNED POSITIVE (QoQ)",
      "detail": "Op margin: -28.6% -> +8.5%",
      "severity": "HIGH"
    },
    {
      "quarter": "2022-09 (Q3)",
      "signal": "FCF TURNED POSITIVE",
      "detail": "FCF margin: -5.8% -> +17.2%",
      "severity": "HIGH"
    },
    {
      "quarter": "2022-09 (Q3)",
      "signal": "YoY REVENUE GROWTH DECELERATION",
      "detail": "YoY growth: -1.1% vs prior quarter YoY: +9.0% (decel: -10.2%)",
      "severity": "WARNING"
    },
    {
      "quarter": "2022-06 (Q2)",
      "signal": "FCF MARGIN EXPANSION",
      "detail": "FCF margin: -24.8% -> -5.8% (+19.0%)",
      "severity": "MEDIUM"
    },
    {
      "quarter": "2021-12 (Q4)",
      "signal": "FCF MARGIN EXPANSION",
      "detail": "FCF margin: -19.0% -> -7.7% (+11.3%)",
      "severity": "MEDIUM"
    },
    {
      "quarter": "2021-06 (Q2)",
      "signal": "FCF MARGIN EXPANSION",
      "detail": "FCF margin: +26.4% -> +43.2% (+16.8%)",
      "severity": "MEDIUM"
    }
  ],
  "data_quality": {
    "n_quarters": 20,
    "coverage": {
      "revenue": [
        20,
        20
      ],
      "gross_profit": [
        0,
        20
      ],
      "op_income": [
        20,
        20
      ],
      "fcf": [
        20,
        20
      ]
    },
    "gaps": [],
    "warnings": [
      "gross_profit: no data"
    ]
  },
  "market_cap": null,
  "source": "SEC EDGAR",
  "last_updated": "2026-02-02T22:09:48.233778",
  "sector": "Financial Services",
  "industry": "Insurance - Property & Casualty"
}