{
  "ticker": "HSIC",
  "name": "HENRY SCHEIN INC",
  "quarters": [
    {
      "date": "2020-12-26T00:00:00",
      "quarter_label": "2020-12 (Q4)",
      "revenue": 3165725000,
      "gross_profit": 859711000,
      "operating_income": 181200000,
      "net_income": 142633000,
      "opex": 678511000,
      "cogs": 2306014000,
      "rd": null,
      "sga": 674131000,
      "fcf": 349938000,
      "ocf": 349938000,
      "capex": null,
      "gross_margin": 0.27156844008876324,
      "op_margin": 0.05723807342709806,
      "fcf_margin": 0.11053960783074968
    },
    {
      "date": "2021-03-27T00:00:00",
      "quarter_label": "2021-03 (Q1)",
      "revenue": 2924961000,
      "gross_profit": 890851000,
      "operating_income": 229928000,
      "net_income": 165997000,
      "opex": 660923000,
      "cogs": 2034110000,
      "rd": null,
      "sga": 657992000,
      "fcf": 63000000,
      "ocf": 63000000,
      "capex": null,
      "gross_margin": 0.30456850535784924,
      "op_margin": 0.07860891136668147,
      "fcf_margin": 0.02153874872177783,
      "fcf_margin_change": -0.08900085910897185
    },
    {
      "date": "2021-06-26T00:00:00",
      "quarter_label": "2021-06 (Q2)",
      "revenue": 2967223000,
      "gross_profit": 889751000,
      "operating_income": 210346000,
      "net_income": 155716000,
      "opex": 679405000,
      "cogs": 2077472000,
      "rd": null,
      "sga": 678801000,
      "fcf": 159000000,
      "ocf": 159000000,
      "capex": null,
      "gross_margin": 0.29985983527358745,
      "op_margin": 0.07088985222883484,
      "fcf_margin": 0.05358545683961064,
      "op_leverage_ratio": 0.5166921524323521,
      "fcf_margin_change": 0.03204670811783281
    },
    {
      "date": "2021-09-25T00:00:00",
      "quarter_label": "2021-09 (Q3)",
      "revenue": 3178315000,
      "gross_profit": 912145000,
      "operating_income": 210821000,
      "net_income": 162286000,
      "opex": 701324000,
      "cogs": 2266170000,
      "rd": null,
      "sga": 701499000,
      "fcf": 211000000,
      "ocf": 211000000,
      "capex": null,
      "gross_margin": 0.2869901189781378,
      "op_margin": 0.06633105906746185,
      "fcf_margin": 0.06638737821770341,
      "op_leverage_ratio": 2.2051066043561716,
      "fcf_margin_change": 0.012801921378092766
    },
    {
      "date": "2021-12-25T00:00:00",
      "quarter_label": "2021-12 (Q4)",
      "revenue": 3330522000,
      "gross_profit": 979504000,
      "operating_income": 200561000,
      "net_income": 147233000,
      "opex": 778943000,
      "cogs": 2351018000,
      "rd": null,
      "sga": 774364000,
      "fcf": 277000000,
      "ocf": 277000000,
      "capex": null,
      "gross_margin": 0.29409924330180076,
      "op_margin": 0.06021908877947661,
      "fcf_margin": 0.08317014570088413,
      "incr_op_margin_yoy": 0.11748393478036614,
      "rev_growth_yoy": 0.052056637894952976,
      "op_leverage_ratio": 0.43270144593236515,
      "fcf_margin_change": 0.01678276748318072
    },
    {
      "date": "2022-03-26T00:00:00",
      "quarter_label": "2022-03 (Q1)",
      "revenue": 3179000000,
      "gross_profit": 973000000,
      "operating_income": 244000000,
      "net_income": 181000000,
      "opex": 729000000,
      "cogs": 2206000000,
      "rd": null,
      "sga": 682000000,
      "fcf": 93000000,
      "ocf": 93000000,
      "capex": null,
      "gross_margin": 0.30607109153821954,
      "op_margin": 0.07675369613085876,
      "fcf_margin": 0.029254482541679772,
      "incr_op_margin_yoy": 0.05539306956805845,
      "rev_growth_yoy": 0.08685209819891615,
      "rev_growth_yoy_accel": 0.034795460303963174,
      "fcf_margin_change": -0.05391566315920436
    },
    {
      "date": "2022-06-25T00:00:00",
      "quarter_label": "2022-06 (Q2)",
      "revenue": 3030000000,
      "gross_profit": 945000000,
      "operating_income": 220000000,
      "net_income": 160000000,
      "opex": 725000000,
      "cogs": 2085000000,
      "rd": null,
      "sga": 680000000,
      "fcf": 157000000,
      "ocf": 157000000,
      "capex": null,
      "gross_margin": 0.3118811881188119,
      "op_margin": 0.07260726072607261,
      "fcf_margin": 0.051815181518151815,
      "incr_op_margin_yoy": 0.15378243624257293,
      "rev_growth_yoy": 0.0211568190189952,
      "rev_growth_yoy_accel": -0.06569527917992095,
      "fcf_margin_change": 0.022560698976472043
    },
    {
      "date": "2022-09-24T00:00:00",
      "quarter_label": "2022-09 (Q3)",
      "revenue": 3067000000,
      "gross_profit": 914000000,
      "operating_income": 211000000,
      "net_income": 150000000,
      "opex": 703000000,
      "cogs": 2153000000,
      "rd": null,
      "sga": 648000000,
      "fcf": 98000000,
      "ocf": 98000000,
      "capex": null,
      "gross_margin": 0.2980110857515487,
      "op_margin": 0.06879686990544506,
      "fcf_margin": 0.03195304858167591,
      "incr_op_margin_yoy": -0.0016080492296635673,
      "rev_growth_yoy": -0.035023274911391726,
      "rev_growth_yoy_accel": -0.05618009393038693,
      "op_leverage_ratio": Infinity,
      "fcf_margin_change": -0.01986213293647591
    },
    {
      "date": "2022-12-31T00:00:00",
      "quarter_label": "2022-12 (Q4)",
      "revenue": 3371000000,
      "gross_profit": 999000000,
      "operating_income": 72000000,
      "net_income": 47000000,
      "opex": 927000000,
      "cogs": 2372000000,
      "rd": null,
      "sga": 761000000,
      "fcf": 254000000,
      "ocf": 254000000,
      "capex": null,
      "gross_margin": 0.2963512310886977,
      "op_margin": 0.021358647285671908,
      "fcf_margin": 0.07534856125778701,
      "incr_op_margin_yoy": -3.1760709521221404,
      "rev_growth_yoy": 0.012153650388737862,
      "rev_growth_yoy_accel": 0.04717692530012959,
      "op_leverage_ratio": 0.3110764357911407,
      "fcf_margin_change": 0.0433955126761111
    },
    {
      "date": "2023-04-01T00:00:00",
      "quarter_label": "2023-04 (Q2)",
      "revenue": 3060000000,
      "gross_profit": 966000000,
      "operating_income": 175000000,
      "net_income": 121000000,
      "opex": 791000000,
      "cogs": 2094000000,
      "rd": null,
      "sga": 717000000,
      "fcf": 27000000,
      "ocf": 27000000,
      "capex": null,
      "gross_margin": 0.3156862745098039,
      "op_margin": 0.05718954248366013,
      "fcf_margin": 0.008823529411764706,
      "incr_op_margin_yoy": 0.5798319327731093,
      "rev_growth_yoy": -0.0374331550802139,
      "rev_growth_yoy_accel": -0.049586805468951764,
      "fcf_margin_change": -0.0665250318460223
    },
    {
      "date": "2023-07-01T00:00:00",
      "quarter_label": "2023-07 (Q3)",
      "revenue": 3100000000,
      "gross_profit": 975000000,
      "operating_income": 201000000,
      "net_income": 140000000,
      "opex": 774000000,
      "cogs": 2125000000,
      "rd": null,
      "sga": 707000000,
      "fcf": 274000000,
      "ocf": 274000000,
      "capex": null,
      "gross_margin": 0.31451612903225806,
      "op_margin": 0.06483870967741935,
      "fcf_margin": 0.08838709677419355,
      "incr_op_margin_yoy": -0.2714285714285714,
      "rev_growth_yoy": 0.0231023102310231,
      "rev_growth_yoy_accel": 0.060535465311237005,
      "op_leverage_ratio": Infinity,
      "fcf_margin_change": 0.07956356736242885
    },
    {
      "date": "2023-09-30T00:00:00",
      "quarter_label": "2023-09 (Q3)",
      "revenue": 3162000000,
      "gross_profit": 995000000,
      "operating_income": 200000000,
      "net_income": 137000000,
      "opex": 795000000,
      "cogs": 2167000000,
      "rd": null,
      "sga": 725000000,
      "fcf": 231000000,
      "ocf": 231000000,
      "capex": null,
      "gross_margin": 0.314674256799494,
      "op_margin": 0.06325110689437065,
      "fcf_margin": 0.0730550284629981,
      "incr_op_margin_yoy": -0.11578947368421053,
      "rev_growth_yoy": 0.030974894033257254,
      "rev_growth_yoy_accel": 0.007872583802234153,
      "op_leverage_ratio": 0.7371428571428572,
      "fcf_margin_change": -0.015332068311195449
    },
    {
      "date": "2023-12-30T00:00:00",
      "quarter_label": "2023-12 (Q4)",
      "revenue": 3017000000,
      "gross_profit": 925000000,
      "operating_income": 39000000,
      "net_income": 18000000,
      "opex": 886000000,
      "cogs": 2092000000,
      "rd": null,
      "sga": 807000000,
      "fcf": -32000000,
      "ocf": -32000000,
      "capex": null,
      "gross_margin": 0.3065959562479284,
      "op_margin": 0.012926748425588332,
      "fcf_margin": -0.010606562810739144,
      "incr_op_margin_yoy": 0.09322033898305085,
      "rev_growth_yoy": -0.10501334915455354,
      "rev_growth_yoy_accel": -0.1359882431878108,
      "fcf_margin_change": -0.08366159127373725
    },
    {
      "date": "2024-03-30T00:00:00",
      "quarter_label": "2024-03 (Q1)",
      "revenue": 3172000000,
      "gross_profit": 1012000000,
      "operating_income": 150000000,
      "net_income": 93000000,
      "opex": 862000000,
      "cogs": 2160000000,
      "rd": null,
      "sga": 791000000,
      "fcf": 197000000,
      "ocf": 197000000,
      "capex": null,
      "gross_margin": 0.31904161412358134,
      "op_margin": 0.04728877679697352,
      "fcf_margin": 0.06210592686002522,
      "incr_op_margin_yoy": -0.22321428571428573,
      "rev_growth_yoy": 0.036601307189542485,
      "rev_growth_yoy_accel": 0.14161465634409603,
      "op_leverage_ratio": Infinity,
      "fcf_margin_change": 0.07271248967076437
    },
    {
      "date": "2024-06-29T00:00:00",
      "quarter_label": "2024-06 (Q2)",
      "revenue": 3136000000,
      "gross_profit": 1018000000,
      "operating_income": 159000000,
      "net_income": 104000000,
      "opex": 859000000,
      "cogs": 2118000000,
      "rd": null,
      "sga": 781000000,
      "fcf": 296000000,
      "ocf": 296000000,
      "capex": null,
      "gross_margin": 0.32461734693877553,
      "op_margin": 0.050701530612244895,
      "fcf_margin": 0.09438775510204081,
      "incr_op_margin_yoy": -1.1666666666666667,
      "rev_growth_yoy": 0.011612903225806452,
      "rev_growth_yoy_accel": -0.024988403963736035,
      "fcf_margin_change": 0.03228182824201559
    },
    {
      "date": "2024-09-28T00:00:00",
      "quarter_label": "2024-09 (Q3)",
      "revenue": 3174000000,
      "gross_profit": 993000000,
      "operating_income": 157000000,
      "net_income": 99000000,
      "opex": 836000000,
      "cogs": 2181000000,
      "rd": null,
      "sga": 724000000,
      "fcf": 151000000,
      "ocf": 151000000,
      "capex": null,
      "gross_margin": 0.31285444234404536,
      "op_margin": 0.04946439823566478,
      "fcf_margin": 0.04757403906742281,
      "incr_op_margin_yoy": -3.5833333333333335,
      "rev_growth_yoy": 0.003795066413662239,
      "rev_growth_yoy_accel": -0.007817836812144213,
      "op_leverage_ratio": Infinity,
      "fcf_margin_change": -0.046813716034618
    },
    {
      "date": "2024-12-28T00:00:00",
      "quarter_label": "2024-12 (Q4)",
      "revenue": 3191000000,
      "gross_profit": 993000000,
      "operating_income": 155000000,
      "net_income": 94000000,
      "opex": 838000000,
      "cogs": 2198000000,
      "rd": null,
      "sga": 738000000,
      "fcf": 204000000,
      "ocf": 204000000,
      "capex": null,
      "gross_margin": 0.3111877154497023,
      "op_margin": 0.04857411469758696,
      "fcf_margin": 0.06392980256972736,
      "incr_op_margin_yoy": 0.6666666666666666,
      "rev_growth_yoy": 0.0576731852833941,
      "rev_growth_yoy_accel": 0.053878118869731866,
      "fcf_margin_change": 0.016355763502304548
    },
    {
      "date": "2025-03-29T00:00:00",
      "quarter_label": "2025-03 (Q1)",
      "revenue": 3168000000,
      "gross_profit": 1000000000,
      "operating_income": 175000000,
      "net_income": 110000000,
      "opex": 825000000,
      "cogs": 2168000000,
      "rd": null,
      "sga": 738000000,
      "fcf": 37000000,
      "ocf": 37000000,
      "capex": null,
      "gross_margin": 0.31565656565656564,
      "op_margin": 0.05523989898989899,
      "fcf_margin": 0.01167929292929293,
      "incr_op_margin_yoy": -6.25,
      "rev_growth_yoy": -0.0012610340479192938,
      "rev_growth_yoy_accel": -0.058934219331313396,
      "fcf_margin_change": -0.05225050964043443
    },
    {
      "date": "2025-06-28T00:00:00",
      "quarter_label": "2025-06 (Q2)",
      "revenue": 3240000000,
      "gross_profit": 1016000000,
      "operating_income": 151000000,
      "net_income": 86000000,
      "opex": 865000000,
      "cogs": 2224000000,
      "rd": null,
      "sga": 778000000,
      "fcf": 120000000,
      "ocf": 120000000,
      "capex": null,
      "gross_margin": 0.3135802469135803,
      "op_margin": 0.04660493827160494,
      "fcf_margin": 0.037037037037037035,
      "incr_op_margin_yoy": -0.07692307692307693,
      "rev_growth_yoy": 0.03316326530612245,
      "rev_growth_yoy_accel": 0.034424299354041746,
      "op_leverage_ratio": 0.46875,
      "fcf_margin_change": 0.025357744107744107
    },
    {
      "date": "2025-09-27T00:00:00",
      "quarter_label": "2025-09 (Q3)",
      "revenue": 3339000000,
      "gross_profit": 1026000000,
      "operating_income": 164000000,
      "net_income": 101000000,
      "opex": 862000000,
      "cogs": 2313000000,
      "rd": null,
      "sga": 760000000,
      "fcf": 174000000,
      "ocf": 174000000,
      "capex": null,
      "gross_margin": 0.30727762803234504,
      "op_margin": 0.04911650194669063,
      "fcf_margin": 0.05211141060197664,
      "incr_op_margin_yoy": 0.04242424242424243,
      "rev_growth_yoy": 0.05198487712665406,
      "rev_growth_yoy_accel": 0.01882161182053161,
      "op_leverage_ratio": Infinity,
      "fcf_margin_change": 0.015074373564939604
    }
  ],
  "signals": [
    {
      "quarter": "2025-03 (Q1)",
      "signal": "YoY REVENUE GROWTH DECELERATION",
      "detail": "YoY growth: -0.1% vs prior quarter YoY: +5.8% (decel: -5.9%)",
      "severity": "WARNING"
    },
    {
      "quarter": "2024-12 (Q4)",
      "signal": "YoY REVENUE GROWTH ACCELERATION",
      "detail": "YoY growth: +5.8% vs prior quarter YoY: +0.4% (accel: +5.4%)",
      "severity": "MEDIUM"
    },
    {
      "quarter": "2024-12 (Q4)",
      "signal": "INCREMENTAL MARGIN (YoY)",
      "detail": "YoY Incr OPM: +66.7% vs year-ago OPM: +1.3%",
      "severity": "HIGH"
    },
    {
      "quarter": "2024-03 (Q1)",
      "signal": "FCF TURNED POSITIVE",
      "detail": "FCF margin: -1.1% -> +6.2%",
      "severity": "HIGH"
    },
    {
      "quarter": "2024-03 (Q1)",
      "signal": "YoY REVENUE GROWTH ACCELERATION",
      "detail": "YoY growth: +3.7% vs prior quarter YoY: -10.5% (accel: +14.2%)",
      "severity": "MEDIUM"
    },
    {
      "quarter": "2023-12 (Q4)",
      "signal": "YoY REVENUE GROWTH DECELERATION",
      "detail": "YoY growth: -10.5% vs prior quarter YoY: +3.1% (decel: -13.6%)",
      "severity": "WARNING"
    },
    {
      "quarter": "2023-07 (Q3)",
      "signal": "FCF MARGIN EXPANSION",
      "detail": "FCF margin: +0.9% -> +8.8% (+8.0%)",
      "severity": "MEDIUM"
    },
    {
      "quarter": "2023-07 (Q3)",
      "signal": "YoY REVENUE GROWTH ACCELERATION",
      "detail": "YoY growth: +2.3% vs prior quarter YoY: -3.7% (accel: +6.1%)",
      "severity": "MEDIUM"
    },
    {
      "quarter": "2023-04 (Q2)",
      "signal": "INCREMENTAL MARGIN (YoY)",
      "detail": "YoY Incr OPM: +58.0% vs year-ago OPM: +7.7%",
      "severity": "HIGH"
    },
    {
      "quarter": "2022-09 (Q3)",
      "signal": "YoY REVENUE GROWTH DECELERATION",
      "detail": "YoY growth: -3.5% vs prior quarter YoY: +2.1% (decel: -5.6%)",
      "severity": "WARNING"
    },
    {
      "quarter": "2022-06 (Q2)",
      "signal": "YoY REVENUE GROWTH DECELERATION",
      "detail": "YoY growth: +2.1% vs prior quarter YoY: +8.7% (decel: -6.6%)",
      "severity": "WARNING"
    },
    {
      "quarter": "2021-09 (Q3)",
      "signal": "OPERATING LEVERAGE",
      "detail": "Rev growth +7.1% vs OpEx growth +3.2% (leverage: 2.2x)",
      "severity": "MEDIUM"
    }
  ],
  "data_quality": {
    "n_quarters": 20,
    "coverage": {
      "revenue": [
        20,
        20
      ],
      "gross_profit": [
        20,
        20
      ],
      "op_income": [
        20,
        20
      ],
      "fcf": [
        20,
        20
      ]
    },
    "gaps": [],
    "warnings": []
  },
  "market_cap": null,
  "source": "SEC EDGAR",
  "last_updated": "2026-02-02T20:40:54.561224",
  "sector": "Healthcare",
  "industry": "Medical Distribution"
}