{
  "ticker": "HST",
  "name": "HOST HOTELS & RESORTS, INC.",
  "quarters": [
    {
      "date": "2020-12-31T00:00:00",
      "quarter_label": "2020-12 (Q4)",
      "revenue": 267000000,
      "gross_profit": null,
      "operating_income": -271000000,
      "net_income": -64000000,
      "opex": 538000000,
      "cogs": null,
      "rd": null,
      "sga": null,
      "fcf": -143000000,
      "ocf": -143000000,
      "capex": null,
      "gross_margin": null,
      "op_margin": -1.0149812734082397,
      "fcf_margin": -0.5355805243445693
    },
    {
      "date": "2021-03-31T00:00:00",
      "quarter_label": "2021-03 (Q1)",
      "revenue": 399000000,
      "gross_profit": null,
      "operating_income": -166000000,
      "net_income": -152000000,
      "opex": 565000000,
      "cogs": null,
      "rd": null,
      "sga": null,
      "fcf": -49000000,
      "ocf": -49000000,
      "capex": null,
      "gross_margin": null,
      "op_margin": -0.41604010025062654,
      "fcf_margin": -0.12280701754385964,
      "op_leverage_ratio": 9.851019558884726,
      "fcf_margin_change": 0.4127735068007096
    },
    {
      "date": "2021-06-30T00:00:00",
      "quarter_label": "2021-06 (Q2)",
      "revenue": 649000000,
      "gross_profit": null,
      "operating_income": -68000000,
      "net_income": -60000000,
      "opex": 717000000,
      "cogs": null,
      "rd": null,
      "sga": null,
      "fcf": 9000000,
      "ocf": 9000000,
      "capex": null,
      "gross_margin": null,
      "op_margin": -0.10477657935285054,
      "fcf_margin": 0.01386748844375963,
      "op_leverage_ratio": 2.3290133227806358,
      "fcf_margin_change": 0.13667450598761927
    },
    {
      "date": "2021-09-30T00:00:00",
      "quarter_label": "2021-09 (Q3)",
      "revenue": 844000000,
      "gross_profit": null,
      "operating_income": -95000000,
      "net_income": -119000000,
      "opex": 939000000,
      "cogs": null,
      "rd": null,
      "sga": null,
      "fcf": 118000000,
      "ocf": 118000000,
      "capex": null,
      "gross_margin": null,
      "op_margin": -0.11255924170616113,
      "fcf_margin": 0.13981042654028436,
      "op_leverage_ratio": 0.9704118602423689,
      "fcf_margin_change": 0.12594293809652474
    },
    {
      "date": "2021-12-31T00:00:00",
      "quarter_label": "2021-12 (Q4)",
      "revenue": 998000000,
      "gross_profit": null,
      "operating_income": 79000000,
      "net_income": 320000000,
      "opex": 919000000,
      "cogs": null,
      "rd": null,
      "sga": null,
      "fcf": 214000000,
      "ocf": 214000000,
      "capex": null,
      "gross_margin": null,
      "op_margin": 0.07915831663326653,
      "fcf_margin": 0.21442885771543085,
      "incr_op_margin_yoy": 0.478796169630643,
      "rev_growth_yoy": 2.737827715355805,
      "op_leverage_ratio": Infinity,
      "fcf_margin_change": 0.0746184311751465
    },
    {
      "date": "2022-03-31T00:00:00",
      "quarter_label": "2022-03 (Q1)",
      "revenue": 1074000000,
      "gross_profit": null,
      "operating_income": 122000000,
      "net_income": 116000000,
      "opex": 952000000,
      "cogs": null,
      "rd": null,
      "sga": null,
      "fcf": 261000000,
      "ocf": 261000000,
      "capex": null,
      "gross_margin": null,
      "op_margin": 0.11359404096834265,
      "fcf_margin": 0.2430167597765363,
      "incr_op_margin_yoy": 0.4266666666666667,
      "rev_growth_yoy": 1.6917293233082706,
      "rev_growth_yoy_accel": -1.0460983920475344,
      "op_leverage_ratio": 2.1207263010870223,
      "fcf_margin_change": 0.028587902061105452
    },
    {
      "date": "2022-06-30T00:00:00",
      "quarter_label": "2022-06 (Q2)",
      "revenue": 1381000000,
      "gross_profit": null,
      "operating_income": 327000000,
      "net_income": 256000000,
      "opex": 1054000000,
      "cogs": null,
      "rd": null,
      "sga": null,
      "fcf": 447000000,
      "ocf": 447000000,
      "capex": null,
      "gross_margin": null,
      "op_margin": 0.23678493845039827,
      "fcf_margin": 0.3236784938450398,
      "incr_op_margin_yoy": 0.5396174863387978,
      "rev_growth_yoy": 1.1278890600924498,
      "rev_growth_yoy_accel": -0.5638402632158208,
      "op_leverage_ratio": 2.667908131595283,
      "fcf_margin_change": 0.08066173406850352
    },
    {
      "date": "2022-09-30T00:00:00",
      "quarter_label": "2022-09 (Q3)",
      "revenue": 1189000000,
      "gross_profit": null,
      "operating_income": 148000000,
      "net_income": 114000000,
      "opex": 1041000000,
      "cogs": null,
      "rd": null,
      "sga": null,
      "fcf": 348000000,
      "ocf": 348000000,
      "capex": null,
      "gross_margin": null,
      "op_margin": 0.12447434819175777,
      "fcf_margin": 0.2926829268292683,
      "incr_op_margin_yoy": 0.7043478260869566,
      "rev_growth_yoy": 0.4087677725118483,
      "rev_growth_yoy_accel": -0.7191212875806015,
      "fcf_margin_change": -0.030995567015771552
    },
    {
      "date": "2022-12-31T00:00:00",
      "quarter_label": "2022-12 (Q4)",
      "revenue": 1263000000,
      "gross_profit": null,
      "operating_income": 178000000,
      "net_income": 147000000,
      "opex": 1085000000,
      "cogs": null,
      "rd": null,
      "sga": null,
      "fcf": 360000000,
      "ocf": 360000000,
      "capex": null,
      "gross_margin": null,
      "op_margin": 0.14093428345209819,
      "fcf_margin": 0.2850356294536817,
      "incr_op_margin_yoy": 0.37358490566037733,
      "rev_growth_yoy": 0.2655310621242485,
      "rev_growth_yoy_accel": -0.14323671038759983,
      "op_leverage_ratio": 1.4724749598593165,
      "fcf_margin_change": -0.007647297375586559
    },
    {
      "date": "2023-03-31T00:00:00",
      "quarter_label": "2023-03 (Q1)",
      "revenue": 1381000000,
      "gross_profit": null,
      "operating_income": 248000000,
      "net_income": 287000000,
      "opex": 1133000000,
      "cogs": null,
      "rd": null,
      "sga": null,
      "fcf": 308000000,
      "ocf": 308000000,
      "capex": null,
      "gross_margin": null,
      "op_margin": 0.17958001448225924,
      "fcf_margin": 0.22302679217958002,
      "incr_op_margin_yoy": 0.41042345276872966,
      "rev_growth_yoy": 0.28584729981378026,
      "rev_growth_yoy_accel": 0.02031623768953178,
      "op_leverage_ratio": 2.111869886513592,
      "fcf_margin_change": -0.0620088372741017
    },
    {
      "date": "2023-06-30T00:00:00",
      "quarter_label": "2023-06 (Q2)",
      "revenue": 1393000000,
      "gross_profit": null,
      "operating_income": 249000000,
      "net_income": 210000000,
      "opex": 1144000000,
      "cogs": null,
      "rd": null,
      "sga": null,
      "fcf": 512000000,
      "ocf": 512000000,
      "capex": null,
      "gross_margin": null,
      "op_margin": 0.17875089734386218,
      "fcf_margin": 0.36755204594400576,
      "incr_op_margin_yoy": -6.5,
      "rev_growth_yoy": 0.008689355539464157,
      "rev_growth_yoy_accel": -0.2771579442743161,
      "fcf_margin_change": 0.14452525376442574
    },
    {
      "date": "2023-09-30T00:00:00",
      "quarter_label": "2023-09 (Q3)",
      "revenue": 1214000000,
      "gross_profit": null,
      "operating_income": 157000000,
      "net_income": 111000000,
      "opex": 1057000000,
      "cogs": null,
      "rd": null,
      "sga": null,
      "fcf": 314000000,
      "ocf": 314000000,
      "capex": null,
      "gross_margin": null,
      "op_margin": 0.12932454695222406,
      "fcf_margin": 0.2586490939044481,
      "incr_op_margin_yoy": 0.36,
      "rev_growth_yoy": 0.021026072329688814,
      "rev_growth_yoy_accel": 0.012336716790224658,
      "fcf_margin_change": -0.10890295203955763
    },
    {
      "date": "2023-12-31T00:00:00",
      "quarter_label": "2023-12 (Q4)",
      "revenue": 1323000000,
      "gross_profit": null,
      "operating_income": 173000000,
      "net_income": 132000000,
      "opex": 1150000000,
      "cogs": null,
      "rd": null,
      "sga": null,
      "fcf": 307000000,
      "ocf": 307000000,
      "capex": null,
      "gross_margin": null,
      "op_margin": 0.1307634164777022,
      "fcf_margin": 0.23204837490551777,
      "incr_op_margin_yoy": -0.08333333333333333,
      "rev_growth_yoy": 0.047505938242280284,
      "rev_growth_yoy_accel": 0.02647986591259147,
      "op_leverage_ratio": 1.0204690793785762,
      "fcf_margin_change": -0.02660071899893035
    },
    {
      "date": "2024-03-31T00:00:00",
      "quarter_label": "2024-03 (Q1)",
      "revenue": 1471000000,
      "gross_profit": null,
      "operating_income": 291000000,
      "net_income": 268000000,
      "opex": 1180000000,
      "cogs": null,
      "rd": null,
      "sga": null,
      "fcf": 365000000,
      "ocf": 365000000,
      "capex": null,
      "gross_margin": null,
      "op_margin": 0.19782460910944935,
      "fcf_margin": 0.24813052345343303,
      "incr_op_margin_yoy": 0.4777777777777778,
      "rev_growth_yoy": 0.06517016654598118,
      "rev_growth_yoy_accel": 0.017664228303700895,
      "op_leverage_ratio": 4.288233812043336,
      "fcf_margin_change": 0.01608214854791526
    },
    {
      "date": "2024-06-30T00:00:00",
      "quarter_label": "2024-06 (Q2)",
      "revenue": 1466000000,
      "gross_profit": null,
      "operating_income": 292000000,
      "net_income": 239000000,
      "opex": 1174000000,
      "cogs": null,
      "rd": null,
      "sga": null,
      "fcf": 453000000,
      "ocf": 453000000,
      "capex": null,
      "gross_margin": null,
      "op_margin": 0.19918144611186903,
      "fcf_margin": 0.30900409276944063,
      "incr_op_margin_yoy": 0.589041095890411,
      "rev_growth_yoy": 0.0524048815506102,
      "rev_growth_yoy_accel": -0.012765284995370982,
      "fcf_margin_change": 0.0608735693160076
    },
    {
      "date": "2024-09-30T00:00:00",
      "quarter_label": "2024-09 (Q3)",
      "revenue": 1319000000,
      "gross_profit": null,
      "operating_income": 135000000,
      "net_income": 82000000,
      "opex": 1184000000,
      "cogs": null,
      "rd": null,
      "sga": null,
      "fcf": 349000000,
      "ocf": 349000000,
      "capex": null,
      "gross_margin": null,
      "op_margin": 0.1023502653525398,
      "fcf_margin": 0.26459438968915844,
      "incr_op_margin_yoy": -0.20952380952380953,
      "rev_growth_yoy": 0.08649093904448106,
      "rev_growth_yoy_accel": 0.034086057493870864,
      "fcf_margin_change": -0.04440970308028219
    },
    {
      "date": "2024-12-31T00:00:00",
      "quarter_label": "2024-12 (Q4)",
      "revenue": 1428000000,
      "gross_profit": null,
      "operating_income": 157000000,
      "net_income": 108000000,
      "opex": 1271000000,
      "cogs": null,
      "rd": null,
      "sga": null,
      "fcf": 331000000,
      "ocf": 331000000,
      "capex": null,
      "gross_margin": null,
      "op_margin": 0.10994397759103641,
      "fcf_margin": 0.23179271708683474,
      "incr_op_margin_yoy": -0.1523809523809524,
      "rev_growth_yoy": 0.07936507936507936,
      "rev_growth_yoy_accel": -0.0071258596794017,
      "op_leverage_ratio": 1.1246416215698063,
      "fcf_margin_change": -0.032801672602323695
    },
    {
      "date": "2025-03-31T00:00:00",
      "quarter_label": "2025-03 (Q1)",
      "revenue": 1594000000,
      "gross_profit": null,
      "operating_income": 285000000,
      "net_income": 248000000,
      "opex": 1309000000,
      "cogs": null,
      "rd": null,
      "sga": null,
      "fcf": 305000000,
      "ocf": 305000000,
      "capex": null,
      "gross_margin": null,
      "op_margin": 0.17879548306148055,
      "fcf_margin": 0.19134253450439148,
      "incr_op_margin_yoy": -0.04878048780487805,
      "rev_growth_yoy": 0.08361658735554045,
      "rev_growth_yoy_accel": 0.00425150799046109,
      "op_leverage_ratio": 3.888139466312841,
      "fcf_margin_change": -0.04045018258244326
    },
    {
      "date": "2025-06-30T00:00:00",
      "quarter_label": "2025-06 (Q2)",
      "revenue": 1586000000,
      "gross_profit": null,
      "operating_income": 277000000,
      "net_income": 221000000,
      "opex": 1309000000,
      "cogs": null,
      "rd": null,
      "sga": null,
      "fcf": 444000000,
      "ocf": 444000000,
      "capex": null,
      "gross_margin": null,
      "op_margin": 0.1746532156368222,
      "fcf_margin": 0.27994955863808324,
      "incr_op_margin_yoy": -0.125,
      "rev_growth_yoy": 0.08185538881309687,
      "rev_growth_yoy_accel": -0.0017611985424435816,
      "fcf_margin_change": 0.08860702413369176
    },
    {
      "date": "2025-09-30T00:00:00",
      "quarter_label": "2025-09 (Q3)",
      "revenue": 1331000000,
      "gross_profit": null,
      "operating_income": 101000000,
      "net_income": 161000000,
      "opex": 1230000000,
      "cogs": null,
      "rd": null,
      "sga": null,
      "fcf": 218000000,
      "ocf": 218000000,
      "capex": null,
      "gross_margin": null,
      "op_margin": 0.07588279489105935,
      "fcf_margin": 0.16378662659654394,
      "incr_op_margin_yoy": -2.8333333333333335,
      "rev_growth_yoy": 0.009097801364670205,
      "rev_growth_yoy_accel": -0.07275758744842667,
      "fcf_margin_change": -0.1161629320415393
    }
  ],
  "signals": [
    {
      "quarter": "2025-09 (Q3)",
      "signal": "YoY REVENUE GROWTH DECELERATION",
      "detail": "YoY growth: +0.9% vs prior quarter YoY: +8.2% (decel: -7.3%)",
      "severity": "WARNING"
    },
    {
      "quarter": "2025-06 (Q2)",
      "signal": "FCF MARGIN EXPANSION",
      "detail": "FCF margin: +19.1% -> +28.0% (+8.9%)",
      "severity": "MEDIUM"
    },
    {
      "quarter": "2025-03 (Q1)",
      "signal": "OPERATING LEVERAGE",
      "detail": "Rev growth +11.6% vs OpEx growth +3.0% (leverage: 3.9x)",
      "severity": "MEDIUM"
    },
    {
      "quarter": "2024-06 (Q2)",
      "signal": "FCF MARGIN EXPANSION",
      "detail": "FCF margin: +24.8% -> +30.9% (+6.1%)",
      "severity": "MEDIUM"
    },
    {
      "quarter": "2024-06 (Q2)",
      "signal": "INCREMENTAL MARGIN (YoY)",
      "detail": "YoY Incr OPM: +58.9% vs year-ago OPM: +17.9%",
      "severity": "HIGH"
    },
    {
      "quarter": "2024-03 (Q1)",
      "signal": "OPERATING LEVERAGE",
      "detail": "Rev growth +11.2% vs OpEx growth +2.6% (leverage: 4.3x)",
      "severity": "MEDIUM"
    },
    {
      "quarter": "2024-03 (Q1)",
      "signal": "INCREMENTAL MARGIN (YoY)",
      "detail": "YoY Incr OPM: +47.8% vs year-ago OPM: +18.0%",
      "severity": "HIGH"
    },
    {
      "quarter": "2023-09 (Q3)",
      "signal": "INCREMENTAL MARGIN (YoY)",
      "detail": "YoY Incr OPM: +36.0% vs year-ago OPM: +12.4%",
      "severity": "HIGH"
    },
    {
      "quarter": "2023-06 (Q2)",
      "signal": "FCF MARGIN EXPANSION",
      "detail": "FCF margin: +22.3% -> +36.8% (+14.5%)",
      "severity": "MEDIUM"
    },
    {
      "quarter": "2023-06 (Q2)",
      "signal": "YoY REVENUE GROWTH DECELERATION",
      "detail": "YoY growth: +0.9% vs prior quarter YoY: +28.6% (decel: -27.7%)",
      "severity": "WARNING"
    },
    {
      "quarter": "2023-03 (Q1)",
      "signal": "OPERATING LEVERAGE",
      "detail": "Rev growth +9.3% vs OpEx growth +4.4% (leverage: 2.1x)",
      "severity": "MEDIUM"
    },
    {
      "quarter": "2023-03 (Q1)",
      "signal": "INCREMENTAL MARGIN (YoY)",
      "detail": "YoY Incr OPM: +41.0% vs year-ago OPM: +11.4%",
      "severity": "HIGH"
    },
    {
      "quarter": "2022-12 (Q4)",
      "signal": "YoY REVENUE GROWTH DECELERATION",
      "detail": "YoY growth: +26.6% vs prior quarter YoY: +40.9% (decel: -14.3%)",
      "severity": "WARNING"
    },
    {
      "quarter": "2022-12 (Q4)",
      "signal": "INCREMENTAL MARGIN (YoY)",
      "detail": "YoY Incr OPM: +37.4% vs year-ago OPM: +7.9%",
      "severity": "HIGH"
    },
    {
      "quarter": "2022-09 (Q3)",
      "signal": "YoY REVENUE GROWTH DECELERATION",
      "detail": "YoY growth: +40.9% vs prior quarter YoY: +112.8% (decel: -71.9%)",
      "severity": "WARNING"
    },
    {
      "quarter": "2022-09 (Q3)",
      "signal": "OP MARGIN TURNED POSITIVE (YoY)",
      "detail": "Op margin: -11.3% (year-ago) -> +12.4%",
      "severity": "HIGH"
    },
    {
      "quarter": "2022-06 (Q2)",
      "signal": "FCF MARGIN EXPANSION",
      "detail": "FCF margin: +24.3% -> +32.4% (+8.1%)",
      "severity": "MEDIUM"
    },
    {
      "quarter": "2022-06 (Q2)",
      "signal": "OPERATING LEVERAGE",
      "detail": "Rev growth +28.6% vs OpEx growth +10.7% (leverage: 2.7x)",
      "severity": "MEDIUM"
    },
    {
      "quarter": "2022-06 (Q2)",
      "signal": "YoY REVENUE GROWTH DECELERATION",
      "detail": "YoY growth: +112.8% vs prior quarter YoY: +169.2% (decel: -56.4%)",
      "severity": "WARNING"
    },
    {
      "quarter": "2022-06 (Q2)",
      "signal": "OP MARGIN TURNED POSITIVE (YoY)",
      "detail": "Op margin: -10.5% (year-ago) -> +23.7%",
      "severity": "HIGH"
    },
    {
      "quarter": "2022-03 (Q1)",
      "signal": "OPERATING LEVERAGE",
      "detail": "Rev growth +7.6% vs OpEx growth +3.6% (leverage: 2.1x)",
      "severity": "MEDIUM"
    },
    {
      "quarter": "2022-03 (Q1)",
      "signal": "YoY REVENUE GROWTH DECELERATION",
      "detail": "YoY growth: +169.2% vs prior quarter YoY: +273.8% (decel: -104.6%)",
      "severity": "WARNING"
    },
    {
      "quarter": "2022-03 (Q1)",
      "signal": "OP MARGIN TURNED POSITIVE (YoY)",
      "detail": "Op margin: -41.6% (year-ago) -> +11.4%",
      "severity": "HIGH"
    },
    {
      "quarter": "2021-12 (Q4)",
      "signal": "FCF MARGIN EXPANSION",
      "detail": "FCF margin: +14.0% -> +21.4% (+7.5%)",
      "severity": "MEDIUM"
    },
    {
      "quarter": "2021-12 (Q4)",
      "signal": "OP MARGIN TURNED POSITIVE (YoY)",
      "detail": "Op margin: -101.5% (year-ago) -> +7.9%",
      "severity": "HIGH"
    },
    {
      "quarter": "2021-12 (Q4)",
      "signal": "OP MARGIN TURNED POSITIVE (QoQ)",
      "detail": "Op margin: -11.3% -> +7.9%",
      "severity": "HIGH"
    },
    {
      "quarter": "2021-09 (Q3)",
      "signal": "FCF MARGIN EXPANSION",
      "detail": "FCF margin: +1.4% -> +14.0% (+12.6%)",
      "severity": "MEDIUM"
    },
    {
      "quarter": "2021-06 (Q2)",
      "signal": "FCF TURNED POSITIVE",
      "detail": "FCF margin: -12.3% -> +1.4%",
      "severity": "HIGH"
    },
    {
      "quarter": "2021-06 (Q2)",
      "signal": "OPERATING LEVERAGE",
      "detail": "Rev growth +62.7% vs OpEx growth +26.9% (leverage: 2.3x)",
      "severity": "MEDIUM"
    },
    {
      "quarter": "2021-03 (Q1)",
      "signal": "FCF MARGIN EXPANSION",
      "detail": "FCF margin: -53.6% -> -12.3% (+41.3%)",
      "severity": "MEDIUM"
    },
    {
      "quarter": "2021-03 (Q1)",
      "signal": "OPERATING LEVERAGE",
      "detail": "Rev growth +49.4% vs OpEx growth +5.0% (leverage: 9.9x)",
      "severity": "MEDIUM"
    }
  ],
  "data_quality": {
    "n_quarters": 20,
    "coverage": {
      "revenue": [
        20,
        20
      ],
      "gross_profit": [
        0,
        20
      ],
      "op_income": [
        20,
        20
      ],
      "fcf": [
        20,
        20
      ]
    },
    "gaps": [],
    "warnings": [
      "gross_profit: no data"
    ]
  },
  "market_cap": null,
  "source": "SEC EDGAR",
  "last_updated": "2026-02-02T20:30:47.816129"
}