{
  "ticker": "HTH",
  "name": "Hilltop Holdings Inc.",
  "quarters": [
    {
      "date": "2010-06-30T00:00:00",
      "quarter_label": "2010-06 (Q2)",
      "revenue": 32870000,
      "gross_profit": null,
      "operating_income": null,
      "net_income": null,
      "opex": null,
      "cogs": null,
      "rd": null,
      "sga": null,
      "fcf": null,
      "ocf": null,
      "capex": null,
      "gross_margin": null,
      "op_margin": null,
      "fcf_margin": null
    },
    {
      "date": "2010-09-30T00:00:00",
      "quarter_label": "2010-09 (Q3)",
      "revenue": 33878000,
      "gross_profit": null,
      "operating_income": null,
      "net_income": null,
      "opex": null,
      "cogs": null,
      "rd": null,
      "sga": null,
      "fcf": null,
      "ocf": null,
      "capex": null,
      "gross_margin": null,
      "op_margin": null,
      "fcf_margin": null
    },
    {
      "date": "2010-12-31T00:00:00",
      "quarter_label": "2010-12 (Q4)",
      "revenue": 33334000,
      "gross_profit": null,
      "operating_income": null,
      "net_income": null,
      "opex": null,
      "cogs": null,
      "rd": null,
      "sga": null,
      "fcf": null,
      "ocf": null,
      "capex": null,
      "gross_margin": null,
      "op_margin": null,
      "fcf_margin": null
    },
    {
      "date": "2011-03-31T00:00:00",
      "quarter_label": "2011-03 (Q1)",
      "revenue": 34657000,
      "gross_profit": null,
      "operating_income": null,
      "net_income": null,
      "opex": null,
      "cogs": null,
      "rd": null,
      "sga": null,
      "fcf": null,
      "ocf": null,
      "capex": null,
      "gross_margin": null,
      "op_margin": null,
      "fcf_margin": null
    },
    {
      "date": "2011-06-30T00:00:00",
      "quarter_label": "2011-06 (Q2)",
      "revenue": 36532000,
      "gross_profit": null,
      "operating_income": null,
      "net_income": null,
      "opex": null,
      "cogs": null,
      "rd": null,
      "sga": null,
      "fcf": null,
      "ocf": null,
      "capex": null,
      "gross_margin": null,
      "op_margin": null,
      "fcf_margin": null,
      "rev_growth_yoy": 0.1114085792515972
    },
    {
      "date": "2011-09-30T00:00:00",
      "quarter_label": "2011-09 (Q3)",
      "revenue": 40623000,
      "gross_profit": null,
      "operating_income": null,
      "net_income": null,
      "opex": null,
      "cogs": null,
      "rd": null,
      "sga": null,
      "fcf": null,
      "ocf": null,
      "capex": null,
      "gross_margin": null,
      "op_margin": null,
      "fcf_margin": null,
      "rev_growth_yoy": 0.1990967589586162,
      "rev_growth_yoy_accel": 0.087688179707019
    },
    {
      "date": "2011-12-31T00:00:00",
      "quarter_label": "2011-12 (Q4)",
      "revenue": 40376000,
      "gross_profit": null,
      "operating_income": null,
      "net_income": null,
      "opex": null,
      "cogs": null,
      "rd": null,
      "sga": null,
      "fcf": null,
      "ocf": null,
      "capex": null,
      "gross_margin": null,
      "op_margin": null,
      "fcf_margin": null,
      "rev_growth_yoy": 0.2112557748845023,
      "rev_growth_yoy_accel": 0.012159015925886113
    },
    {
      "date": "2012-03-31T00:00:00",
      "quarter_label": "2012-03 (Q1)",
      "revenue": 40146000,
      "gross_profit": null,
      "operating_income": null,
      "net_income": null,
      "opex": null,
      "cogs": null,
      "rd": null,
      "sga": null,
      "fcf": null,
      "ocf": null,
      "capex": null,
      "gross_margin": null,
      "op_margin": null,
      "fcf_margin": null,
      "rev_growth_yoy": 0.1583807023112214,
      "rev_growth_yoy_accel": -0.05287507257328092
    },
    {
      "date": "2012-06-30T00:00:00",
      "quarter_label": "2012-06 (Q2)",
      "revenue": 41286000,
      "gross_profit": null,
      "operating_income": null,
      "net_income": null,
      "opex": null,
      "cogs": null,
      "rd": null,
      "sga": null,
      "fcf": null,
      "ocf": null,
      "capex": null,
      "gross_margin": null,
      "op_margin": null,
      "fcf_margin": null,
      "rev_growth_yoy": 0.13013248658710172,
      "rev_growth_yoy_accel": -0.028248215724119674
    },
    {
      "date": "2012-09-30T00:00:00",
      "quarter_label": "2012-09 (Q3)",
      "revenue": 42845000,
      "gross_profit": null,
      "operating_income": null,
      "net_income": null,
      "opex": null,
      "cogs": null,
      "rd": null,
      "sga": null,
      "fcf": null,
      "ocf": null,
      "capex": null,
      "gross_margin": null,
      "op_margin": null,
      "fcf_margin": null,
      "rev_growth_yoy": 0.054698077443812616,
      "rev_growth_yoy_accel": -0.07543440914328911
    }
  ],
  "signals": [
    {
      "quarter": "2012-09 (Q3)",
      "signal": "YoY REVENUE GROWTH DECELERATION",
      "detail": "YoY growth: +5.5% vs prior quarter YoY: +13.0% (decel: -7.5%)",
      "severity": "WARNING"
    },
    {
      "quarter": "2012-03 (Q1)",
      "signal": "YoY REVENUE GROWTH DECELERATION",
      "detail": "YoY growth: +15.8% vs prior quarter YoY: +21.1% (decel: -5.3%)",
      "severity": "WARNING"
    },
    {
      "quarter": "2011-09 (Q3)",
      "signal": "YoY REVENUE GROWTH ACCELERATION",
      "detail": "YoY growth: +19.9% vs prior quarter YoY: +11.1% (accel: +8.8%)",
      "severity": "MEDIUM"
    }
  ],
  "data_quality": {
    "n_quarters": 10,
    "coverage": {
      "revenue": [
        10,
        10
      ],
      "gross_profit": [
        0,
        10
      ],
      "op_income": [
        0,
        10
      ],
      "fcf": [
        0,
        10
      ]
    },
    "gaps": [],
    "warnings": [
      "gross_profit: no data",
      "op_income: no data",
      "fcf: no data"
    ]
  },
  "market_cap": null,
  "source": "SEC EDGAR",
  "last_updated": "2026-02-02T21:32:11.791281",
  "sector": "Financial Services",
  "industry": "Financial Conglomerates"
}