{
  "ticker": "HTLD",
  "name": "HEARTLAND EXPRESS INC",
  "quarters": [
    {
      "date": "2020-12-31T00:00:00",
      "quarter_label": "2020-12 (Q4)",
      "revenue": 155789000,
      "gross_profit": null,
      "operating_income": 23765000,
      "net_income": 17672000,
      "opex": 132024000,
      "cogs": null,
      "rd": null,
      "sga": null,
      "fcf": 5350000,
      "ocf": 45863000,
      "capex": -40513000,
      "gross_margin": null,
      "op_margin": 0.1525460719306241,
      "fcf_margin": 0.03434132063239381
    },
    {
      "date": "2021-03-31T00:00:00",
      "quarter_label": "2021-03 (Q1)",
      "revenue": 152402000,
      "gross_profit": null,
      "operating_income": 18279000,
      "net_income": 13734000,
      "opex": 134123000,
      "cogs": null,
      "rd": null,
      "sga": null,
      "fcf": 25682000,
      "ocf": 35432000,
      "capex": -9750000,
      "gross_margin": null,
      "op_margin": 0.11993937087439797,
      "fcf_margin": 0.16851484888649756,
      "fcf_margin_change": 0.13417352825410375
    },
    {
      "date": "2021-06-30T00:00:00",
      "quarter_label": "2021-06 (Q2)",
      "revenue": 154128000,
      "gross_profit": null,
      "operating_income": 27351000,
      "net_income": 20742000,
      "opex": 126777000,
      "cogs": null,
      "rd": null,
      "sga": null,
      "fcf": -10492000,
      "ocf": 27343000,
      "capex": -37835000,
      "gross_margin": null,
      "op_margin": 0.17745639987542822,
      "fcf_margin": -0.06807328973320877,
      "op_leverage_ratio": Infinity,
      "fcf_margin_change": -0.23658813861970635
    },
    {
      "date": "2021-09-30T00:00:00",
      "quarter_label": "2021-09 (Q3)",
      "revenue": 152612000,
      "gross_profit": null,
      "operating_income": 33273000,
      "net_income": 24466000,
      "opex": 119339000,
      "cogs": null,
      "rd": null,
      "sga": null,
      "fcf": -12709000,
      "ocf": 32919000,
      "capex": -45628000,
      "gross_margin": null,
      "op_margin": 0.21802348439179095,
      "fcf_margin": -0.08327654443949362,
      "fcf_margin_change": -0.01520325470628485
    },
    {
      "date": "2021-12-31T00:00:00",
      "quarter_label": "2021-12 (Q4)",
      "revenue": 148142000,
      "gross_profit": null,
      "operating_income": 26504000,
      "net_income": null,
      "opex": 121638000,
      "cogs": null,
      "rd": null,
      "sga": null,
      "fcf": -11703000,
      "ocf": 27724000,
      "capex": -39427000,
      "gross_margin": null,
      "op_margin": 0.17890942474112675,
      "fcf_margin": -0.07899852843893021,
      "incr_op_margin_yoy": -0.35817967830521774,
      "rev_growth_yoy": -0.04908562221979729,
      "fcf_margin_change": 0.004278016000563406
    },
    {
      "date": "2022-03-31T00:00:00",
      "quarter_label": "2022-03 (Q1)",
      "revenue": 151275000,
      "gross_profit": null,
      "operating_income": 22395000,
      "net_income": 16775000,
      "opex": 128880000,
      "cogs": null,
      "rd": null,
      "sga": null,
      "fcf": 15564000,
      "ocf": 37593000,
      "capex": -22029000,
      "gross_margin": null,
      "op_margin": 0.14804164600892414,
      "fcf_margin": 0.10288547347545861,
      "incr_op_margin_yoy": -3.652173913043478,
      "rev_growth_yoy": -0.007394916077216834,
      "rev_growth_yoy_accel": 0.041690706142580455,
      "op_leverage_ratio": 0.35521634524800466,
      "fcf_margin_change": 0.1818840019143888
    },
    {
      "date": "2022-06-30T00:00:00",
      "quarter_label": "2022-06 (Q2)",
      "revenue": 187821000,
      "gross_profit": null,
      "operating_income": 105055000,
      "net_income": 76906000,
      "opex": 82766000,
      "cogs": null,
      "rd": null,
      "sga": null,
      "fcf": -7619000,
      "ocf": 20915000,
      "capex": -28534000,
      "gross_margin": null,
      "op_margin": 0.5593357505284287,
      "fcf_margin": -0.040565219011718605,
      "incr_op_margin_yoy": 2.306235716617695,
      "rev_growth_yoy": 0.21860401744004984,
      "rev_growth_yoy_accel": 0.2259989335172667,
      "op_leverage_ratio": Infinity,
      "fcf_margin_change": -0.1434506924871772
    },
    {
      "date": "2022-09-30T00:00:00",
      "quarter_label": "2022-09 (Q3)",
      "revenue": 273976000,
      "gross_profit": null,
      "operating_income": 34742000,
      "net_income": 24415000,
      "opex": 239234000,
      "cogs": null,
      "rd": null,
      "sga": null,
      "fcf": 12787000,
      "ocf": 54042000,
      "capex": -41255000,
      "gross_margin": null,
      "op_margin": 0.1268067275965778,
      "fcf_margin": 0.04667197126755628,
      "incr_op_margin_yoy": 0.012104083583270163,
      "rev_growth_yoy": 0.7952454590726811,
      "rev_growth_yoy_accel": 0.5766414416326312,
      "op_leverage_ratio": 0.24264021022332508,
      "fcf_margin_change": 0.08723719027927489
    },
    {
      "date": "2022-12-31T00:00:00",
      "quarter_label": "2022-12 (Q4)",
      "revenue": 354923000,
      "gross_profit": null,
      "operating_income": 26166000,
      "net_income": null,
      "opex": 328757000,
      "cogs": null,
      "rd": null,
      "sga": null,
      "fcf": 13413000,
      "ocf": 82163000,
      "capex": -68750000,
      "gross_margin": null,
      "op_margin": 0.07372303288318875,
      "fcf_margin": 0.03779129557678708,
      "incr_op_margin_yoy": -0.0016345795793617402,
      "rev_growth_yoy": 1.3958296769315928,
      "rev_growth_yoy_accel": 0.6005842178589117,
      "op_leverage_ratio": 0.7895443162230915,
      "fcf_margin_change": -0.008880675690769203
    },
    {
      "date": "2023-03-31T00:00:00",
      "quarter_label": "2023-03 (Q1)",
      "revenue": 330916000,
      "gross_profit": null,
      "operating_income": 22890000,
      "net_income": 12612000,
      "opex": 308026000,
      "cogs": null,
      "rd": null,
      "sga": null,
      "fcf": 24293000,
      "ocf": 66442000,
      "capex": -42149000,
      "gross_margin": null,
      "op_margin": 0.06917163268019678,
      "fcf_margin": 0.0734113793228493,
      "incr_op_margin_yoy": 0.0027554956830567632,
      "rev_growth_yoy": 1.1875128078003636,
      "rev_growth_yoy_accel": -0.20831686913122915,
      "fcf_margin_change": 0.03562008374606222
    },
    {
      "date": "2023-06-30T00:00:00",
      "quarter_label": "2023-06 (Q2)",
      "revenue": 306169000,
      "gross_profit": null,
      "operating_income": 16230000,
      "net_income": 7771000,
      "opex": 289939000,
      "cogs": null,
      "rd": null,
      "sga": null,
      "fcf": -35054000,
      "ocf": 30814000,
      "capex": -65868000,
      "gross_margin": null,
      "op_margin": 0.053009938955282866,
      "fcf_margin": -0.11449232286743596,
      "incr_op_margin_yoy": -0.7505407780444114,
      "rev_growth_yoy": 0.6301105840135022,
      "rev_growth_yoy_accel": -0.5574022237868614,
      "fcf_margin_change": -0.18790370219028527
    },
    {
      "date": "2023-09-30T00:00:00",
      "quarter_label": "2023-09 (Q3)",
      "revenue": 295026000,
      "gross_profit": null,
      "operating_income": -7440000,
      "net_income": -10703000,
      "opex": 302466000,
      "cogs": null,
      "rd": null,
      "sga": null,
      "fcf": -41649000,
      "ocf": 27195000,
      "capex": -68844000,
      "gross_margin": null,
      "op_margin": -0.02521811636940473,
      "fcf_margin": -0.14117060869211528,
      "incr_op_margin_yoy": -2.003895486935867,
      "rev_growth_yoy": 0.07683154728881361,
      "rev_growth_yoy_accel": -0.5532790367246886,
      "fcf_margin_change": -0.02667828582467932
    },
    {
      "date": "2023-12-31T00:00:00",
      "quarter_label": "2023-12 (Q4)",
      "revenue": 275347000,
      "gross_profit": null,
      "operating_income": 10705000,
      "net_income": null,
      "opex": 264642000,
      "cogs": null,
      "rd": null,
      "sga": null,
      "fcf": 9081000,
      "ocf": 40816000,
      "capex": -31735000,
      "gross_margin": null,
      "op_margin": 0.038878215488093205,
      "fcf_margin": 0.03298020316182853,
      "incr_op_margin_yoy": 0.19429224891927213,
      "rev_growth_yoy": -0.2242063771578624,
      "rev_growth_yoy_accel": -0.301037924446676,
      "fcf_margin_change": 0.17415081185394382
    },
    {
      "date": "2024-03-31T00:00:00",
      "quarter_label": "2024-03 (Q1)",
      "revenue": 270320000,
      "gross_profit": null,
      "operating_income": -14383000,
      "net_income": -15108000,
      "opex": 284703000,
      "cogs": null,
      "rd": null,
      "sga": null,
      "fcf": 26279000,
      "ocf": 30976000,
      "capex": -4697000,
      "gross_margin": null,
      "op_margin": -0.05320730985498668,
      "fcf_margin": 0.09721441254809116,
      "incr_op_margin_yoy": 0.6151066076968776,
      "rev_growth_yoy": -0.1831159569195808,
      "rev_growth_yoy_accel": 0.041090420238281605,
      "fcf_margin_change": 0.06423420938626262
    },
    {
      "date": "2024-06-30T00:00:00",
      "quarter_label": "2024-06 (Q2)",
      "revenue": 274754000,
      "gross_profit": null,
      "operating_income": 264000,
      "net_income": -3478000,
      "opex": 274490000,
      "cogs": null,
      "rd": null,
      "sga": null,
      "fcf": 29443000,
      "ocf": 39990000,
      "capex": -10547000,
      "gross_margin": null,
      "op_margin": 0.000960859532527279,
      "fcf_margin": 0.10716131521288134,
      "incr_op_margin_yoy": 0.5082285532388986,
      "rev_growth_yoy": -0.10260673026988362,
      "rev_growth_yoy_accel": 0.08050922664969717,
      "op_leverage_ratio": Infinity,
      "fcf_margin_change": 0.009946902664790189
    },
    {
      "date": "2024-09-30T00:00:00",
      "quarter_label": "2024-09 (Q3)",
      "revenue": 259861000,
      "gross_profit": null,
      "operating_income": -7139000,
      "net_income": -9283000,
      "opex": 267000000,
      "cogs": null,
      "rd": null,
      "sga": null,
      "fcf": 24609000,
      "ocf": 35594000,
      "capex": -10985000,
      "gross_margin": null,
      "op_margin": -0.02747237946440597,
      "fcf_margin": 0.09470062841288227,
      "incr_op_margin_yoy": -0.008559647376652922,
      "rev_growth_yoy": -0.11919288469490824,
      "rev_growth_yoy_accel": -0.01658615442502462,
      "fcf_margin_change": -0.01246068679999908
    },
    {
      "date": "2024-12-31T00:00:00",
      "quarter_label": "2024-12 (Q4)",
      "revenue": 242576000,
      "gross_profit": null,
      "operating_income": 1021000,
      "net_income": null,
      "opex": 241555000,
      "cogs": null,
      "rd": null,
      "sga": null,
      "fcf": -45519000,
      "ocf": 37788000,
      "capex": -83307000,
      "gross_margin": null,
      "op_margin": 0.004208990172152233,
      "fcf_margin": -0.1876484070971572,
      "incr_op_margin_yoy": 0.295505172255958,
      "rev_growth_yoy": -0.11901709479311559,
      "rev_growth_yoy_accel": 0.00017578990179265008,
      "fcf_margin_change": -0.2823490355100394
    },
    {
      "date": "2025-03-31T00:00:00",
      "quarter_label": "2025-03 (Q1)",
      "revenue": 219420000,
      "gross_profit": null,
      "operating_income": -14898000,
      "net_income": -13873000,
      "opex": 234318000,
      "cogs": null,
      "rd": null,
      "sga": null,
      "fcf": 2285000,
      "ocf": 25843000,
      "capex": -23558000,
      "gross_margin": null,
      "op_margin": -0.06789718348372983,
      "fcf_margin": 0.01041381824810865,
      "incr_op_margin_yoy": 0.010117878192534381,
      "rev_growth_yoy": -0.1882953536549275,
      "rev_growth_yoy_accel": -0.06927825886181191,
      "fcf_margin_change": 0.19806222534526585
    },
    {
      "date": "2025-06-30T00:00:00",
      "quarter_label": "2025-06 (Q2)",
      "revenue": 210387000,
      "gross_profit": null,
      "operating_income": -12419000,
      "net_income": -10855000,
      "opex": 222806000,
      "cogs": null,
      "rd": null,
      "sga": null,
      "fcf": -12793000,
      "ocf": 20999000,
      "capex": -33792000,
      "gross_margin": null,
      "op_margin": -0.05902931264764458,
      "fcf_margin": -0.06080698902498729,
      "incr_op_margin_yoy": 0.19704196249631023,
      "rev_growth_yoy": -0.23427138458402788,
      "rev_growth_yoy_accel": -0.04597603092910038,
      "fcf_margin_change": -0.07122080727309593
    },
    {
      "date": "2025-09-30T00:00:00",
      "quarter_label": "2025-09 (Q3)",
      "revenue": 196547000,
      "gross_profit": null,
      "operating_income": -7252000,
      "net_income": -8284000,
      "opex": 203799000,
      "cogs": null,
      "rd": null,
      "sga": null,
      "fcf": -12151000,
      "ocf": 27530000,
      "capex": -39681000,
      "gross_margin": null,
      "op_margin": -0.036897027174161906,
      "fcf_margin": -0.06182236309890255,
      "incr_op_margin_yoy": 0.0017847553463688915,
      "rev_growth_yoy": -0.2436456413236307,
      "rev_growth_yoy_accel": -0.009374256739602821,
      "fcf_margin_change": -0.0010153740739152622
    }
  ],
  "signals": [
    {
      "quarter": "2025-03 (Q1)",
      "signal": "FCF TURNED POSITIVE",
      "detail": "FCF margin: -18.8% -> +1.0%",
      "severity": "HIGH"
    },
    {
      "quarter": "2025-03 (Q1)",
      "signal": "YoY REVENUE GROWTH DECELERATION",
      "detail": "YoY growth: -18.8% vs prior quarter YoY: -11.9% (decel: -6.9%)",
      "severity": "WARNING"
    },
    {
      "quarter": "2024-12 (Q4)",
      "signal": "INCREMENTAL MARGIN (YoY)",
      "detail": "YoY Incr OPM: +29.6% vs year-ago OPM: +3.9%",
      "severity": "HIGH"
    },
    {
      "quarter": "2024-12 (Q4)",
      "signal": "OP MARGIN TURNED POSITIVE (QoQ)",
      "detail": "Op margin: -2.7% -> +0.4%",
      "severity": "HIGH"
    },
    {
      "quarter": "2024-06 (Q2)",
      "signal": "YoY REVENUE GROWTH ACCELERATION",
      "detail": "YoY growth: -10.3% vs prior quarter YoY: -18.3% (accel: +8.1%)",
      "severity": "MEDIUM"
    },
    {
      "quarter": "2024-06 (Q2)",
      "signal": "INCREMENTAL MARGIN (YoY)",
      "detail": "YoY Incr OPM: +50.8% vs year-ago OPM: +5.3%",
      "severity": "HIGH"
    },
    {
      "quarter": "2024-06 (Q2)",
      "signal": "OP MARGIN TURNED POSITIVE (QoQ)",
      "detail": "Op margin: -5.3% -> +0.1%",
      "severity": "HIGH"
    },
    {
      "quarter": "2024-03 (Q1)",
      "signal": "FCF MARGIN EXPANSION",
      "detail": "FCF margin: +3.3% -> +9.7% (+6.4%)",
      "severity": "MEDIUM"
    },
    {
      "quarter": "2023-12 (Q4)",
      "signal": "FCF TURNED POSITIVE",
      "detail": "FCF margin: -14.1% -> +3.3%",
      "severity": "HIGH"
    },
    {
      "quarter": "2023-12 (Q4)",
      "signal": "YoY REVENUE GROWTH DECELERATION",
      "detail": "YoY growth: -22.4% vs prior quarter YoY: +7.7% (decel: -30.1%)",
      "severity": "WARNING"
    },
    {
      "quarter": "2023-12 (Q4)",
      "signal": "INCREMENTAL MARGIN (YoY)",
      "detail": "YoY Incr OPM: +19.4% vs year-ago OPM: +7.4%",
      "severity": "MEDIUM"
    },
    {
      "quarter": "2023-12 (Q4)",
      "signal": "OP MARGIN TURNED POSITIVE (QoQ)",
      "detail": "Op margin: -2.5% -> +3.9%",
      "severity": "HIGH"
    },
    {
      "quarter": "2023-09 (Q3)",
      "signal": "YoY REVENUE GROWTH DECELERATION",
      "detail": "YoY growth: +7.7% vs prior quarter YoY: +63.0% (decel: -55.3%)",
      "severity": "WARNING"
    },
    {
      "quarter": "2023-06 (Q2)",
      "signal": "YoY REVENUE GROWTH DECELERATION",
      "detail": "YoY growth: +63.0% vs prior quarter YoY: +118.8% (decel: -55.7%)",
      "severity": "WARNING"
    },
    {
      "quarter": "2023-03 (Q1)",
      "signal": "YoY REVENUE GROWTH DECELERATION",
      "detail": "YoY growth: +118.8% vs prior quarter YoY: +139.6% (decel: -20.8%)",
      "severity": "WARNING"
    },
    {
      "quarter": "2022-12 (Q4)",
      "signal": "YoY REVENUE GROWTH ACCELERATION",
      "detail": "YoY growth: +139.6% vs prior quarter YoY: +79.5% (accel: +60.1%)",
      "severity": "HIGH"
    },
    {
      "quarter": "2022-09 (Q3)",
      "signal": "FCF TURNED POSITIVE",
      "detail": "FCF margin: -4.1% -> +4.7%",
      "severity": "HIGH"
    },
    {
      "quarter": "2022-09 (Q3)",
      "signal": "YoY REVENUE GROWTH ACCELERATION",
      "detail": "YoY growth: +79.5% vs prior quarter YoY: +21.9% (accel: +57.7%)",
      "severity": "HIGH"
    },
    {
      "quarter": "2022-06 (Q2)",
      "signal": "YoY REVENUE GROWTH ACCELERATION",
      "detail": "YoY growth: +21.9% vs prior quarter YoY: -0.7% (accel: +22.6%)",
      "severity": "HIGH"
    },
    {
      "quarter": "2022-06 (Q2)",
      "signal": "INCREMENTAL MARGIN (YoY)",
      "detail": "YoY Incr OPM: +230.6% vs year-ago OPM: +17.7%",
      "severity": "HIGH"
    },
    {
      "quarter": "2022-03 (Q1)",
      "signal": "FCF TURNED POSITIVE",
      "detail": "FCF margin: -7.9% -> +10.3%",
      "severity": "HIGH"
    },
    {
      "quarter": "2021-03 (Q1)",
      "signal": "FCF MARGIN EXPANSION",
      "detail": "FCF margin: +3.4% -> +16.9% (+13.4%)",
      "severity": "MEDIUM"
    }
  ],
  "data_quality": {
    "n_quarters": 20,
    "coverage": {
      "revenue": [
        20,
        20
      ],
      "gross_profit": [
        0,
        20
      ],
      "op_income": [
        20,
        20
      ],
      "fcf": [
        20,
        20
      ]
    },
    "gaps": [],
    "warnings": [
      "gross_profit: no data"
    ]
  },
  "market_cap": null,
  "source": "SEC EDGAR",
  "last_updated": "2026-02-02T22:09:00.952295"
}