{
  "ticker": "HTO",
  "name": "H2O AMERICA",
  "quarters": [
    {
      "date": "2020-12-31T00:00:00",
      "quarter_label": "2020-12 (Q4)",
      "revenue": 135700000,
      "gross_profit": null,
      "operating_income": 24290000,
      "net_income": 13284000,
      "opex": null,
      "cogs": null,
      "rd": null,
      "sga": null,
      "fcf": 33436000,
      "ocf": 33436000,
      "capex": null,
      "gross_margin": null,
      "op_margin": 0.17899778924097273,
      "fcf_margin": 0.24639646278555638
    },
    {
      "date": "2021-03-31T00:00:00",
      "quarter_label": "2021-03 (Q1)",
      "revenue": 114785000,
      "gross_profit": null,
      "operating_income": 13079000,
      "net_income": 2616000,
      "opex": null,
      "cogs": null,
      "rd": null,
      "sga": null,
      "fcf": 33376000,
      "ocf": 33376000,
      "capex": null,
      "gross_margin": null,
      "op_margin": 0.11394345951126018,
      "fcf_margin": 0.2907696998736769,
      "fcf_margin_change": 0.04437323708812052
    },
    {
      "date": "2021-06-30T00:00:00",
      "quarter_label": "2021-06 (Q2)",
      "revenue": 152241000,
      "gross_profit": null,
      "operating_income": 32639000,
      "net_income": 20775000,
      "opex": null,
      "cogs": null,
      "rd": null,
      "sga": null,
      "fcf": 33720000,
      "ocf": 33720000,
      "capex": null,
      "gross_margin": null,
      "op_margin": 0.21439034162939025,
      "fcf_margin": 0.221490925571955,
      "fcf_margin_change": -0.06927877430172191
    },
    {
      "date": "2021-09-30T00:00:00",
      "quarter_label": "2021-09 (Q3)",
      "revenue": 166923000,
      "gross_profit": null,
      "operating_income": 33774000,
      "net_income": 19068000,
      "opex": null,
      "cogs": null,
      "rd": null,
      "sga": null,
      "fcf": 33159000,
      "ocf": 33159000,
      "capex": null,
      "gross_margin": null,
      "op_margin": 0.20233281213493648,
      "fcf_margin": 0.1986484786398519,
      "fcf_margin_change": -0.022842446932103078
    },
    {
      "date": "2021-12-31T00:00:00",
      "quarter_label": "2021-12 (Q4)",
      "revenue": 139737000,
      "gross_profit": null,
      "operating_income": 31667000,
      "net_income": 18019000,
      "opex": null,
      "cogs": null,
      "rd": null,
      "sga": null,
      "fcf": 29785000,
      "ocf": 29785000,
      "capex": null,
      "gross_margin": null,
      "op_margin": 0.22661857632552582,
      "fcf_margin": 0.2131504182857797,
      "incr_op_margin_yoy": 1.8273470398810998,
      "rev_growth_yoy": 0.029749447310243184,
      "fcf_margin_change": 0.014501939645927803
    },
    {
      "date": "2022-03-31T00:00:00",
      "quarter_label": "2022-03 (Q1)",
      "revenue": 124302000,
      "gross_profit": null,
      "operating_income": 16589000,
      "net_income": 3737000,
      "opex": null,
      "cogs": null,
      "rd": null,
      "sga": null,
      "fcf": 45294000,
      "ocf": 45294000,
      "capex": null,
      "gross_margin": null,
      "op_margin": 0.13345722514521086,
      "fcf_margin": 0.36438673553120626,
      "incr_op_margin_yoy": 0.3688137017967847,
      "rev_growth_yoy": 0.08291153025221065,
      "rev_growth_yoy_accel": 0.05316208294196747,
      "fcf_margin_change": 0.15123631724542655
    },
    {
      "date": "2022-06-30T00:00:00",
      "quarter_label": "2022-06 (Q2)",
      "revenue": 149041000,
      "gross_profit": null,
      "operating_income": 26402000,
      "net_income": 11558000,
      "opex": null,
      "cogs": null,
      "rd": null,
      "sga": null,
      "fcf": 38304000,
      "ocf": 38304000,
      "capex": null,
      "gross_margin": null,
      "op_margin": 0.1771458860313605,
      "fcf_margin": 0.257003106527734,
      "incr_op_margin_yoy": 1.9490625,
      "rev_growth_yoy": -0.0210193049178605,
      "rev_growth_yoy_accel": -0.10393083517007115,
      "fcf_margin_change": -0.10738362900347226
    },
    {
      "date": "2022-09-30T00:00:00",
      "quarter_label": "2022-09 (Q3)",
      "revenue": 175981000,
      "gross_profit": null,
      "operating_income": 37602000,
      "net_income": 25034000,
      "opex": null,
      "cogs": null,
      "rd": null,
      "sga": null,
      "fcf": 45751000,
      "ocf": 45751000,
      "capex": null,
      "gross_margin": null,
      "op_margin": 0.21367079400617112,
      "fcf_margin": 0.25997692932759786,
      "incr_op_margin_yoy": 0.4226098476484875,
      "rev_growth_yoy": 0.054264541135733244,
      "rev_growth_yoy_accel": 0.07528384605359374,
      "fcf_margin_change": 0.0029738227998638567
    },
    {
      "date": "2022-12-31T00:00:00",
      "quarter_label": "2022-12 (Q4)",
      "revenue": 171374000,
      "gross_profit": null,
      "operating_income": 50385000,
      "net_income": 33499000,
      "opex": null,
      "cogs": null,
      "rd": null,
      "sga": null,
      "fcf": 36850000,
      "ocf": 36850000,
      "capex": null,
      "gross_margin": null,
      "op_margin": 0.29400609193926736,
      "fcf_margin": 0.21502678352608914,
      "incr_op_margin_yoy": 0.5916490185542245,
      "rev_growth_yoy": 0.22640388730257555,
      "rev_growth_yoy_accel": 0.1721393461668423,
      "fcf_margin_change": -0.04495014580150872
    },
    {
      "date": "2023-03-31T00:00:00",
      "quarter_label": "2023-03 (Q1)",
      "revenue": 137296000,
      "gross_profit": null,
      "operating_income": 25178000,
      "net_income": 11530000,
      "opex": null,
      "cogs": null,
      "rd": null,
      "sga": null,
      "fcf": 50607000,
      "ocf": 50607000,
      "capex": null,
      "gross_margin": null,
      "op_margin": 0.18338480363593987,
      "fcf_margin": 0.3685977741521967,
      "incr_op_margin_yoy": 0.6609973834077266,
      "rev_growth_yoy": 0.10453572750237325,
      "rev_growth_yoy_accel": -0.1218681598002023,
      "fcf_margin_change": 0.15357099062610755
    },
    {
      "date": "2023-06-30T00:00:00",
      "quarter_label": "2023-06 (Q2)",
      "revenue": 156886000,
      "gross_profit": null,
      "operating_income": 31158000,
      "net_income": 18286000,
      "opex": null,
      "cogs": null,
      "rd": null,
      "sga": null,
      "fcf": 46757000,
      "ocf": 46757000,
      "capex": null,
      "gross_margin": null,
      "op_margin": 0.1986028071338424,
      "fcf_margin": 0.2980316918016904,
      "incr_op_margin_yoy": 0.6062460165710644,
      "rev_growth_yoy": 0.05263652283599815,
      "rev_growth_yoy_accel": -0.0518992046663751,
      "fcf_margin_change": -0.07056608235050627
    },
    {
      "date": "2023-09-30T00:00:00",
      "quarter_label": "2023-09 (Q3)",
      "revenue": 204843000,
      "gross_profit": null,
      "operating_income": 56606000,
      "net_income": 36222000,
      "opex": null,
      "cogs": null,
      "rd": null,
      "sga": null,
      "fcf": 61939000,
      "ocf": 61939000,
      "capex": null,
      "gross_margin": null,
      "op_margin": 0.2763384640920119,
      "fcf_margin": 0.3023730369111954,
      "incr_op_margin_yoy": 0.6584436283001871,
      "rev_growth_yoy": 0.1640063415936948,
      "rev_growth_yoy_accel": 0.11136981875769664,
      "fcf_margin_change": 0.004341345109504957
    },
    {
      "date": "2023-12-31T00:00:00",
      "quarter_label": "2023-12 (Q4)",
      "revenue": 171338000,
      "gross_profit": null,
      "operating_income": 36493000,
      "net_income": 18949000,
      "opex": null,
      "cogs": null,
      "rd": null,
      "sga": null,
      "fcf": 31528000,
      "ocf": 31528000,
      "capex": null,
      "gross_margin": null,
      "op_margin": 0.21298836218468759,
      "fcf_margin": 0.18401055224176774,
      "rev_growth_yoy": -0.0002100668712873598,
      "rev_growth_yoy_accel": -0.16421640846498214,
      "fcf_margin_change": -0.11836248466942764
    },
    {
      "date": "2024-03-31T00:00:00",
      "quarter_label": "2024-03 (Q1)",
      "revenue": 149382000,
      "gross_profit": null,
      "operating_income": 27913000,
      "net_income": 11699000,
      "opex": null,
      "cogs": null,
      "rd": null,
      "sga": null,
      "fcf": 51216000,
      "ocf": 51216000,
      "capex": null,
      "gross_margin": null,
      "op_margin": 0.18685651551057023,
      "fcf_margin": 0.3428525525163674,
      "incr_op_margin_yoy": 0.22629488664570577,
      "rev_growth_yoy": 0.08802878452394826,
      "rev_growth_yoy_accel": 0.08823885139523562,
      "fcf_margin_change": 0.1588420002745997
    },
    {
      "date": "2024-06-30T00:00:00",
      "quarter_label": "2024-06 (Q2)",
      "revenue": 176174000,
      "gross_profit": null,
      "operating_income": 40570000,
      "net_income": 20696000,
      "opex": null,
      "cogs": null,
      "rd": null,
      "sga": null,
      "fcf": 49316000,
      "ocf": 49316000,
      "capex": null,
      "gross_margin": null,
      "op_margin": 0.2302836967997548,
      "fcf_margin": 0.27992779865360384,
      "incr_op_margin_yoy": 0.48797179593529655,
      "rev_growth_yoy": 0.12294277373379396,
      "rev_growth_yoy_accel": 0.0349139892098457,
      "fcf_margin_change": -0.06292475386276358
    },
    {
      "date": "2024-09-30T00:00:00",
      "quarter_label": "2024-09 (Q3)",
      "revenue": 225063000,
      "gross_profit": null,
      "operating_income": 58353000,
      "net_income": 38652000,
      "opex": null,
      "cogs": null,
      "rd": null,
      "sga": null,
      "fcf": 53534000,
      "ocf": 53534000,
      "capex": null,
      "gross_margin": null,
      "op_margin": 0.25927406992708707,
      "fcf_margin": 0.23786228744840335,
      "incr_op_margin_yoy": 0.08639960435212661,
      "rev_growth_yoy": 0.09870974355970182,
      "rev_growth_yoy_accel": -0.024233030174092146,
      "fcf_margin_change": -0.042065511205200495
    },
    {
      "date": "2024-12-31T00:00:00",
      "quarter_label": "2024-12 (Q4)",
      "revenue": 197820000,
      "gross_profit": null,
      "operating_income": 43667000,
      "net_income": 22920000,
      "opex": null,
      "cogs": null,
      "rd": null,
      "sga": null,
      "fcf": 41460000,
      "ocf": 41460000,
      "capex": null,
      "gross_margin": null,
      "op_margin": 0.22074107774744717,
      "fcf_margin": 0.20958447073096756,
      "incr_op_margin_yoy": 0.27090098935125745,
      "rev_growth_yoy": 0.15455999252938635,
      "rev_growth_yoy_accel": 0.05585024896968453,
      "fcf_margin_change": -0.02827781671743579
    },
    {
      "date": "2025-03-31T00:00:00",
      "quarter_label": "2025-03 (Q1)",
      "revenue": 167599000,
      "gross_profit": null,
      "operating_income": 35896000,
      "net_income": 16551000,
      "opex": null,
      "cogs": null,
      "rd": null,
      "sga": null,
      "fcf": 43181000,
      "ocf": 43181000,
      "capex": null,
      "gross_margin": null,
      "op_margin": 0.21417788888955186,
      "fcf_margin": 0.25764473535044957,
      "incr_op_margin_yoy": 0.4382170500082341,
      "rev_growth_yoy": 0.12194909694608454,
      "rev_growth_yoy_accel": -0.03261089558330181,
      "fcf_margin_change": 0.04806026461948201
    },
    {
      "date": "2025-06-30T00:00:00",
      "quarter_label": "2025-06 (Q2)",
      "revenue": 198255000,
      "gross_profit": null,
      "operating_income": 43865000,
      "net_income": 24675000,
      "opex": null,
      "cogs": null,
      "rd": null,
      "sga": null,
      "fcf": 60836000,
      "ocf": 60836000,
      "capex": null,
      "gross_margin": null,
      "op_margin": 0.22125545383470782,
      "fcf_margin": 0.3068573302060478,
      "incr_op_margin_yoy": 0.1492233141614963,
      "rev_growth_yoy": 0.12533631523380295,
      "rev_growth_yoy_accel": 0.003387218287718416,
      "fcf_margin_change": 0.0492125948555982
    },
    {
      "date": "2025-09-30T00:00:00",
      "quarter_label": "2025-09 (Q3)",
      "revenue": 240550000,
      "gross_profit": null,
      "operating_income": 64627000,
      "net_income": 45132000,
      "opex": null,
      "cogs": null,
      "rd": null,
      "sga": null,
      "fcf": 77266000,
      "ocf": 77266000,
      "capex": null,
      "gross_margin": null,
      "op_margin": 0.26866347952608605,
      "fcf_margin": 0.3212055705674496,
      "incr_op_margin_yoy": 0.4051139665525925,
      "rev_growth_yoy": 0.06881184379484856,
      "rev_growth_yoy_accel": -0.05652447143895439,
      "fcf_margin_change": 0.01434824036140181
    }
  ],
  "signals": [
    {
      "quarter": "2025-09 (Q3)",
      "signal": "YoY REVENUE GROWTH DECELERATION",
      "detail": "YoY growth: +6.9% vs prior quarter YoY: +12.5% (decel: -5.7%)",
      "severity": "WARNING"
    },
    {
      "quarter": "2025-09 (Q3)",
      "signal": "INCREMENTAL MARGIN (YoY)",
      "detail": "YoY Incr OPM: +40.5% vs year-ago OPM: +25.9%",
      "severity": "MEDIUM"
    },
    {
      "quarter": "2025-03 (Q1)",
      "signal": "INCREMENTAL MARGIN (YoY)",
      "detail": "YoY Incr OPM: +43.8% vs year-ago OPM: +18.7%",
      "severity": "HIGH"
    },
    {
      "quarter": "2024-12 (Q4)",
      "signal": "YoY REVENUE GROWTH ACCELERATION",
      "detail": "YoY growth: +15.5% vs prior quarter YoY: +9.9% (accel: +5.6%)",
      "severity": "MEDIUM"
    },
    {
      "quarter": "2024-06 (Q2)",
      "signal": "INCREMENTAL MARGIN (YoY)",
      "detail": "YoY Incr OPM: +48.8% vs year-ago OPM: +19.9%",
      "severity": "HIGH"
    },
    {
      "quarter": "2024-03 (Q1)",
      "signal": "FCF MARGIN EXPANSION",
      "detail": "FCF margin: +18.4% -> +34.3% (+15.9%)",
      "severity": "MEDIUM"
    },
    {
      "quarter": "2024-03 (Q1)",
      "signal": "YoY REVENUE GROWTH ACCELERATION",
      "detail": "YoY growth: +8.8% vs prior quarter YoY: -0.0% (accel: +8.8%)",
      "severity": "MEDIUM"
    },
    {
      "quarter": "2023-12 (Q4)",
      "signal": "YoY REVENUE GROWTH DECELERATION",
      "detail": "YoY growth: -0.0% vs prior quarter YoY: +16.4% (decel: -16.4%)",
      "severity": "WARNING"
    },
    {
      "quarter": "2023-09 (Q3)",
      "signal": "YoY REVENUE GROWTH ACCELERATION",
      "detail": "YoY growth: +16.4% vs prior quarter YoY: +5.3% (accel: +11.1%)",
      "severity": "MEDIUM"
    },
    {
      "quarter": "2023-09 (Q3)",
      "signal": "INCREMENTAL MARGIN (YoY)",
      "detail": "YoY Incr OPM: +65.8% vs year-ago OPM: +21.4%",
      "severity": "HIGH"
    },
    {
      "quarter": "2023-06 (Q2)",
      "signal": "YoY REVENUE GROWTH DECELERATION",
      "detail": "YoY growth: +5.3% vs prior quarter YoY: +10.5% (decel: -5.2%)",
      "severity": "WARNING"
    },
    {
      "quarter": "2023-06 (Q2)",
      "signal": "INCREMENTAL MARGIN (YoY)",
      "detail": "YoY Incr OPM: +60.6% vs year-ago OPM: +17.7%",
      "severity": "HIGH"
    },
    {
      "quarter": "2023-03 (Q1)",
      "signal": "FCF MARGIN EXPANSION",
      "detail": "FCF margin: +21.5% -> +36.9% (+15.4%)",
      "severity": "MEDIUM"
    },
    {
      "quarter": "2023-03 (Q1)",
      "signal": "YoY REVENUE GROWTH DECELERATION",
      "detail": "YoY growth: +10.5% vs prior quarter YoY: +22.6% (decel: -12.2%)",
      "severity": "WARNING"
    },
    {
      "quarter": "2023-03 (Q1)",
      "signal": "INCREMENTAL MARGIN (YoY)",
      "detail": "YoY Incr OPM: +66.1% vs year-ago OPM: +13.3%",
      "severity": "HIGH"
    },
    {
      "quarter": "2022-12 (Q4)",
      "signal": "YoY REVENUE GROWTH ACCELERATION",
      "detail": "YoY growth: +22.6% vs prior quarter YoY: +5.4% (accel: +17.2%)",
      "severity": "HIGH"
    },
    {
      "quarter": "2022-12 (Q4)",
      "signal": "INCREMENTAL MARGIN (YoY)",
      "detail": "YoY Incr OPM: +59.2% vs year-ago OPM: +22.7%",
      "severity": "HIGH"
    },
    {
      "quarter": "2022-09 (Q3)",
      "signal": "YoY REVENUE GROWTH ACCELERATION",
      "detail": "YoY growth: +5.4% vs prior quarter YoY: -2.1% (accel: +7.5%)",
      "severity": "MEDIUM"
    },
    {
      "quarter": "2022-09 (Q3)",
      "signal": "INCREMENTAL MARGIN (YoY)",
      "detail": "YoY Incr OPM: +42.3% vs year-ago OPM: +20.2%",
      "severity": "HIGH"
    },
    {
      "quarter": "2022-06 (Q2)",
      "signal": "YoY REVENUE GROWTH DECELERATION",
      "detail": "YoY growth: -2.1% vs prior quarter YoY: +8.3% (decel: -10.4%)",
      "severity": "WARNING"
    },
    {
      "quarter": "2022-06 (Q2)",
      "signal": "INCREMENTAL MARGIN (YoY)",
      "detail": "YoY Incr OPM: +194.9% vs year-ago OPM: +21.4%",
      "severity": "HIGH"
    },
    {
      "quarter": "2022-03 (Q1)",
      "signal": "FCF MARGIN EXPANSION",
      "detail": "FCF margin: +21.3% -> +36.4% (+15.1%)",
      "severity": "MEDIUM"
    },
    {
      "quarter": "2022-03 (Q1)",
      "signal": "YoY REVENUE GROWTH ACCELERATION",
      "detail": "YoY growth: +8.3% vs prior quarter YoY: +3.0% (accel: +5.3%)",
      "severity": "MEDIUM"
    },
    {
      "quarter": "2022-03 (Q1)",
      "signal": "INCREMENTAL MARGIN (YoY)",
      "detail": "YoY Incr OPM: +36.9% vs year-ago OPM: +11.4%",
      "severity": "HIGH"
    },
    {
      "quarter": "2021-12 (Q4)",
      "signal": "INCREMENTAL MARGIN (YoY)",
      "detail": "YoY Incr OPM: +182.7% vs year-ago OPM: +17.9%",
      "severity": "HIGH"
    }
  ],
  "data_quality": {
    "n_quarters": 20,
    "coverage": {
      "revenue": [
        20,
        20
      ],
      "gross_profit": [
        0,
        20
      ],
      "op_income": [
        20,
        20
      ],
      "fcf": [
        20,
        20
      ]
    },
    "gaps": [],
    "warnings": [
      "gross_profit: no data"
    ]
  },
  "market_cap": null,
  "source": "SEC EDGAR",
  "last_updated": "2026-02-02T21:39:39.730858",
  "sector": "Utilities",
  "industry": "Utilities - Regulated Water"
}