{
  "ticker": "HTZ",
  "name": "HERTZ GLOBAL HOLDINGS,\u00a0INC.",
  "quarters": [
    {
      "date": "2020-12-31T00:00:00",
      "quarter_label": "2020-12 (Q4)",
      "revenue": 1235000000,
      "gross_profit": null,
      "operating_income": null,
      "net_income": -289000000,
      "opex": null,
      "cogs": null,
      "rd": null,
      "sga": 145000000,
      "fcf": 25000000,
      "ocf": 25000000,
      "capex": null,
      "gross_margin": null,
      "op_margin": null,
      "fcf_margin": 0.020242914979757085
    },
    {
      "date": "2021-03-31T00:00:00",
      "quarter_label": "2021-03 (Q1)",
      "revenue": 1289000000,
      "gross_profit": null,
      "operating_income": null,
      "net_income": 190000000,
      "opex": null,
      "cogs": null,
      "rd": null,
      "sga": 156000000,
      "fcf": 200000000,
      "ocf": 200000000,
      "capex": null,
      "gross_margin": null,
      "op_margin": null,
      "fcf_margin": 0.1551590380139643,
      "fcf_margin_change": 0.13491612303420722
    },
    {
      "date": "2021-06-30T00:00:00",
      "quarter_label": "2021-06 (Q2)",
      "revenue": 1873000000,
      "gross_profit": null,
      "operating_income": null,
      "net_income": -168000000,
      "opex": null,
      "cogs": null,
      "rd": null,
      "sga": 172000000,
      "fcf": 265000000,
      "ocf": 265000000,
      "capex": null,
      "gross_margin": null,
      "op_margin": null,
      "fcf_margin": 0.1414842498665243,
      "fcf_margin_change": -0.013674788147439998
    },
    {
      "date": "2021-09-30T00:00:00",
      "quarter_label": "2021-09 (Q3)",
      "revenue": 2226000000,
      "gross_profit": null,
      "operating_income": null,
      "net_income": 605000000,
      "opex": 1458000000,
      "cogs": null,
      "rd": null,
      "sga": 177000000,
      "fcf": 743000000,
      "ocf": 743000000,
      "capex": null,
      "gross_margin": null,
      "op_margin": null,
      "fcf_margin": 0.3337825696316262,
      "fcf_margin_change": 0.19229831976510192
    },
    {
      "date": "2021-12-31T00:00:00",
      "quarter_label": "2021-12 (Q4)",
      "revenue": 1949000000,
      "gross_profit": null,
      "operating_income": null,
      "net_income": -260000000,
      "opex": 2086000000,
      "cogs": null,
      "rd": null,
      "sga": 190000000,
      "fcf": 598000000,
      "ocf": 598000000,
      "capex": null,
      "gross_margin": null,
      "op_margin": null,
      "fcf_margin": 0.3068240123140072,
      "rev_growth_yoy": 0.5781376518218624,
      "fcf_margin_change": -0.026958557317619036
    },
    {
      "date": "2022-03-31T00:00:00",
      "quarter_label": "2022-03 (Q1)",
      "revenue": 1810000000,
      "gross_profit": null,
      "operating_income": null,
      "net_income": 426000000,
      "opex": 1254000000,
      "cogs": null,
      "rd": null,
      "sga": 235000000,
      "fcf": 621000000,
      "ocf": 621000000,
      "capex": null,
      "gross_margin": null,
      "op_margin": null,
      "fcf_margin": 0.3430939226519337,
      "rev_growth_yoy": 0.40418929402637704,
      "rev_growth_yoy_accel": -0.17394835779548534,
      "fcf_margin_change": 0.036269910337926536
    },
    {
      "date": "2022-06-30T00:00:00",
      "quarter_label": "2022-06 (Q2)",
      "revenue": 2344000000,
      "gross_profit": null,
      "operating_income": null,
      "net_income": 940000000,
      "opex": 1225000000,
      "cogs": null,
      "rd": null,
      "sga": 257000000,
      "fcf": 708000000,
      "ocf": 708000000,
      "capex": null,
      "gross_margin": null,
      "op_margin": null,
      "fcf_margin": 0.30204778156996587,
      "rev_growth_yoy": 0.2514682327816337,
      "rev_growth_yoy_accel": -0.15272106124474333,
      "op_leverage_ratio": Infinity,
      "fcf_margin_change": -0.04104614108196786
    },
    {
      "date": "2022-09-30T00:00:00",
      "quarter_label": "2022-09 (Q3)",
      "revenue": 2496000000,
      "gross_profit": null,
      "operating_income": null,
      "net_income": 577000000,
      "opex": 1849000000,
      "cogs": null,
      "rd": null,
      "sga": 246000000,
      "fcf": 932000000,
      "ocf": 932000000,
      "capex": null,
      "gross_margin": null,
      "op_margin": null,
      "fcf_margin": 0.3733974358974359,
      "rev_growth_yoy": 0.12129380053908356,
      "rev_growth_yoy_accel": -0.13017443224255015,
      "op_leverage_ratio": 0.1273026603658003,
      "fcf_margin_change": 0.07134965432747004
    },
    {
      "date": "2022-12-31T00:00:00",
      "quarter_label": "2022-12 (Q4)",
      "revenue": 2035000000,
      "gross_profit": null,
      "operating_income": null,
      "net_income": 116000000,
      "opex": 1908000000,
      "cogs": null,
      "rd": null,
      "sga": 221000000,
      "fcf": 277000000,
      "ocf": 277000000,
      "capex": null,
      "gross_margin": null,
      "op_margin": null,
      "fcf_margin": 0.13611793611793613,
      "rev_growth_yoy": 0.044125192406362236,
      "rev_growth_yoy_accel": -0.07716860813272133,
      "fcf_margin_change": -0.23727949977949978
    },
    {
      "date": "2023-03-31T00:00:00",
      "quarter_label": "2023-03 (Q1)",
      "revenue": 2047000000,
      "gross_profit": null,
      "operating_income": null,
      "net_income": 196000000,
      "opex": 1985000000,
      "cogs": null,
      "rd": null,
      "sga": 221000000,
      "fcf": 562000000,
      "ocf": 562000000,
      "capex": null,
      "gross_margin": null,
      "op_margin": null,
      "fcf_margin": 0.27454811919882754,
      "rev_growth_yoy": 0.130939226519337,
      "rev_growth_yoy_accel": 0.08681403411297478,
      "fcf_margin_change": 0.13843018308089142
    },
    {
      "date": "2023-06-30T00:00:00",
      "quarter_label": "2023-06 (Q2)",
      "revenue": 2437000000,
      "gross_profit": null,
      "operating_income": null,
      "net_income": 139000000,
      "opex": 2279000000,
      "cogs": null,
      "rd": null,
      "sga": 285000000,
      "fcf": 497000000,
      "ocf": 497000000,
      "capex": null,
      "gross_margin": null,
      "op_margin": null,
      "fcf_margin": 0.20393926959376282,
      "rev_growth_yoy": 0.03967576791808874,
      "rev_growth_yoy_accel": -0.09126345860124827,
      "op_leverage_ratio": 1.286352352372312,
      "fcf_margin_change": -0.07060884960506472
    },
    {
      "date": "2023-09-30T00:00:00",
      "quarter_label": "2023-09 (Q3)",
      "revenue": 2703000000,
      "gross_profit": null,
      "operating_income": null,
      "net_income": 629000000,
      "opex": 2144000000,
      "cogs": null,
      "rd": null,
      "sga": 209000000,
      "fcf": 851000000,
      "ocf": 851000000,
      "capex": null,
      "gross_margin": null,
      "op_margin": null,
      "fcf_margin": 0.31483536810950796,
      "rev_growth_yoy": 0.0829326923076923,
      "rev_growth_yoy_accel": 0.04325692438960357,
      "op_leverage_ratio": Infinity,
      "fcf_margin_change": 0.11089609851574514
    },
    {
      "date": "2023-12-31T00:00:00",
      "quarter_label": "2023-12 (Q4)",
      "revenue": 2184000000,
      "gross_profit": null,
      "operating_income": null,
      "net_income": -348000000,
      "opex": 2677000000,
      "cogs": null,
      "rd": null,
      "sga": 247000000,
      "fcf": 564000000,
      "ocf": 564000000,
      "capex": null,
      "gross_margin": null,
      "op_margin": null,
      "fcf_margin": 0.25824175824175827,
      "rev_growth_yoy": 0.07321867321867322,
      "rev_growth_yoy_accel": -0.009714019089019088,
      "fcf_margin_change": -0.056593609867749695
    },
    {
      "date": "2024-03-31T00:00:00",
      "quarter_label": "2024-03 (Q1)",
      "revenue": 2080000000,
      "gross_profit": null,
      "operating_income": null,
      "net_income": -186000000,
      "opex": 2661000000,
      "cogs": null,
      "rd": null,
      "sga": 162000000,
      "fcf": 370000000,
      "ocf": 370000000,
      "capex": null,
      "gross_margin": null,
      "op_margin": null,
      "fcf_margin": 0.1778846153846154,
      "rev_growth_yoy": 0.01612115290669272,
      "rev_growth_yoy_accel": -0.057097520311980496,
      "fcf_margin_change": -0.08035714285714288
    },
    {
      "date": "2024-06-30T00:00:00",
      "quarter_label": "2024-06 (Q2)",
      "revenue": 2353000000,
      "gross_profit": null,
      "operating_income": null,
      "net_income": -865000000,
      "opex": 2826000000,
      "cogs": null,
      "rd": null,
      "sga": 243000000,
      "fcf": 546000000,
      "ocf": 546000000,
      "capex": null,
      "gross_margin": null,
      "op_margin": null,
      "fcf_margin": 0.23204419889502761,
      "rev_growth_yoy": -0.0344686089454247,
      "rev_growth_yoy_accel": -0.05058976185211742,
      "op_leverage_ratio": 2.1167045454545454,
      "fcf_margin_change": 0.054159583510412224
    },
    {
      "date": "2024-09-30T00:00:00",
      "quarter_label": "2024-09 (Q3)",
      "revenue": 2576000000,
      "gross_profit": null,
      "operating_income": null,
      "net_income": -1332000000,
      "opex": 4196000000,
      "cogs": null,
      "rd": null,
      "sga": 189000000,
      "fcf": 894000000,
      "ocf": 894000000,
      "capex": null,
      "gross_margin": null,
      "op_margin": null,
      "fcf_margin": 0.3470496894409938,
      "rev_growth_yoy": -0.04698483166851646,
      "rev_growth_yoy_accel": -0.01251622272309176,
      "op_leverage_ratio": 0.19549449219973877,
      "fcf_margin_change": 0.11500549054596618
    },
    {
      "date": "2024-12-31T00:00:00",
      "quarter_label": "2024-12 (Q4)",
      "revenue": 2040000000,
      "gross_profit": null,
      "operating_income": null,
      "net_income": -479000000,
      "opex": 2603000000,
      "cogs": null,
      "rd": null,
      "sga": 225000000,
      "fcf": 414000000,
      "ocf": 414000000,
      "capex": null,
      "gross_margin": null,
      "op_margin": null,
      "fcf_margin": 0.20294117647058824,
      "rev_growth_yoy": -0.06593406593406594,
      "rev_growth_yoy_accel": -0.018949234265549474,
      "fcf_margin_change": -0.14410851297040556
    },
    {
      "date": "2025-03-31T00:00:00",
      "quarter_label": "2025-03 (Q1)",
      "revenue": 1813000000,
      "gross_profit": null,
      "operating_income": null,
      "net_income": -443000000,
      "opex": 2338000000,
      "cogs": null,
      "rd": null,
      "sga": 219000000,
      "fcf": 251000000,
      "ocf": 251000000,
      "capex": null,
      "gross_margin": null,
      "op_margin": null,
      "fcf_margin": 0.13844456701599558,
      "rev_growth_yoy": -0.1283653846153846,
      "rev_growth_yoy_accel": -0.06243131868131867,
      "fcf_margin_change": -0.06449660945459265
    },
    {
      "date": "2025-06-30T00:00:00",
      "quarter_label": "2025-06 (Q2)",
      "revenue": 2185000000,
      "gross_profit": null,
      "operating_income": null,
      "net_income": -294000000,
      "opex": 2501000000,
      "cogs": null,
      "rd": null,
      "sga": 246000000,
      "fcf": 346000000,
      "ocf": 346000000,
      "capex": null,
      "gross_margin": null,
      "op_margin": null,
      "fcf_margin": 0.15835240274599544,
      "rev_growth_yoy": -0.07139821504462389,
      "rev_growth_yoy_accel": 0.056967169570760715,
      "op_leverage_ratio": 2.9430798019755073,
      "fcf_margin_change": 0.01990783572999985
    },
    {
      "date": "2025-09-30T00:00:00",
      "quarter_label": "2025-09 (Q3)",
      "revenue": 2478000000,
      "gross_profit": null,
      "operating_income": null,
      "net_income": 184000000,
      "opex": 2244000000,
      "cogs": null,
      "rd": null,
      "sga": 241000000,
      "fcf": 835000000,
      "ocf": 835000000,
      "capex": null,
      "gross_margin": null,
      "op_margin": null,
      "fcf_margin": 0.33696529459241326,
      "rev_growth_yoy": -0.03804347826086957,
      "rev_growth_yoy_accel": 0.03335473678375432,
      "op_leverage_ratio": Infinity,
      "fcf_margin_change": 0.17861289184641782
    }
  ],
  "signals": [
    {
      "quarter": "2025-09 (Q3)",
      "signal": "FCF MARGIN EXPANSION",
      "detail": "FCF margin: +15.8% -> +33.7% (+17.9%)",
      "severity": "MEDIUM"
    },
    {
      "quarter": "2025-06 (Q2)",
      "signal": "OPERATING LEVERAGE",
      "detail": "Rev growth +20.5% vs OpEx growth +7.0% (leverage: 2.9x)",
      "severity": "MEDIUM"
    },
    {
      "quarter": "2025-06 (Q2)",
      "signal": "YoY REVENUE GROWTH ACCELERATION",
      "detail": "YoY growth: -7.1% vs prior quarter YoY: -12.8% (accel: +5.7%)",
      "severity": "MEDIUM"
    },
    {
      "quarter": "2025-03 (Q1)",
      "signal": "YoY REVENUE GROWTH DECELERATION",
      "detail": "YoY growth: -12.8% vs prior quarter YoY: -6.6% (decel: -6.2%)",
      "severity": "WARNING"
    },
    {
      "quarter": "2024-09 (Q3)",
      "signal": "FCF MARGIN EXPANSION",
      "detail": "FCF margin: +23.2% -> +34.7% (+11.5%)",
      "severity": "MEDIUM"
    },
    {
      "quarter": "2024-06 (Q2)",
      "signal": "FCF MARGIN EXPANSION",
      "detail": "FCF margin: +17.8% -> +23.2% (+5.4%)",
      "severity": "MEDIUM"
    },
    {
      "quarter": "2024-06 (Q2)",
      "signal": "OPERATING LEVERAGE",
      "detail": "Rev growth +13.1% vs OpEx growth +6.2% (leverage: 2.1x)",
      "severity": "MEDIUM"
    },
    {
      "quarter": "2024-06 (Q2)",
      "signal": "YoY REVENUE GROWTH DECELERATION",
      "detail": "YoY growth: -3.4% vs prior quarter YoY: +1.6% (decel: -5.1%)",
      "severity": "WARNING"
    },
    {
      "quarter": "2024-03 (Q1)",
      "signal": "YoY REVENUE GROWTH DECELERATION",
      "detail": "YoY growth: +1.6% vs prior quarter YoY: +7.3% (decel: -5.7%)",
      "severity": "WARNING"
    },
    {
      "quarter": "2023-09 (Q3)",
      "signal": "FCF MARGIN EXPANSION",
      "detail": "FCF margin: +20.4% -> +31.5% (+11.1%)",
      "severity": "MEDIUM"
    },
    {
      "quarter": "2023-06 (Q2)",
      "signal": "YoY REVENUE GROWTH DECELERATION",
      "detail": "YoY growth: +4.0% vs prior quarter YoY: +13.1% (decel: -9.1%)",
      "severity": "WARNING"
    },
    {
      "quarter": "2023-03 (Q1)",
      "signal": "FCF MARGIN EXPANSION",
      "detail": "FCF margin: +13.6% -> +27.5% (+13.8%)",
      "severity": "MEDIUM"
    },
    {
      "quarter": "2023-03 (Q1)",
      "signal": "YoY REVENUE GROWTH ACCELERATION",
      "detail": "YoY growth: +13.1% vs prior quarter YoY: +4.4% (accel: +8.7%)",
      "severity": "MEDIUM"
    },
    {
      "quarter": "2022-12 (Q4)",
      "signal": "YoY REVENUE GROWTH DECELERATION",
      "detail": "YoY growth: +4.4% vs prior quarter YoY: +12.1% (decel: -7.7%)",
      "severity": "WARNING"
    },
    {
      "quarter": "2022-09 (Q3)",
      "signal": "FCF MARGIN EXPANSION",
      "detail": "FCF margin: +30.2% -> +37.3% (+7.1%)",
      "severity": "MEDIUM"
    },
    {
      "quarter": "2022-09 (Q3)",
      "signal": "YoY REVENUE GROWTH DECELERATION",
      "detail": "YoY growth: +12.1% vs prior quarter YoY: +25.1% (decel: -13.0%)",
      "severity": "WARNING"
    },
    {
      "quarter": "2022-06 (Q2)",
      "signal": "YoY REVENUE GROWTH DECELERATION",
      "detail": "YoY growth: +25.1% vs prior quarter YoY: +40.4% (decel: -15.3%)",
      "severity": "WARNING"
    },
    {
      "quarter": "2022-03 (Q1)",
      "signal": "YoY REVENUE GROWTH DECELERATION",
      "detail": "YoY growth: +40.4% vs prior quarter YoY: +57.8% (decel: -17.4%)",
      "severity": "WARNING"
    },
    {
      "quarter": "2021-09 (Q3)",
      "signal": "FCF MARGIN EXPANSION",
      "detail": "FCF margin: +14.1% -> +33.4% (+19.2%)",
      "severity": "MEDIUM"
    },
    {
      "quarter": "2021-03 (Q1)",
      "signal": "FCF MARGIN EXPANSION",
      "detail": "FCF margin: +2.0% -> +15.5% (+13.5%)",
      "severity": "MEDIUM"
    }
  ],
  "data_quality": {
    "n_quarters": 20,
    "coverage": {
      "revenue": [
        20,
        20
      ],
      "gross_profit": [
        0,
        20
      ],
      "op_income": [
        0,
        20
      ],
      "fcf": [
        20,
        20
      ]
    },
    "gaps": [],
    "warnings": [
      "gross_profit: no data",
      "op_income: no data"
    ]
  },
  "market_cap": null,
  "source": "SEC EDGAR",
  "last_updated": "2026-02-02T21:44:28.563525"
}