{
  "ticker": "HUBB",
  "name": "HUBBELL INC",
  "quarters": [
    {
      "date": "2020-12-31T00:00:00",
      "quarter_label": "2020-12 (Q4)",
      "revenue": 1037900000,
      "gross_profit": 285700000,
      "operating_income": 119800000,
      "net_income": 80900000,
      "opex": 165900000,
      "cogs": 752200000,
      "rd": null,
      "sga": 165900000,
      "fcf": 192400000,
      "ocf": 192400000,
      "capex": null,
      "gross_margin": 0.2752673667983428,
      "op_margin": 0.11542537816745352,
      "fcf_margin": 0.18537431351767994
    },
    {
      "date": "2021-03-31T00:00:00",
      "quarter_label": "2021-03 (Q1)",
      "revenue": 1078400000,
      "gross_profit": 289800000,
      "operating_income": 117600000,
      "net_income": 77700000,
      "opex": 172200000,
      "cogs": 788600000,
      "rd": null,
      "sga": 172200000,
      "fcf": 58900000,
      "ocf": 58900000,
      "capex": null,
      "gross_margin": 0.26873145400593473,
      "op_margin": 0.10905044510385757,
      "fcf_margin": 0.054617952522255195,
      "op_leverage_ratio": 1.027555641198574,
      "fcf_margin_change": -0.13075636099542476
    },
    {
      "date": "2021-06-30T00:00:00",
      "quarter_label": "2021-06 (Q2)",
      "revenue": 1191800000,
      "gross_profit": 330800000,
      "operating_income": 152700000,
      "net_income": 95800000,
      "opex": 178100000,
      "cogs": 861000000,
      "rd": null,
      "sga": 178100000,
      "fcf": 150400000,
      "ocf": 150400000,
      "capex": null,
      "gross_margin": 0.2775633495552945,
      "op_margin": 0.12812552441684846,
      "fcf_margin": 0.12619567041449908,
      "op_leverage_ratio": 3.0691231202534826,
      "fcf_margin_change": 0.07157771789224389
    },
    {
      "date": "2021-09-30T00:00:00",
      "quarter_label": "2021-09 (Q3)",
      "revenue": 1213600000,
      "gross_profit": 330300000,
      "operating_income": 155300000,
      "net_income": 108500000,
      "opex": 175000000,
      "cogs": 883300000,
      "rd": null,
      "sga": 175000000,
      "fcf": 97500000,
      "ocf": 97500000,
      "capex": null,
      "gross_margin": 0.2721654581410679,
      "op_margin": 0.1279663810151615,
      "fcf_margin": 0.08033948582729071,
      "op_leverage_ratio": Infinity,
      "fcf_margin_change": -0.04585618458720837
    },
    {
      "date": "2021-12-31T00:00:00",
      "quarter_label": "2021-12 (Q4)",
      "revenue": 1100100000,
      "gross_profit": 289900000,
      "operating_income": 106700000,
      "net_income": 117500000,
      "opex": 183200000,
      "cogs": 810200000,
      "rd": null,
      "sga": 155600000,
      "fcf": null,
      "ocf": null,
      "capex": null,
      "gross_margin": 0.26352149804563224,
      "op_margin": 0.09699118261976183,
      "fcf_margin": null,
      "incr_op_margin_yoy": -0.21061093247588425,
      "rev_growth_yoy": 0.059928702187108586
    },
    {
      "date": "2022-03-31T00:00:00",
      "quarter_label": "2022-03 (Q1)",
      "revenue": 1156100000,
      "gross_profit": 323100000,
      "operating_income": 142900000,
      "net_income": 180200000,
      "opex": 180200000,
      "cogs": 833000000,
      "rd": null,
      "sga": 180200000,
      "fcf": null,
      "ocf": null,
      "capex": null,
      "gross_margin": 0.2794740939365107,
      "op_margin": 0.12360522446155177,
      "fcf_margin": null,
      "incr_op_margin_yoy": 0.3256113256113256,
      "rev_growth_yoy": 0.07205118694362017,
      "rev_growth_yoy_accel": 0.012122484756511585,
      "op_leverage_ratio": Infinity
    },
    {
      "date": "2022-06-30T00:00:00",
      "quarter_label": "2022-06 (Q2)",
      "revenue": 1256000000,
      "gross_profit": 383200000,
      "operating_income": 190600000,
      "net_income": 122000000,
      "opex": 192600000,
      "cogs": 872800000,
      "rd": null,
      "sga": 192600000,
      "fcf": null,
      "ocf": null,
      "capex": null,
      "gross_margin": 0.3050955414012739,
      "op_margin": 0.1517515923566879,
      "fcf_margin": null,
      "incr_op_margin_yoy": 0.5903426791277259,
      "rev_growth_yoy": 0.05386809867427421,
      "rev_growth_yoy_accel": -0.018183088269345962,
      "op_leverage_ratio": 1.255750004882935
    },
    {
      "date": "2022-09-30T00:00:00",
      "quarter_label": "2022-09 (Q3)",
      "revenue": 1316200000,
      "gross_profit": 398500000,
      "operating_income": 203600000,
      "net_income": 139100000,
      "opex": 194900000,
      "cogs": 917700000,
      "rd": null,
      "sga": 194900000,
      "fcf": null,
      "ocf": null,
      "capex": null,
      "gross_margin": 0.30276553715240845,
      "op_margin": 0.15468773742592312,
      "fcf_margin": null,
      "incr_op_margin_yoy": 0.47076023391812866,
      "rev_growth_yoy": 0.08454185893210284,
      "rev_growth_yoy_accel": 0.030673760257828628,
      "op_leverage_ratio": 4.013611188036555
    },
    {
      "date": "2022-12-31T00:00:00",
      "quarter_label": "2022-12 (Q4)",
      "revenue": 1219600000,
      "gross_profit": 366800000,
      "operating_income": 172000000,
      "net_income": 104600000,
      "opex": 194800000,
      "cogs": 852800000,
      "rd": null,
      "sga": 194800000,
      "fcf": null,
      "ocf": null,
      "capex": null,
      "gross_margin": 0.3007543456871105,
      "op_margin": 0.14102984585109873,
      "fcf_margin": null,
      "incr_op_margin_yoy": 0.5464435146443515,
      "rev_growth_yoy": 0.10862648850104537,
      "rev_growth_yoy_accel": 0.02408462956894253
    },
    {
      "date": "2023-03-31T00:00:00",
      "quarter_label": "2023-03 (Q1)",
      "revenue": 1285400000,
      "gross_profit": 448300000,
      "operating_income": 248800000,
      "net_income": 181900000,
      "opex": 199500000,
      "cogs": 837100000,
      "rd": null,
      "sga": 199500000,
      "fcf": 113700000,
      "ocf": 113700000,
      "capex": null,
      "gross_margin": 0.34876303096312433,
      "op_margin": 0.19355842539287382,
      "fcf_margin": 0.08845495565582698,
      "incr_op_margin_yoy": 0.8190255220417634,
      "rev_growth_yoy": 0.11184153619929071,
      "rev_growth_yoy_accel": 0.003215047698245349,
      "op_leverage_ratio": 2.236142997704165
    },
    {
      "date": "2023-06-30T00:00:00",
      "quarter_label": "2023-06 (Q2)",
      "revenue": 1365900000,
      "gross_profit": 496200000,
      "operating_income": 287800000,
      "net_income": 206800000,
      "opex": 208400000,
      "cogs": 869700000,
      "rd": null,
      "sga": 208400000,
      "fcf": 227700000,
      "ocf": 227700000,
      "capex": null,
      "gross_margin": 0.36327696024599165,
      "op_margin": 0.21070356541474486,
      "fcf_margin": 0.1667032725675379,
      "incr_op_margin_yoy": 0.8844404003639672,
      "rev_growth_yoy": 0.0875,
      "rev_growth_yoy_accel": -0.02434153619929072,
      "op_leverage_ratio": 1.4038169380230523,
      "fcf_margin_change": 0.07824831691171091
    },
    {
      "date": "2023-09-30T00:00:00",
      "quarter_label": "2023-09 (Q3)",
      "revenue": 1375800000,
      "gross_profit": 487400000,
      "operating_income": 276300000,
      "net_income": 200100000,
      "opex": 211100000,
      "cogs": 888400000,
      "rd": null,
      "sga": 211100000,
      "fcf": 193900000,
      "ocf": 193900000,
      "capex": null,
      "gross_margin": 0.35426660851868,
      "op_margin": 0.20082860880941997,
      "fcf_margin": 0.140936182584678,
      "incr_op_margin_yoy": 1.2197986577181208,
      "rev_growth_yoy": 0.045281872055918555,
      "rev_growth_yoy_accel": -0.04221812794408144,
      "fcf_margin_change": -0.025767089982859898
    },
    {
      "date": "2023-12-31T00:00:00",
      "quarter_label": "2023-12 (Q4)",
      "revenue": 1345800000,
      "gross_profit": 456200000,
      "operating_income": 225600000,
      "net_income": 171000000,
      "opex": 230600000,
      "cogs": 889600000,
      "rd": null,
      "sga": 230600000,
      "fcf": null,
      "ocf": null,
      "capex": null,
      "gross_margin": 0.338980532025561,
      "op_margin": 0.1676326348640214,
      "fcf_margin": null,
      "incr_op_margin_yoy": 0.4247226624405705,
      "rev_growth_yoy": 0.10347654968842243,
      "rev_growth_yoy_accel": 0.058194677632503876
    },
    {
      "date": "2024-03-31T00:00:00",
      "quarter_label": "2024-03 (Q1)",
      "revenue": 1399100000,
      "gross_profit": 447700000,
      "operating_income": 228500000,
      "net_income": 147800000,
      "opex": 219200000,
      "cogs": 951400000,
      "rd": null,
      "sga": 219200000,
      "fcf": 92200000,
      "ocf": 92200000,
      "capex": null,
      "gross_margin": 0.3199914230576799,
      "op_margin": 0.16331927667786433,
      "fcf_margin": 0.06589950682581659,
      "incr_op_margin_yoy": -0.1785400175901495,
      "rev_growth_yoy": 0.08845495565582698,
      "rev_growth_yoy_accel": -0.015021594032595453,
      "op_leverage_ratio": Infinity
    },
    {
      "date": "2024-06-30T00:00:00",
      "quarter_label": "2024-06 (Q2)",
      "revenue": 1452500000,
      "gross_profit": 508700000,
      "operating_income": 301200000,
      "net_income": 213600000,
      "opex": 207500000,
      "cogs": 943800000,
      "rd": null,
      "sga": 207500000,
      "fcf": 239600000,
      "ocf": 239600000,
      "capex": null,
      "gross_margin": 0.350223752151463,
      "op_margin": 0.20736660929432013,
      "fcf_margin": 0.16495697074010326,
      "incr_op_margin_yoy": 0.15473441108545036,
      "rev_growth_yoy": 0.06340142030895381,
      "rev_growth_yoy_accel": -0.02505353534687317,
      "op_leverage_ratio": Infinity,
      "fcf_margin_change": 0.09905746391428667
    },
    {
      "date": "2024-09-30T00:00:00",
      "quarter_label": "2024-09 (Q3)",
      "revenue": 1442600000,
      "gross_profit": 497100000,
      "operating_income": 303800000,
      "net_income": 219400000,
      "opex": 193300000,
      "cogs": 945500000,
      "rd": null,
      "sga": 193300000,
      "fcf": 227000000,
      "ocf": 227000000,
      "capex": null,
      "gross_margin": 0.34458616387078883,
      "op_margin": 0.21059198669069734,
      "fcf_margin": 0.15735477609871065,
      "incr_op_margin_yoy": 0.4116766467065868,
      "rev_growth_yoy": 0.04855356883267917,
      "rev_growth_yoy_accel": -0.01484785147627464,
      "fcf_margin_change": -0.007602194641392612
    },
    {
      "date": "2024-12-31T00:00:00",
      "quarter_label": "2024-12 (Q4)",
      "revenue": 1334300000,
      "gross_profit": 450600000,
      "operating_income": 258100000,
      "net_income": 197000000,
      "opex": 192500000,
      "cogs": 883700000,
      "rd": null,
      "sga": 192500000,
      "fcf": null,
      "ocf": null,
      "capex": null,
      "gross_margin": 0.3377051637562767,
      "op_margin": 0.19343475979914562,
      "fcf_margin": null,
      "incr_op_margin_yoy": -2.8260869565217392,
      "rev_growth_yoy": -0.008545103284291871,
      "rev_growth_yoy_accel": -0.05709867211697104
    },
    {
      "date": "2025-03-31T00:00:00",
      "quarter_label": "2025-03 (Q1)",
      "revenue": 1365200000,
      "gross_profit": 451200000,
      "operating_income": 239000000,
      "net_income": 169700000,
      "opex": 212200000,
      "cogs": 914000000,
      "rd": null,
      "sga": 212200000,
      "fcf": 37400000,
      "ocf": 37400000,
      "capex": null,
      "gross_margin": 0.3305010254907706,
      "op_margin": 0.17506592440668034,
      "fcf_margin": 0.027395253442719016,
      "incr_op_margin_yoy": -0.30973451327433627,
      "rev_growth_yoy": -0.024229862054177684,
      "rev_growth_yoy_accel": -0.015684758769885815,
      "op_leverage_ratio": 0.22629215646067768
    },
    {
      "date": "2025-06-30T00:00:00",
      "quarter_label": "2025-06 (Q2)",
      "revenue": 1484300000,
      "gross_profit": 552100000,
      "operating_income": 336300000,
      "net_income": 244200000,
      "opex": 215800000,
      "cogs": 932200000,
      "rd": null,
      "sga": 215800000,
      "fcf": 260600000,
      "ocf": 260600000,
      "capex": null,
      "gross_margin": 0.3719598463922388,
      "op_margin": 0.22657144782052147,
      "fcf_margin": 0.17557097621774573,
      "incr_op_margin_yoy": 1.1037735849056605,
      "rev_growth_yoy": 0.02189328743545611,
      "rev_growth_yoy_accel": 0.046123149489633794,
      "op_leverage_ratio": 5.142311260865319,
      "fcf_margin_change": 0.14817572277502672
    },
    {
      "date": "2025-09-30T00:00:00",
      "quarter_label": "2025-09 (Q3)",
      "revenue": 1502400000,
      "gross_profit": 544300000,
      "operating_income": 330600000,
      "net_income": 255500000,
      "opex": 213700000,
      "cogs": 958100000,
      "rd": null,
      "sga": 213700000,
      "fcf": 284300000,
      "ocf": 284300000,
      "capex": null,
      "gross_margin": 0.3622870074547391,
      "op_margin": 0.22004792332268372,
      "fcf_margin": 0.18923056443024494,
      "incr_op_margin_yoy": 0.44816053511705684,
      "rev_growth_yoy": 0.04145293220573964,
      "rev_growth_yoy_accel": 0.01955964477028353,
      "op_leverage_ratio": Infinity,
      "fcf_margin_change": 0.013659588212499213
    }
  ],
  "signals": [
    {
      "quarter": "2025-09 (Q3)",
      "signal": "INCREMENTAL MARGIN (YoY)",
      "detail": "YoY Incr OPM: +44.8% vs year-ago OPM: +21.1%",
      "severity": "HIGH"
    },
    {
      "quarter": "2025-06 (Q2)",
      "signal": "FCF MARGIN EXPANSION",
      "detail": "FCF margin: +2.7% -> +17.6% (+14.8%)",
      "severity": "MEDIUM"
    },
    {
      "quarter": "2025-06 (Q2)",
      "signal": "OPERATING LEVERAGE",
      "detail": "Rev growth +8.7% vs OpEx growth +1.7% (leverage: 5.1x)",
      "severity": "MEDIUM"
    },
    {
      "quarter": "2025-06 (Q2)",
      "signal": "GROSS MARGIN INFLECTION",
      "detail": "GM: +33.8% -> +33.1% -> +37.2% (reversal +4.1%)",
      "severity": "MEDIUM"
    },
    {
      "quarter": "2025-06 (Q2)",
      "signal": "INCREMENTAL MARGIN (YoY)",
      "detail": "YoY Incr OPM: +110.4% vs year-ago OPM: +20.7%",
      "severity": "HIGH"
    },
    {
      "quarter": "2024-12 (Q4)",
      "signal": "YoY REVENUE GROWTH DECELERATION",
      "detail": "YoY growth: -0.9% vs prior quarter YoY: +4.9% (decel: -5.7%)",
      "severity": "WARNING"
    },
    {
      "quarter": "2024-09 (Q3)",
      "signal": "INCREMENTAL MARGIN (YoY)",
      "detail": "YoY Incr OPM: +41.2% vs year-ago OPM: +20.1%",
      "severity": "HIGH"
    },
    {
      "quarter": "2024-06 (Q2)",
      "signal": "FCF MARGIN EXPANSION",
      "detail": "FCF margin: +6.6% -> +16.5% (+9.9%)",
      "severity": "MEDIUM"
    },
    {
      "quarter": "2024-06 (Q2)",
      "signal": "GROSS MARGIN INFLECTION",
      "detail": "GM: +33.9% -> +32.0% -> +35.0% (reversal +3.0%)",
      "severity": "MEDIUM"
    },
    {
      "quarter": "2023-12 (Q4)",
      "signal": "YoY REVENUE GROWTH ACCELERATION",
      "detail": "YoY growth: +10.3% vs prior quarter YoY: +4.5% (accel: +5.8%)",
      "severity": "MEDIUM"
    },
    {
      "quarter": "2023-12 (Q4)",
      "signal": "INCREMENTAL MARGIN (YoY)",
      "detail": "YoY Incr OPM: +42.5% vs year-ago OPM: +14.1%",
      "severity": "HIGH"
    },
    {
      "quarter": "2023-09 (Q3)",
      "signal": "INCREMENTAL MARGIN (YoY)",
      "detail": "YoY Incr OPM: +122.0% vs year-ago OPM: +15.5%",
      "severity": "HIGH"
    },
    {
      "quarter": "2023-06 (Q2)",
      "signal": "FCF MARGIN EXPANSION",
      "detail": "FCF margin: +8.8% -> +16.7% (+7.8%)",
      "severity": "MEDIUM"
    },
    {
      "quarter": "2023-06 (Q2)",
      "signal": "INCREMENTAL MARGIN (YoY)",
      "detail": "YoY Incr OPM: +88.4% vs year-ago OPM: +15.2%",
      "severity": "HIGH"
    },
    {
      "quarter": "2023-03 (Q1)",
      "signal": "OPERATING LEVERAGE",
      "detail": "Rev growth +5.4% vs OpEx growth +2.4% (leverage: 2.2x)",
      "severity": "MEDIUM"
    },
    {
      "quarter": "2023-03 (Q1)",
      "signal": "GROSS MARGIN INFLECTION",
      "detail": "GM: +30.3% -> +30.1% -> +34.9% (reversal +4.8%)",
      "severity": "MEDIUM"
    },
    {
      "quarter": "2023-03 (Q1)",
      "signal": "INCREMENTAL MARGIN (YoY)",
      "detail": "YoY Incr OPM: +81.9% vs year-ago OPM: +12.4%",
      "severity": "HIGH"
    },
    {
      "quarter": "2022-12 (Q4)",
      "signal": "INCREMENTAL MARGIN (YoY)",
      "detail": "YoY Incr OPM: +54.6% vs year-ago OPM: +9.7%",
      "severity": "HIGH"
    },
    {
      "quarter": "2022-09 (Q3)",
      "signal": "OPERATING LEVERAGE",
      "detail": "Rev growth +4.8% vs OpEx growth +1.2% (leverage: 4.0x)",
      "severity": "MEDIUM"
    },
    {
      "quarter": "2022-09 (Q3)",
      "signal": "INCREMENTAL MARGIN (YoY)",
      "detail": "YoY Incr OPM: +47.1% vs year-ago OPM: +12.8%",
      "severity": "HIGH"
    },
    {
      "quarter": "2022-06 (Q2)",
      "signal": "INCREMENTAL MARGIN (YoY)",
      "detail": "YoY Incr OPM: +59.0% vs year-ago OPM: +12.8%",
      "severity": "HIGH"
    },
    {
      "quarter": "2022-03 (Q1)",
      "signal": "INCREMENTAL MARGIN (YoY)",
      "detail": "YoY Incr OPM: +32.6% vs year-ago OPM: +10.9%",
      "severity": "HIGH"
    },
    {
      "quarter": "2021-06 (Q2)",
      "signal": "FCF MARGIN EXPANSION",
      "detail": "FCF margin: +5.5% -> +12.6% (+7.2%)",
      "severity": "MEDIUM"
    },
    {
      "quarter": "2021-06 (Q2)",
      "signal": "OPERATING LEVERAGE",
      "detail": "Rev growth +10.5% vs OpEx growth +3.4% (leverage: 3.1x)",
      "severity": "MEDIUM"
    }
  ],
  "data_quality": {
    "n_quarters": 20,
    "coverage": {
      "revenue": [
        20,
        20
      ],
      "gross_profit": [
        20,
        20
      ],
      "op_income": [
        20,
        20
      ],
      "fcf": [
        13,
        20
      ]
    },
    "gaps": [],
    "warnings": [
      "fcf: 13/20Q"
    ]
  },
  "market_cap": null,
  "source": "SEC EDGAR",
  "last_updated": "2026-02-02T20:12:25.278234"
}