{
  "ticker": "HUBG",
  "name": "HUB GROUP, INC.",
  "quarters": [
    {
      "date": "2020-12-31T00:00:00",
      "quarter_label": "2020-12 (Q4)",
      "revenue": 952730000,
      "gross_profit": 105559000,
      "operating_income": 31172000,
      "net_income": 22388000,
      "opex": 74387000,
      "cogs": 847171000,
      "rd": null,
      "sga": null,
      "fcf": -7688000,
      "ocf": 52266000,
      "capex": -59954000,
      "gross_margin": 0.1107963431402391,
      "op_margin": 0.032718608629937126,
      "fcf_margin": -0.008069442549305679
    },
    {
      "date": "2021-03-31T00:00:00",
      "quarter_label": "2021-03 (Q1)",
      "revenue": 919553000,
      "gross_profit": 108747000,
      "operating_income": 24051000,
      "net_income": 17230000,
      "opex": 84696000,
      "cogs": 810806000,
      "rd": null,
      "sga": null,
      "fcf": 117851000,
      "ocf": 127373000,
      "capex": -9522000,
      "gross_margin": 0.11826072015424886,
      "op_margin": 0.026155099271058874,
      "fcf_margin": 0.12816118266157578,
      "fcf_margin_change": 0.13623062521088145
    },
    {
      "date": "2021-06-30T00:00:00",
      "quarter_label": "2021-06 (Q2)",
      "revenue": 981320000,
      "gross_profit": 120561000,
      "operating_income": 36948000,
      "net_income": 26592000,
      "opex": 83613000,
      "cogs": 860759000,
      "rd": null,
      "sga": null,
      "fcf": 29731000,
      "ocf": 46546000,
      "capex": -16815000,
      "gross_margin": 0.12285594912974361,
      "op_margin": 0.03765132678433131,
      "fcf_margin": 0.030296946969388172,
      "op_leverage_ratio": Infinity,
      "fcf_margin_change": -0.0978642356921876
    },
    {
      "date": "2021-09-30T00:00:00",
      "quarter_label": "2021-09 (Q3)",
      "revenue": 1075107000,
      "gross_profit": 157600000,
      "operating_income": 59873000,
      "net_income": 43338000,
      "opex": 97727000,
      "cogs": 917507000,
      "rd": null,
      "sga": null,
      "fcf": -53600000,
      "ocf": 4139000,
      "capex": -57739000,
      "gross_margin": 0.14659006033818028,
      "op_margin": 0.05569027082885703,
      "fcf_margin": -0.049855502754609544,
      "op_leverage_ratio": 0.5661815159351837,
      "fcf_margin_change": -0.08015244972399771
    },
    {
      "date": "2021-12-31T00:00:00",
      "quarter_label": "2021-12 (Q4)",
      "revenue": 1256403000,
      "gross_profit": 212732000,
      "operating_income": 117585000,
      "net_income": 84314000,
      "opex": 95147000,
      "cogs": 1043671000,
      "rd": null,
      "sga": null,
      "fcf": 25901000,
      "ocf": 74777000,
      "capex": -48876000,
      "gross_margin": 0.16931828402192609,
      "op_margin": 0.09358860174641417,
      "fcf_margin": 0.02061520069595504,
      "incr_op_margin_yoy": 0.2845593780151676,
      "rev_growth_yoy": 0.31873983185162635,
      "op_leverage_ratio": Infinity,
      "fcf_margin_change": 0.07047070345056458
    },
    {
      "date": "2022-03-31T00:00:00",
      "quarter_label": "2022-03 (Q1)",
      "revenue": 1298123000,
      "gross_profit": 215017000,
      "operating_income": 115060000,
      "net_income": 87503000,
      "opex": 99957000,
      "cogs": 1083106000,
      "rd": null,
      "sga": null,
      "fcf": 49283000,
      "ocf": 80210000,
      "capex": -30927000,
      "gross_margin": 0.1656368464313474,
      "op_margin": 0.08863566857686059,
      "fcf_margin": 0.03796481535262837,
      "incr_op_margin_yoy": 0.24040203925297832,
      "rev_growth_yoy": 0.4116891576668229,
      "rev_growth_yoy_accel": 0.09294932581519655,
      "op_leverage_ratio": 0.6568487202774131,
      "fcf_margin_change": 0.01734961465667333
    },
    {
      "date": "2022-06-30T00:00:00",
      "quarter_label": "2022-06 (Q2)",
      "revenue": 1401457000,
      "gross_profit": 246838000,
      "operating_income": 137636000,
      "net_income": 102846000,
      "opex": 109202000,
      "cogs": 1154619000,
      "rd": null,
      "sga": null,
      "fcf": 65510000,
      "ocf": 120525000,
      "capex": -55015000,
      "gross_margin": 0.17612955659716995,
      "op_margin": 0.0982092208323195,
      "fcf_margin": 0.04674420977596887,
      "incr_op_margin_yoy": 0.23965516010253798,
      "rev_growth_yoy": 0.4281345534586068,
      "rev_growth_yoy_accel": 0.01644539579178389,
      "op_leverage_ratio": 0.8606641116728547,
      "fcf_margin_change": 0.008779394423340497
    },
    {
      "date": "2022-09-30T00:00:00",
      "quarter_label": "2022-09 (Q3)",
      "revenue": 1355407000,
      "gross_profit": 223233000,
      "operating_income": 117738000,
      "net_income": 87325000,
      "opex": 105495000,
      "cogs": 1132174000,
      "rd": null,
      "sga": null,
      "fcf": 78014000,
      "ocf": 149736000,
      "capex": -71722000,
      "gross_margin": 0.16469813126241786,
      "op_margin": 0.08686542123509765,
      "fcf_margin": 0.057557619224336304,
      "incr_op_margin_yoy": 0.20643952907599,
      "rev_growth_yoy": 0.2607182354872585,
      "rev_growth_yoy_accel": -0.16741631797134832,
      "fcf_margin_change": 0.010813409448367436
    },
    {
      "date": "2022-12-31T00:00:00",
      "quarter_label": "2022-12 (Q4)",
      "revenue": 1285503000,
      "gross_profit": 204417000,
      "operating_income": 104287000,
      "net_income": 79274000,
      "opex": 100130000,
      "cogs": 1081086000,
      "rd": null,
      "sga": null,
      "fcf": 46216000,
      "ocf": 107692000,
      "capex": -61476000,
      "gross_margin": 0.1590171318153283,
      "op_margin": 0.08112544272553233,
      "fcf_margin": 0.03595168583815051,
      "incr_op_margin_yoy": -0.45697594501718214,
      "rev_growth_yoy": 0.02316135825845688,
      "rev_growth_yoy_accel": -0.2375568772288016,
      "fcf_margin_change": -0.021605933386185792
    },
    {
      "date": "2023-03-31T00:00:00",
      "quarter_label": "2023-03 (Q1)",
      "revenue": 1152265000,
      "gross_profit": null,
      "operating_income": 78205000,
      "net_income": 61780000,
      "opex": 1074060000,
      "cogs": null,
      "rd": null,
      "sga": null,
      "fcf": 62530000,
      "ocf": 89375000,
      "capex": -26845000,
      "gross_margin": null,
      "op_margin": 0.06787067211101613,
      "fcf_margin": 0.05426703058758185,
      "incr_op_margin_yoy": 0.252677261446064,
      "rev_growth_yoy": -0.11236069309302739,
      "rev_growth_yoy_accel": -0.13552205135148426,
      "fcf_margin_change": 0.01831534474943134
    },
    {
      "date": "2023-06-30T00:00:00",
      "quarter_label": "2023-06 (Q2)",
      "revenue": 1040462000,
      "gross_profit": null,
      "operating_income": 62070000,
      "net_income": 46505000,
      "opex": 978392000,
      "cogs": null,
      "rd": null,
      "sga": null,
      "fcf": 93216000,
      "ocf": 132006000,
      "capex": -38790000,
      "gross_margin": null,
      "op_margin": 0.05965619119198971,
      "fcf_margin": 0.08959097016517663,
      "incr_op_margin_yoy": 0.20932699898890567,
      "rev_growth_yoy": -0.25758549852046836,
      "rev_growth_yoy_accel": -0.14522480542744098,
      "fcf_margin_change": 0.035323939577594776
    },
    {
      "date": "2023-09-30T00:00:00",
      "quarter_label": "2023-09 (Q3)",
      "revenue": 1024835000,
      "gross_profit": null,
      "operating_income": 42555000,
      "net_income": 30459000,
      "opex": 982280000,
      "cogs": null,
      "rd": null,
      "sga": null,
      "fcf": 61264000,
      "ocf": 101296000,
      "capex": -40032000,
      "gross_margin": null,
      "op_margin": 0.041523757482911886,
      "fcf_margin": 0.05977937911956559,
      "incr_op_margin_yoy": 0.227433055431192,
      "rev_growth_yoy": -0.243891318253484,
      "rev_growth_yoy_accel": 0.013694180266984352,
      "fcf_margin_change": -0.02981159104561104
    },
    {
      "date": "2023-12-31T00:00:00",
      "quarter_label": "2023-12 (Q4)",
      "revenue": 985023000,
      "gross_profit": null,
      "operating_income": 29402000,
      "net_income": 28785000,
      "opex": 955621000,
      "cogs": null,
      "rd": null,
      "sga": null,
      "fcf": 65080000,
      "ocf": 99481000,
      "capex": -34401000,
      "gross_margin": null,
      "op_margin": 0.029849049210018446,
      "fcf_margin": 0.06606952324971092,
      "incr_op_margin_yoy": 0.24921791799787008,
      "rev_growth_yoy": -0.23374507877461195,
      "rev_growth_yoy_accel": 0.010146239478872054,
      "fcf_margin_change": 0.0062901441301453365
    },
    {
      "date": "2024-03-31T00:00:00",
      "quarter_label": "2024-03 (Q1)",
      "revenue": 999493000,
      "gross_profit": null,
      "operating_income": 37139000,
      "net_income": 27053000,
      "opex": 962354000,
      "cogs": null,
      "rd": null,
      "sga": null,
      "fcf": 62992000,
      "ocf": 80516000,
      "capex": -17524000,
      "gross_margin": null,
      "op_margin": 0.03715783902438537,
      "fcf_margin": 0.06302395314424414,
      "incr_op_margin_yoy": 0.26880580211033434,
      "rev_growth_yoy": -0.13258408439030953,
      "rev_growth_yoy_accel": 0.10116099438430243,
      "op_leverage_ratio": 2.084967214901386,
      "fcf_margin_change": -0.0030455701054667855
    },
    {
      "date": "2024-06-30T00:00:00",
      "quarter_label": "2024-06 (Q2)",
      "revenue": 986495000,
      "gross_profit": null,
      "operating_income": 39528000,
      "net_income": 29015000,
      "opex": 946967000,
      "cogs": null,
      "rd": null,
      "sga": null,
      "fcf": 56218000,
      "ocf": 69949000,
      "capex": -13731000,
      "gross_margin": null,
      "op_margin": 0.040069133649942475,
      "fcf_margin": 0.05698761777809315,
      "incr_op_margin_yoy": 0.41769970537550727,
      "rev_growth_yoy": -0.05186830465696969,
      "rev_growth_yoy_accel": 0.08071577973333983,
      "fcf_margin_change": -0.006036335366150988
    },
    {
      "date": "2024-09-30T00:00:00",
      "quarter_label": "2024-09 (Q3)",
      "revenue": 986892000,
      "gross_profit": null,
      "operating_income": 32099000,
      "net_income": 23603000,
      "opex": 954793000,
      "cogs": null,
      "rd": null,
      "sga": null,
      "fcf": 31385000,
      "ocf": 43350000,
      "capex": -11965000,
      "gross_margin": null,
      "op_margin": 0.03252534218536578,
      "fcf_margin": 0.031801858764687524,
      "incr_op_margin_yoy": 0.2755712516142635,
      "rev_growth_yoy": -0.03702352085945543,
      "rev_growth_yoy_accel": 0.014844783797514263,
      "fcf_margin_change": -0.025185759013405626
    },
    {
      "date": "2024-12-31T00:00:00",
      "quarter_label": "2024-12 (Q4)",
      "revenue": 973510000,
      "gross_profit": null,
      "operating_income": 31525000,
      "net_income": 24322000,
      "opex": 941985000,
      "cogs": null,
      "rd": null,
      "sga": null,
      "fcf": -7023000,
      "ocf": 604000,
      "capex": -7627000,
      "gross_margin": null,
      "op_margin": 0.032382820926338714,
      "fcf_margin": -0.007214101550061119,
      "incr_op_margin_yoy": -0.18440024320333537,
      "rev_growth_yoy": -0.011688051954116808,
      "rev_growth_yoy_accel": 0.02533546890533862,
      "fcf_margin_change": -0.039015960314748646
    },
    {
      "date": "2025-03-31T00:00:00",
      "quarter_label": "2025-03 (Q1)",
      "revenue": 915216000,
      "gross_profit": null,
      "operating_income": 37338000,
      "net_income": 26847000,
      "opex": 877878000,
      "cogs": null,
      "rd": null,
      "sga": null,
      "fcf": 50845000,
      "ocf": 70035000,
      "capex": -19190000,
      "gross_margin": null,
      "op_margin": 0.040796926627156865,
      "fcf_margin": 0.055555191342808695,
      "incr_op_margin_yoy": -0.0023612610795353418,
      "rev_growth_yoy": -0.08431975011330745,
      "rev_growth_yoy_accel": -0.07263169815919064,
      "fcf_margin_change": 0.06276929289286981
    },
    {
      "date": "2025-06-30T00:00:00",
      "quarter_label": "2025-06 (Q2)",
      "revenue": 905648000,
      "gross_profit": null,
      "operating_income": 34348000,
      "net_income": 25247000,
      "opex": 871300000,
      "cogs": null,
      "rd": null,
      "sga": null,
      "fcf": 50211000,
      "ocf": 61501000,
      "capex": -11290000,
      "gross_margin": null,
      "op_margin": 0.037926434994611596,
      "fcf_margin": 0.055442070208292844,
      "incr_op_margin_yoy": 0.06407164149566465,
      "rev_growth_yoy": -0.08195378587828625,
      "rev_growth_yoy_accel": 0.002365964235021195,
      "fcf_margin_change": -0.0001131211345158506
    },
    {
      "date": "2025-09-30T00:00:00",
      "quarter_label": "2025-09 (Q3)",
      "revenue": 934496000,
      "gross_profit": null,
      "operating_income": 39443000,
      "net_income": 28554000,
      "opex": 895053000,
      "cogs": null,
      "rd": null,
      "sga": null,
      "fcf": 19387000,
      "ocf": 28097000,
      "capex": -8710000,
      "gross_margin": null,
      "op_margin": 0.04220777831044756,
      "fcf_margin": 0.020745942197719414,
      "incr_op_margin_yoy": -0.14016337124971373,
      "rev_growth_yoy": -0.05309192900540282,
      "rev_growth_yoy_accel": 0.02886185687288343,
      "op_leverage_ratio": 1.1684375953890223,
      "fcf_margin_change": -0.03469612801057343
    }
  ],
  "signals": [
    {
      "quarter": "2025-03 (Q1)",
      "signal": "FCF TURNED POSITIVE",
      "detail": "FCF margin: -0.7% -> +5.6%",
      "severity": "HIGH"
    },
    {
      "quarter": "2025-03 (Q1)",
      "signal": "YoY REVENUE GROWTH DECELERATION",
      "detail": "YoY growth: -8.4% vs prior quarter YoY: -1.2% (decel: -7.3%)",
      "severity": "WARNING"
    },
    {
      "quarter": "2024-09 (Q3)",
      "signal": "INCREMENTAL MARGIN (YoY)",
      "detail": "YoY Incr OPM: +27.6% vs year-ago OPM: +4.2%",
      "severity": "HIGH"
    },
    {
      "quarter": "2024-06 (Q2)",
      "signal": "YoY REVENUE GROWTH ACCELERATION",
      "detail": "YoY growth: -5.2% vs prior quarter YoY: -13.3% (accel: +8.1%)",
      "severity": "MEDIUM"
    },
    {
      "quarter": "2024-06 (Q2)",
      "signal": "INCREMENTAL MARGIN (YoY)",
      "detail": "YoY Incr OPM: +41.8% vs year-ago OPM: +6.0%",
      "severity": "HIGH"
    },
    {
      "quarter": "2024-03 (Q1)",
      "signal": "OPERATING LEVERAGE",
      "detail": "Rev growth +1.5% vs OpEx growth +0.7% (leverage: 2.1x)",
      "severity": "MEDIUM"
    },
    {
      "quarter": "2024-03 (Q1)",
      "signal": "YoY REVENUE GROWTH ACCELERATION",
      "detail": "YoY growth: -13.3% vs prior quarter YoY: -23.4% (accel: +10.1%)",
      "severity": "MEDIUM"
    },
    {
      "quarter": "2024-03 (Q1)",
      "signal": "INCREMENTAL MARGIN (YoY)",
      "detail": "YoY Incr OPM: +26.9% vs year-ago OPM: +6.8%",
      "severity": "HIGH"
    },
    {
      "quarter": "2023-12 (Q4)",
      "signal": "INCREMENTAL MARGIN (YoY)",
      "detail": "YoY Incr OPM: +24.9% vs year-ago OPM: +8.1%",
      "severity": "MEDIUM"
    },
    {
      "quarter": "2023-09 (Q3)",
      "signal": "INCREMENTAL MARGIN (YoY)",
      "detail": "YoY Incr OPM: +22.7% vs year-ago OPM: +8.7%",
      "severity": "MEDIUM"
    },
    {
      "quarter": "2023-06 (Q2)",
      "signal": "YoY REVENUE GROWTH DECELERATION",
      "detail": "YoY growth: -25.8% vs prior quarter YoY: -11.2% (decel: -14.5%)",
      "severity": "WARNING"
    },
    {
      "quarter": "2023-06 (Q2)",
      "signal": "INCREMENTAL MARGIN (YoY)",
      "detail": "YoY Incr OPM: +20.9% vs year-ago OPM: +9.8%",
      "severity": "MEDIUM"
    },
    {
      "quarter": "2023-03 (Q1)",
      "signal": "YoY REVENUE GROWTH DECELERATION",
      "detail": "YoY growth: -11.2% vs prior quarter YoY: +2.3% (decel: -13.6%)",
      "severity": "WARNING"
    },
    {
      "quarter": "2023-03 (Q1)",
      "signal": "INCREMENTAL MARGIN (YoY)",
      "detail": "YoY Incr OPM: +25.3% vs year-ago OPM: +8.9%",
      "severity": "MEDIUM"
    },
    {
      "quarter": "2022-12 (Q4)",
      "signal": "YoY REVENUE GROWTH DECELERATION",
      "detail": "YoY growth: +2.3% vs prior quarter YoY: +26.1% (decel: -23.8%)",
      "severity": "WARNING"
    },
    {
      "quarter": "2022-09 (Q3)",
      "signal": "YoY REVENUE GROWTH DECELERATION",
      "detail": "YoY growth: +26.1% vs prior quarter YoY: +42.8% (decel: -16.7%)",
      "severity": "WARNING"
    },
    {
      "quarter": "2022-09 (Q3)",
      "signal": "INCREMENTAL MARGIN (YoY)",
      "detail": "YoY Incr OPM: +20.6% vs year-ago OPM: +5.6%",
      "severity": "MEDIUM"
    },
    {
      "quarter": "2022-06 (Q2)",
      "signal": "INCREMENTAL MARGIN (YoY)",
      "detail": "YoY Incr OPM: +24.0% vs year-ago OPM: +3.8%",
      "severity": "HIGH"
    },
    {
      "quarter": "2022-03 (Q1)",
      "signal": "YoY REVENUE GROWTH ACCELERATION",
      "detail": "YoY growth: +41.2% vs prior quarter YoY: +31.9% (accel: +9.3%)",
      "severity": "MEDIUM"
    },
    {
      "quarter": "2022-03 (Q1)",
      "signal": "INCREMENTAL MARGIN (YoY)",
      "detail": "YoY Incr OPM: +24.0% vs year-ago OPM: +2.6%",
      "severity": "HIGH"
    },
    {
      "quarter": "2021-12 (Q4)",
      "signal": "FCF TURNED POSITIVE",
      "detail": "FCF margin: -5.0% -> +2.1%",
      "severity": "HIGH"
    },
    {
      "quarter": "2021-12 (Q4)",
      "signal": "INCREMENTAL MARGIN (YoY)",
      "detail": "YoY Incr OPM: +28.5% vs year-ago OPM: +3.3%",
      "severity": "HIGH"
    },
    {
      "quarter": "2021-03 (Q1)",
      "signal": "FCF TURNED POSITIVE",
      "detail": "FCF margin: -0.8% -> +12.8%",
      "severity": "HIGH"
    }
  ],
  "data_quality": {
    "n_quarters": 20,
    "coverage": {
      "revenue": [
        20,
        20
      ],
      "gross_profit": [
        9,
        20
      ],
      "op_income": [
        20,
        20
      ],
      "fcf": [
        20,
        20
      ]
    },
    "gaps": [],
    "warnings": [
      "gross_profit: 9/20Q"
    ]
  },
  "market_cap": null,
  "source": "SEC EDGAR",
  "last_updated": "2026-02-02T21:23:40.457016",
  "sector": "Industrials",
  "industry": "Integrated Freight & Logistics"
}