{
  "ticker": "HUBS",
  "name": "HubSpot, Inc.",
  "quarters": [
    {
      "date": "2020-12-31T00:00:00",
      "quarter_label": "2020-12 (Q4)",
      "revenue": 252065000,
      "gross_profit": 204771000,
      "operating_income": -7641000,
      "net_income": -15416000,
      "opex": 212411000,
      "cogs": 47294000,
      "rd": 55563000,
      "sga": null,
      "fcf": 51404000,
      "ocf": 60925000,
      "capex": -9521000,
      "gross_margin": 0.8123737924741634,
      "op_margin": -0.03031360958482931,
      "fcf_margin": 0.20393152559855593
    },
    {
      "date": "2021-03-31T00:00:00",
      "quarter_label": "2021-03 (Q1)",
      "revenue": 281365000,
      "gross_profit": 226631000,
      "operating_income": -15032000,
      "net_income": -23159000,
      "opex": 241663000,
      "cogs": 54734000,
      "rd": 68396000,
      "sga": null,
      "fcf": 58733000,
      "ocf": 62700000,
      "capex": -3967000,
      "gross_margin": 0.8054697634744904,
      "op_margin": -0.053425266113411404,
      "fcf_margin": 0.20874309171361044,
      "op_leverage_ratio": 0.8440662054037236,
      "fcf_margin_change": 0.004811566115054511
    },
    {
      "date": "2021-06-30T00:00:00",
      "quarter_label": "2021-06 (Q2)",
      "revenue": 310788000,
      "gross_profit": 247911000,
      "operating_income": -16602000,
      "net_income": -24572000,
      "opex": 264513000,
      "cogs": 62877000,
      "rd": 72104000,
      "sga": null,
      "fcf": 31412000,
      "ocf": 38191000,
      "capex": -6779000,
      "gross_margin": 0.7976852388123093,
      "op_margin": -0.053419050928607284,
      "fcf_margin": 0.1010721134664144,
      "op_leverage_ratio": 1.1059636085586362,
      "fcf_margin_change": -0.10767097824719604
    },
    {
      "date": "2021-09-30T00:00:00",
      "quarter_label": "2021-09 (Q3)",
      "revenue": 339195000,
      "gross_profit": 269589000,
      "operating_income": -14927000,
      "net_income": -13735000,
      "opex": 284516000,
      "cogs": 69606000,
      "rd": 78473000,
      "sga": null,
      "fcf": 36000000,
      "ocf": 42653000,
      "capex": -6653000,
      "gross_margin": 0.7947906071728652,
      "op_margin": -0.04400713453912941,
      "fcf_margin": 0.1061336399416265,
      "op_leverage_ratio": 1.208684675232226,
      "fcf_margin_change": 0.0050615264752121025
    },
    {
      "date": "2021-12-31T00:00:00",
      "quarter_label": "2021-12 (Q4)",
      "revenue": 369309000,
      "gross_profit": 297670000,
      "operating_income": -8238000,
      "net_income": -16371000,
      "opex": 305908000,
      "cogs": 71639000,
      "rd": 82997000,
      "sga": null,
      "fcf": 83857000,
      "ocf": 95184000,
      "capex": -11327000,
      "gross_margin": 0.8060188080983675,
      "op_margin": -0.02230652380526876,
      "fcf_margin": 0.22706459902141568,
      "incr_op_margin_yoy": -0.005091945003582273,
      "rev_growth_yoy": 0.46513399321603555,
      "op_leverage_ratio": 1.1807944649361912,
      "fcf_margin_change": 0.12093095907978918
    },
    {
      "date": "2022-03-31T00:00:00",
      "quarter_label": "2022-03 (Q1)",
      "revenue": 395599000,
      "gross_profit": 322663000,
      "operating_income": -11154000,
      "net_income": -9341000,
      "opex": 333817000,
      "cogs": 72936000,
      "rd": 92736000,
      "sga": null,
      "fcf": 72286000,
      "ocf": 82226000,
      "capex": -9940000,
      "gross_margin": 0.815631485418315,
      "op_margin": -0.028195217884777263,
      "fcf_margin": 0.18272543661637164,
      "incr_op_margin_yoy": 0.0339478614072868,
      "rev_growth_yoy": 0.4059993247205587,
      "rev_growth_yoy_accel": -0.05913466849547683,
      "op_leverage_ratio": 0.7802742117505679,
      "fcf_margin_change": -0.04433916240504404
    },
    {
      "date": "2022-06-30T00:00:00",
      "quarter_label": "2022-06 (Q2)",
      "revenue": 421755000,
      "gross_profit": 342824000,
      "operating_income": -52250000,
      "net_income": -56361000,
      "opex": 395074000,
      "cogs": 78931000,
      "rd": 118914000,
      "sga": null,
      "fcf": 32588000,
      "ocf": 40920000,
      "capex": -8332000,
      "gross_margin": 0.812851062820832,
      "op_margin": -0.12388709084658155,
      "fcf_margin": 0.07726760797145261,
      "incr_op_margin_yoy": -0.32124865951138626,
      "rev_growth_yoy": 0.3570504652689293,
      "rev_growth_yoy_accel": -0.04894885945162941,
      "op_leverage_ratio": 0.36030382244634385,
      "fcf_margin_change": -0.10545782864491902
    },
    {
      "date": "2022-09-30T00:00:00",
      "quarter_label": "2022-09 (Q3)",
      "revenue": 443958000,
      "gross_profit": 361831000,
      "operating_income": -32213000,
      "net_income": -31411000,
      "opex": 394044000,
      "cogs": 82127000,
      "rd": 114038000,
      "sga": null,
      "fcf": 46951000,
      "ocf": 60063000,
      "capex": -13112000,
      "gross_margin": 0.8150117803936409,
      "op_margin": -0.07255866545934525,
      "fcf_margin": 0.10575549939408682,
      "incr_op_margin_yoy": -0.16500100226224906,
      "rev_growth_yoy": 0.3088577367001282,
      "rev_growth_yoy_accel": -0.04819272856880108,
      "op_leverage_ratio": Infinity,
      "fcf_margin_change": 0.028487891422634207
    },
    {
      "date": "2022-12-31T00:00:00",
      "quarter_label": "2022-12 (Q4)",
      "revenue": 469656000,
      "gross_profit": 389395000,
      "operating_income": -13484000,
      "net_income": -15636000,
      "opex": 402879000,
      "cogs": 80261000,
      "rd": 116335000,
      "sga": null,
      "fcf": 83923000,
      "ocf": 89965000,
      "capex": -6042000,
      "gross_margin": 0.8291068356414056,
      "op_margin": -0.02871037525337694,
      "fcf_margin": 0.17869036060435722,
      "incr_op_margin_yoy": -0.05227859328131384,
      "rev_growth_yoy": 0.27171555526672786,
      "rev_growth_yoy_accel": -0.03714218143340037,
      "op_leverage_ratio": 2.5816395379207737,
      "fcf_margin_change": 0.0729348612102704
    },
    {
      "date": "2023-03-31T00:00:00",
      "quarter_label": "2023-03 (Q1)",
      "revenue": 501620000,
      "gross_profit": 419574000,
      "operating_income": -44767000,
      "net_income": -38282000,
      "opex": 464341000,
      "cogs": 82046000,
      "rd": 127683000,
      "sga": null,
      "fcf": 77760000,
      "ocf": 81070000,
      "capex": -3310000,
      "gross_margin": 0.8364379410709302,
      "op_margin": -0.08924484669670268,
      "fcf_margin": 0.15501774251425382,
      "incr_op_margin_yoy": -0.31704096358268646,
      "rev_growth_yoy": 0.268001183016135,
      "rev_growth_yoy_accel": -0.0037143722505928456,
      "op_leverage_ratio": 0.44611742750058303,
      "fcf_margin_change": -0.023672618090103403
    },
    {
      "date": "2023-06-30T00:00:00",
      "quarter_label": "2023-06 (Q2)",
      "revenue": 529138000,
      "gross_profit": 441852000,
      "operating_income": -118499000,
      "net_income": -118946000,
      "opex": 560351000,
      "cogs": 87286000,
      "rd": 169955000,
      "sga": null,
      "fcf": 65664000,
      "ocf": 76543000,
      "capex": -10879000,
      "gross_margin": 0.8350411423862962,
      "op_margin": -0.22394725005575106,
      "fcf_margin": 0.12409617150913373,
      "incr_op_margin_yoy": -0.6169412290586033,
      "rev_growth_yoy": 0.25460990385413335,
      "rev_growth_yoy_accel": -0.013391279162001668,
      "op_leverage_ratio": 0.2653154770731145,
      "fcf_margin_change": -0.030921571005120094
    },
    {
      "date": "2023-09-30T00:00:00",
      "quarter_label": "2023-09 (Q3)",
      "revenue": 557557000,
      "gross_profit": 470031000,
      "operating_income": -20442000,
      "net_income": -5463000,
      "opex": 490473000,
      "cogs": 87526000,
      "rd": 156871000,
      "sga": null,
      "fcf": 78204000,
      "ocf": 89046000,
      "capex": -10842000,
      "gross_margin": 0.8430187406848089,
      "op_margin": -0.036663516017196446,
      "fcf_margin": 0.14026189250605767,
      "incr_op_margin_yoy": 0.103618869884418,
      "rev_growth_yoy": 0.2558778082611418,
      "rev_growth_yoy_accel": 0.0012679044070084688,
      "op_leverage_ratio": Infinity,
      "fcf_margin_change": 0.01616572099692394
    },
    {
      "date": "2023-12-31T00:00:00",
      "quarter_label": "2023-12 (Q4)",
      "revenue": 581915000,
      "gross_profit": 493280000,
      "operating_income": -24348000,
      "net_income": -13604000,
      "opex": 517628000,
      "cogs": 88635000,
      "rd": 163234000,
      "sga": null,
      "fcf": 95625000,
      "ocf": 104312000,
      "capex": -8687000,
      "gross_margin": 0.8476839400943437,
      "op_margin": -0.04184116236907452,
      "fcf_margin": 0.16432812352319498,
      "incr_op_margin_yoy": -0.09677620502587765,
      "rev_growth_yoy": 0.23902388130887287,
      "rev_growth_yoy_accel": -0.01685392695226895,
      "op_leverage_ratio": 0.7890738504418136,
      "fcf_margin_change": 0.024066231017137313
    },
    {
      "date": "2024-03-31T00:00:00",
      "quarter_label": "2024-03 (Q1)",
      "revenue": 617414000,
      "gross_profit": 522326000,
      "operating_income": -23233000,
      "net_income": 5934000,
      "opex": 545559000,
      "cogs": 95088000,
      "rd": 175637000,
      "sga": null,
      "fcf": 121206000,
      "ocf": 127088000,
      "capex": -5882000,
      "gross_margin": 0.8459898868506384,
      "op_margin": -0.037629532210153964,
      "fcf_margin": 0.1963123609118031,
      "incr_op_margin_yoy": 0.1859681848800456,
      "rev_growth_yoy": 0.23084007814680435,
      "rev_growth_yoy_accel": -0.008183803162068515,
      "op_leverage_ratio": 1.130544971979123,
      "fcf_margin_change": 0.03198423738860812
    },
    {
      "date": "2024-06-30T00:00:00",
      "quarter_label": "2024-06 (Q2)",
      "revenue": 637230000,
      "gross_profit": 541713000,
      "operating_income": -23935000,
      "net_income": -14435000,
      "opex": 565648000,
      "cogs": 95517000,
      "rd": 198180000,
      "sga": null,
      "fcf": 109628000,
      "ocf": 117828000,
      "capex": -8200000,
      "gross_margin": 0.8501059272162328,
      "op_margin": -0.03756100623008961,
      "fcf_margin": 0.17203835349873672,
      "incr_op_margin_yoy": 0.874847352255486,
      "rev_growth_yoy": 0.20427941293197616,
      "rev_growth_yoy_accel": -0.026560665214828194,
      "op_leverage_ratio": 0.8716114494553566,
      "fcf_margin_change": -0.024274007413066373
    },
    {
      "date": "2024-09-30T00:00:00",
      "quarter_label": "2024-09 (Q3)",
      "revenue": 669721000,
      "gross_profit": 570397000,
      "operating_income": -9631000,
      "net_income": 8146000,
      "opex": 580028000,
      "cogs": 99324000,
      "rd": 191185000,
      "sga": null,
      "fcf": 148411000,
      "ocf": 159542000,
      "capex": -11131000,
      "gross_margin": 0.8516934663837628,
      "op_margin": -0.01438061521140893,
      "fcf_margin": 0.2216012339466733,
      "incr_op_margin_yoy": 0.09638564958453692,
      "rev_growth_yoy": 0.20117046328895521,
      "rev_growth_yoy_accel": -0.003108949643020942,
      "op_leverage_ratio": 2.0056457812659567,
      "fcf_margin_change": 0.04956288044793658
    },
    {
      "date": "2024-12-31T00:00:00",
      "quarter_label": "2024-12 (Q4)",
      "revenue": 703178000,
      "gross_profit": 599841000,
      "operating_income": -10801000,
      "net_income": 4983000,
      "opex": 610642000,
      "cogs": 103337000,
      "rd": 213713000,
      "sga": null,
      "fcf": 181415000,
      "ocf": 194141000,
      "capex": -12726000,
      "gross_margin": 0.853042899521885,
      "op_margin": -0.015360264399625699,
      "fcf_margin": 0.2579929975056102,
      "incr_op_margin_yoy": 0.11171585726891138,
      "rev_growth_yoy": 0.20838610449979808,
      "rev_growth_yoy_accel": 0.007215641210842866,
      "op_leverage_ratio": 0.9465029250646652,
      "fcf_margin_change": 0.03639176355893692
    },
    {
      "date": "2025-03-31T00:00:00",
      "quarter_label": "2025-03 (Q1)",
      "revenue": 714137000,
      "gross_profit": 599030000,
      "operating_income": -27480000,
      "net_income": -21793000,
      "opex": 626510000,
      "cogs": 115107000,
      "rd": 220100000,
      "sga": null,
      "fcf": 148225000,
      "ocf": 161570000,
      "capex": -13345000,
      "gross_margin": 0.8388166416247863,
      "op_margin": -0.038480011538402296,
      "fcf_margin": 0.2075582136200757,
      "incr_op_margin_yoy": -0.04390889447184227,
      "rev_growth_yoy": 0.1566582552387863,
      "rev_growth_yoy_accel": -0.05172784926101179,
      "op_leverage_ratio": 0.5997498281708996,
      "fcf_margin_change": -0.05043478388553452
    },
    {
      "date": "2025-06-30T00:00:00",
      "quarter_label": "2025-06 (Q2)",
      "revenue": 760866000,
      "gross_profit": 638705000,
      "operating_income": -24614000,
      "net_income": -3258000,
      "opex": 663319000,
      "cogs": 122161000,
      "rd": 237340000,
      "sga": null,
      "fcf": 148337000,
      "ocf": 164362000,
      "capex": -16025000,
      "gross_margin": 0.8394447905413043,
      "op_margin": -0.03234998015419272,
      "fcf_margin": 0.19495811351801762,
      "incr_op_margin_yoy": -0.005491927917435051,
      "rev_growth_yoy": 0.19402099712819548,
      "rev_growth_yoy_accel": 0.03736274188940919,
      "op_leverage_ratio": 1.1137274934299395,
      "fcf_margin_change": -0.012600100102058087
    },
    {
      "date": "2025-09-30T00:00:00",
      "quarter_label": "2025-09 (Q3)",
      "revenue": 809518000,
      "gross_profit": 676000000,
      "operating_income": 11234000,
      "net_income": 16536000,
      "opex": 664766000,
      "cogs": 133518000,
      "rd": 227714000,
      "sga": null,
      "fcf": 177010000,
      "ocf": 187355000,
      "capex": -10345000,
      "gross_margin": 0.8350648163475055,
      "op_margin": 0.013877393708354849,
      "fcf_margin": 0.21866098097880468,
      "incr_op_margin_yoy": 0.14925212987403164,
      "rev_growth_yoy": 0.2087391615314437,
      "rev_growth_yoy_accel": 0.014718164403248218,
      "op_leverage_ratio": 29.31206578015019,
      "fcf_margin_change": 0.023702867460787064
    }
  ],
  "signals": [
    {
      "quarter": "2025-09 (Q3)",
      "signal": "OPERATING LEVERAGE",
      "detail": "Rev growth +6.4% vs OpEx growth +0.2% (leverage: 29.3x)",
      "severity": "MEDIUM"
    },
    {
      "quarter": "2025-09 (Q3)",
      "signal": "OP MARGIN TURNED POSITIVE (YoY)",
      "detail": "Op margin: -1.4% (year-ago) -> +1.4%",
      "severity": "HIGH"
    },
    {
      "quarter": "2025-09 (Q3)",
      "signal": "OP MARGIN TURNED POSITIVE (QoQ)",
      "detail": "Op margin: -3.2% -> +1.4%",
      "severity": "HIGH"
    },
    {
      "quarter": "2025-03 (Q1)",
      "signal": "YoY REVENUE GROWTH DECELERATION",
      "detail": "YoY growth: +15.7% vs prior quarter YoY: +20.8% (decel: -5.2%)",
      "severity": "WARNING"
    },
    {
      "quarter": "2024-09 (Q3)",
      "signal": "OPERATING LEVERAGE",
      "detail": "Rev growth +5.1% vs OpEx growth +2.5% (leverage: 2.0x)",
      "severity": "MEDIUM"
    },
    {
      "quarter": "2022-12 (Q4)",
      "signal": "FCF MARGIN EXPANSION",
      "detail": "FCF margin: +10.6% -> +17.9% (+7.3%)",
      "severity": "MEDIUM"
    },
    {
      "quarter": "2022-12 (Q4)",
      "signal": "OPERATING LEVERAGE",
      "detail": "Rev growth +5.8% vs OpEx growth +2.2% (leverage: 2.6x)",
      "severity": "MEDIUM"
    },
    {
      "quarter": "2022-03 (Q1)",
      "signal": "YoY REVENUE GROWTH DECELERATION",
      "detail": "YoY growth: +40.6% vs prior quarter YoY: +46.5% (decel: -5.9%)",
      "severity": "WARNING"
    },
    {
      "quarter": "2021-12 (Q4)",
      "signal": "FCF MARGIN EXPANSION",
      "detail": "FCF margin: +10.6% -> +22.7% (+12.1%)",
      "severity": "MEDIUM"
    }
  ],
  "data_quality": {
    "n_quarters": 20,
    "coverage": {
      "revenue": [
        20,
        20
      ],
      "gross_profit": [
        20,
        20
      ],
      "op_income": [
        20,
        20
      ],
      "fcf": [
        20,
        20
      ]
    },
    "gaps": [],
    "warnings": []
  },
  "market_cap": null,
  "source": "SEC EDGAR",
  "last_updated": "2026-02-02T20:22:48.899320"
}