{
  "ticker": "HUM",
  "name": "HUMANA INC",
  "quarters": [
    {
      "date": "2020-12-31T00:00:00",
      "quarter_label": "2020-12 (Q4)",
      "revenue": 19062000000,
      "gross_profit": null,
      "operating_income": -346000000,
      "net_income": -274000000,
      "opex": null,
      "cogs": null,
      "rd": null,
      "sga": 3068000000,
      "fcf": -13000000,
      "ocf": 283000000,
      "capex": -296000000,
      "gross_margin": null,
      "op_margin": -0.01815129577169237,
      "fcf_margin": -0.0006819851012485574
    },
    {
      "date": "2021-03-31T00:00:00",
      "quarter_label": "2021-03 (Q1)",
      "revenue": 20668000000,
      "gross_profit": null,
      "operating_income": 1223000000,
      "net_income": 828000000,
      "opex": null,
      "cogs": null,
      "rd": null,
      "sga": 2007000000,
      "fcf": -1127000000,
      "ocf": -837000000,
      "capex": -290000000,
      "gross_margin": null,
      "op_margin": 0.059173601703115926,
      "fcf_margin": -0.054528740081285075,
      "fcf_margin_change": -0.05384675498003652
    },
    {
      "date": "2021-06-30T00:00:00",
      "quarter_label": "2021-06 (Q2)",
      "revenue": 20645000000,
      "gross_profit": null,
      "operating_income": 1236000000,
      "net_income": 588000000,
      "opex": null,
      "cogs": null,
      "rd": null,
      "sga": 2116000000,
      "fcf": 31000000,
      "ocf": 360000000,
      "capex": -329000000,
      "gross_margin": null,
      "op_margin": 0.0598692177282635,
      "fcf_margin": 0.00150157423104868,
      "fcf_margin_change": 0.056030314312333754
    },
    {
      "date": "2021-09-30T00:00:00",
      "quarter_label": "2021-09 (Q3)",
      "revenue": 20697000000,
      "gross_profit": null,
      "operating_income": 628000000,
      "net_income": 1531000000,
      "opex": null,
      "cogs": null,
      "rd": null,
      "sga": 2603000000,
      "fcf": 2509000000,
      "ocf": 2835000000,
      "capex": -326000000,
      "gross_margin": null,
      "op_margin": 0.03034256172392134,
      "fcf_margin": 0.12122529835241823,
      "fcf_margin_change": 0.11972372412136954
    },
    {
      "date": "2021-12-31T00:00:00",
      "quarter_label": "2021-12 (Q4)",
      "revenue": 21054000000,
      "gross_profit": null,
      "operating_income": 61000000,
      "net_income": -14000000,
      "opex": null,
      "cogs": null,
      "rd": null,
      "sga": 3395000000,
      "fcf": -493000000,
      "ocf": -96000000,
      "capex": -397000000,
      "gross_margin": null,
      "op_margin": 0.002897311674741142,
      "fcf_margin": -0.023415977961432508,
      "incr_op_margin_yoy": 0.2043172690763052,
      "rev_growth_yoy": 0.10450110166824048,
      "fcf_margin_change": -0.14464127631385074
    },
    {
      "date": "2022-03-31T00:00:00",
      "quarter_label": "2022-03 (Q1)",
      "revenue": 23970000000,
      "gross_profit": null,
      "operating_income": 1289000000,
      "net_income": 930000000,
      "opex": null,
      "cogs": null,
      "rd": null,
      "sga": 2886000000,
      "fcf": 7000000,
      "ocf": 302000000,
      "capex": -295000000,
      "gross_margin": null,
      "op_margin": 0.05377555277430121,
      "fcf_margin": 0.0002920317062995411,
      "incr_op_margin_yoy": 0.019987886129618413,
      "rev_growth_yoy": 0.15976388620089027,
      "rev_growth_yoy_accel": 0.055262784532649795,
      "fcf_margin_change": 0.02370800966773205
    },
    {
      "date": "2022-06-30T00:00:00",
      "quarter_label": "2022-06 (Q2)",
      "revenue": 23662000000,
      "gross_profit": null,
      "operating_income": 1215000000,
      "net_income": 696000000,
      "opex": null,
      "cogs": null,
      "rd": null,
      "sga": 3173000000,
      "fcf": 680000000,
      "ocf": 959000000,
      "capex": -279000000,
      "gross_margin": null,
      "op_margin": 0.05134815315696053,
      "fcf_margin": 0.028738061026117825,
      "incr_op_margin_yoy": -0.0069605568445475635,
      "rev_growth_yoy": 0.14613707919593122,
      "rev_growth_yoy_accel": -0.013626807004959052,
      "fcf_margin_change": 0.028446029319818284
    },
    {
      "date": "2022-09-30T00:00:00",
      "quarter_label": "2022-09 (Q3)",
      "revenue": 22799000000,
      "gross_profit": null,
      "operating_income": 1172000000,
      "net_income": 1195000000,
      "opex": null,
      "cogs": null,
      "rd": null,
      "sga": 3061000000,
      "fcf": 8165000000,
      "ocf": 8453000000,
      "capex": -288000000,
      "gross_margin": null,
      "op_margin": 0.05140576341067591,
      "fcf_margin": 0.35812974253256724,
      "incr_op_margin_yoy": 0.2588011417697431,
      "rev_growth_yoy": 0.10156061264917621,
      "rev_growth_yoy_accel": -0.04457646654675501,
      "fcf_margin_change": 0.32939168150644943
    },
    {
      "date": "2022-12-31T00:00:00",
      "quarter_label": "2022-12 (Q4)",
      "revenue": 22439000000,
      "gross_profit": null,
      "operating_income": 124000000,
      "net_income": -15000000,
      "opex": null,
      "cogs": null,
      "rd": null,
      "sga": 3551000000,
      "fcf": -5402000000,
      "ocf": -5127000000,
      "capex": -275000000,
      "gross_margin": null,
      "op_margin": 0.005526092963144525,
      "fcf_margin": -0.24074156602344132,
      "incr_op_margin_yoy": 0.04548736462093863,
      "rev_growth_yoy": 0.06578322409043412,
      "rev_growth_yoy_accel": -0.03577738855874209,
      "fcf_margin_change": -0.5988713085560086
    },
    {
      "date": "2023-03-31T00:00:00",
      "quarter_label": "2023-03 (Q1)",
      "revenue": 26742000000,
      "gross_profit": null,
      "operating_income": 1719000000,
      "net_income": 1239000000,
      "opex": null,
      "cogs": null,
      "rd": null,
      "sga": 2979000000,
      "fcf": 6464000000,
      "ocf": 6687000000,
      "capex": -223000000,
      "gross_margin": null,
      "op_margin": 0.06428090643930895,
      "fcf_margin": 0.24171714905392266,
      "incr_op_margin_yoy": 0.15512265512265513,
      "rev_growth_yoy": 0.11564455569461828,
      "rev_growth_yoy_accel": 0.049861331604184156,
      "fcf_margin_change": 0.482458715077364
    },
    {
      "date": "2023-06-30T00:00:00",
      "quarter_label": "2023-06 (Q2)",
      "revenue": 26747000000,
      "gross_profit": null,
      "operating_income": 1436000000,
      "net_income": 959000000,
      "opex": null,
      "cogs": null,
      "rd": null,
      "sga": 3111000000,
      "fcf": 2912000000,
      "ocf": 3176000000,
      "capex": -264000000,
      "gross_margin": null,
      "op_margin": 0.05368826410438554,
      "fcf_margin": 0.10887202303062025,
      "incr_op_margin_yoy": 0.07163695299837926,
      "rev_growth_yoy": 0.13037782097878456,
      "rev_growth_yoy_accel": 0.014733265284166283,
      "fcf_margin_change": -0.1328451260233024
    },
    {
      "date": "2023-09-30T00:00:00",
      "quarter_label": "2023-09 (Q3)",
      "revenue": 26423000000,
      "gross_profit": null,
      "operating_income": 1206000000,
      "net_income": 832000000,
      "opex": null,
      "cogs": null,
      "rd": null,
      "sga": 3271000000,
      "fcf": 1018000000,
      "ocf": 1252000000,
      "capex": -234000000,
      "gross_margin": null,
      "op_margin": 0.04564205427090035,
      "fcf_margin": 0.03852704083563562,
      "incr_op_margin_yoy": 0.009381898454746136,
      "rev_growth_yoy": 0.1589543401026361,
      "rev_growth_yoy_accel": 0.028576519123851535,
      "fcf_margin_change": -0.07034498219498464
    },
    {
      "date": "2023-12-31T00:00:00",
      "quarter_label": "2023-12 (Q4)",
      "revenue": 26462000000,
      "gross_profit": null,
      "operating_income": -348000000,
      "net_income": -541000000,
      "opex": null,
      "cogs": null,
      "rd": null,
      "sga": 3827000000,
      "fcf": -7417000000,
      "ocf": -7134000000,
      "capex": -283000000,
      "gross_margin": null,
      "op_margin": -0.013150933413952083,
      "fcf_margin": -0.2802887158944902,
      "incr_op_margin_yoy": -0.11732537907034551,
      "rev_growth_yoy": 0.1792860644413744,
      "rev_growth_yoy_accel": 0.02033172433873831,
      "fcf_margin_change": -0.31881575673012585
    },
    {
      "date": "2024-03-31T00:00:00",
      "quarter_label": "2024-03 (Q1)",
      "revenue": 29611000000,
      "gross_profit": null,
      "operating_income": 1236000000,
      "net_income": 741000000,
      "opex": null,
      "cogs": null,
      "rd": null,
      "sga": 3042000000,
      "fcf": 246000000,
      "ocf": 423000000,
      "capex": -177000000,
      "gross_margin": null,
      "op_margin": 0.04174124480767282,
      "fcf_margin": 0.008307723481138765,
      "incr_op_margin_yoy": -0.16835134193098641,
      "rev_growth_yoy": 0.10728442150923641,
      "rev_growth_yoy_accel": -0.072001642932138,
      "fcf_margin_change": 0.288596439375629
    },
    {
      "date": "2024-06-30T00:00:00",
      "quarter_label": "2024-06 (Q2)",
      "revenue": 29540000000,
      "gross_profit": null,
      "operating_income": 1141000000,
      "net_income": 679000000,
      "opex": null,
      "cogs": null,
      "rd": null,
      "sga": 3148000000,
      "fcf": 1099000000,
      "ocf": 1213000000,
      "capex": -114000000,
      "gross_margin": null,
      "op_margin": 0.038625592417061615,
      "fcf_margin": 0.037203791469194315,
      "incr_op_margin_yoy": -0.10562119584675976,
      "rev_growth_yoy": 0.10442292593561894,
      "rev_growth_yoy_accel": -0.0028614955736174646,
      "fcf_margin_change": 0.02889606798805555
    },
    {
      "date": "2024-09-30T00:00:00",
      "quarter_label": "2024-09 (Q3)",
      "revenue": 29397000000,
      "gross_profit": null,
      "operating_income": 728000000,
      "net_income": 480000000,
      "opex": null,
      "cogs": null,
      "rd": null,
      "sga": 3339000000,
      "fcf": 1728000000,
      "ocf": 1858000000,
      "capex": -130000000,
      "gross_margin": null,
      "op_margin": 0.024764431744735856,
      "fcf_margin": 0.05878150831717522,
      "incr_op_margin_yoy": -0.16072629455279086,
      "rev_growth_yoy": 0.11255345721530485,
      "rev_growth_yoy_accel": 0.00813053127968591,
      "fcf_margin_change": 0.021577716847980905
    },
    {
      "date": "2024-12-31T00:00:00",
      "quarter_label": "2024-12 (Q4)",
      "revenue": 29213000000,
      "gross_profit": null,
      "operating_income": -543000000,
      "net_income": -693000000,
      "opex": null,
      "cogs": null,
      "rd": null,
      "sga": 4167000000,
      "fcf": -682000000,
      "ocf": -528000000,
      "capex": -154000000,
      "gross_margin": null,
      "op_margin": -0.018587615102865163,
      "fcf_margin": -0.023345770718515728,
      "incr_op_margin_yoy": -0.07088331515812432,
      "rev_growth_yoy": 0.10396039603960396,
      "rev_growth_yoy_accel": -0.008593061175700897,
      "fcf_margin_change": -0.08212727903569095
    },
    {
      "date": "2025-03-31T00:00:00",
      "quarter_label": "2025-03 (Q1)",
      "revenue": 32112000000,
      "gross_profit": null,
      "operating_income": 2014000000,
      "net_income": 1244000000,
      "opex": null,
      "cogs": null,
      "rd": null,
      "sga": 3380000000,
      "fcf": 236000000,
      "ocf": 331000000,
      "capex": -95000000,
      "gross_margin": null,
      "op_margin": 0.0627179870453413,
      "fcf_margin": 0.007349277528649726,
      "incr_op_margin_yoy": 0.31107556977209116,
      "rev_growth_yoy": 0.08446185539157745,
      "rev_growth_yoy_accel": -0.019498540648026502,
      "fcf_margin_change": 0.030695048247165454
    },
    {
      "date": "2025-06-30T00:00:00",
      "quarter_label": "2025-06 (Q2)",
      "revenue": 32388000000,
      "gross_profit": null,
      "operating_income": 1098000000,
      "net_income": 545000000,
      "opex": null,
      "cogs": null,
      "rd": null,
      "sga": 3547000000,
      "fcf": 1157000000,
      "ocf": 1271000000,
      "capex": -114000000,
      "gross_margin": null,
      "op_margin": 0.03390144497962208,
      "fcf_margin": 0.03572310732370013,
      "incr_op_margin_yoy": -0.015098314606741573,
      "rev_growth_yoy": 0.0964116452268111,
      "rev_growth_yoy_accel": 0.011949789835233648,
      "fcf_margin_change": 0.028373829795050407
    },
    {
      "date": "2025-09-30T00:00:00",
      "quarter_label": "2025-09 (Q3)",
      "revenue": 32649000000,
      "gross_profit": null,
      "operating_income": 400000000,
      "net_income": 195000000,
      "opex": null,
      "cogs": null,
      "rd": null,
      "sga": 4085000000,
      "fcf": 836000000,
      "ocf": 971000000,
      "capex": -135000000,
      "gross_margin": null,
      "op_margin": 0.012251523783270544,
      "fcf_margin": 0.025605684707035437,
      "incr_op_margin_yoy": -0.1008610086100861,
      "rev_growth_yoy": 0.11062353301357282,
      "rev_growth_yoy_accel": 0.014211887786761718,
      "fcf_margin_change": -0.010117422616664696
    }
  ],
  "signals": [
    {
      "quarter": "2025-03 (Q1)",
      "signal": "FCF TURNED POSITIVE",
      "detail": "FCF margin: -2.3% -> +0.7%",
      "severity": "HIGH"
    },
    {
      "quarter": "2025-03 (Q1)",
      "signal": "INCREMENTAL MARGIN (YoY)",
      "detail": "YoY Incr OPM: +31.1% vs year-ago OPM: +4.2%",
      "severity": "HIGH"
    },
    {
      "quarter": "2025-03 (Q1)",
      "signal": "OP MARGIN TURNED POSITIVE (QoQ)",
      "detail": "Op margin: -1.9% -> +6.3%",
      "severity": "HIGH"
    },
    {
      "quarter": "2024-03 (Q1)",
      "signal": "FCF TURNED POSITIVE",
      "detail": "FCF margin: -28.0% -> +0.8%",
      "severity": "HIGH"
    },
    {
      "quarter": "2024-03 (Q1)",
      "signal": "YoY REVENUE GROWTH DECELERATION",
      "detail": "YoY growth: +10.7% vs prior quarter YoY: +17.9% (decel: -7.2%)",
      "severity": "WARNING"
    },
    {
      "quarter": "2024-03 (Q1)",
      "signal": "OP MARGIN TURNED POSITIVE (QoQ)",
      "detail": "Op margin: -1.3% -> +4.2%",
      "severity": "HIGH"
    },
    {
      "quarter": "2023-03 (Q1)",
      "signal": "FCF TURNED POSITIVE",
      "detail": "FCF margin: -24.1% -> +24.2%",
      "severity": "HIGH"
    },
    {
      "quarter": "2023-03 (Q1)",
      "signal": "INCREMENTAL MARGIN (YoY)",
      "detail": "YoY Incr OPM: +15.5% vs year-ago OPM: +5.4%",
      "severity": "MEDIUM"
    },
    {
      "quarter": "2022-09 (Q3)",
      "signal": "FCF MARGIN EXPANSION",
      "detail": "FCF margin: +2.9% -> +35.8% (+32.9%)",
      "severity": "MEDIUM"
    },
    {
      "quarter": "2022-09 (Q3)",
      "signal": "INCREMENTAL MARGIN (YoY)",
      "detail": "YoY Incr OPM: +25.9% vs year-ago OPM: +3.0%",
      "severity": "HIGH"
    },
    {
      "quarter": "2022-03 (Q1)",
      "signal": "FCF TURNED POSITIVE",
      "detail": "FCF margin: -2.3% -> +0.0%",
      "severity": "HIGH"
    },
    {
      "quarter": "2022-03 (Q1)",
      "signal": "YoY REVENUE GROWTH ACCELERATION",
      "detail": "YoY growth: +16.0% vs prior quarter YoY: +10.5% (accel: +5.5%)",
      "severity": "MEDIUM"
    },
    {
      "quarter": "2021-12 (Q4)",
      "signal": "OP MARGIN TURNED POSITIVE (YoY)",
      "detail": "Op margin: -1.8% (year-ago) -> +0.3%",
      "severity": "HIGH"
    },
    {
      "quarter": "2021-09 (Q3)",
      "signal": "FCF MARGIN EXPANSION",
      "detail": "FCF margin: +0.2% -> +12.1% (+12.0%)",
      "severity": "MEDIUM"
    },
    {
      "quarter": "2021-06 (Q2)",
      "signal": "FCF TURNED POSITIVE",
      "detail": "FCF margin: -5.5% -> +0.2%",
      "severity": "HIGH"
    },
    {
      "quarter": "2021-03 (Q1)",
      "signal": "OP MARGIN TURNED POSITIVE (QoQ)",
      "detail": "Op margin: -1.8% -> +5.9%",
      "severity": "HIGH"
    }
  ],
  "data_quality": {
    "n_quarters": 20,
    "coverage": {
      "revenue": [
        20,
        20
      ],
      "gross_profit": [
        0,
        20
      ],
      "op_income": [
        20,
        20
      ],
      "fcf": [
        20,
        20
      ]
    },
    "gaps": [],
    "warnings": [
      "gross_profit: no data"
    ]
  },
  "market_cap": null,
  "source": "SEC EDGAR",
  "last_updated": "2026-02-02T20:13:14.036199"
}