{
  "ticker": "HVT",
  "name": "HAVERTY FURNITURE COMPANIES, INC.",
  "quarters": [
    {
      "date": "2020-12-31T00:00:00",
      "quarter_label": "2020-12 (Q4)",
      "revenue": 241339000,
      "gross_profit": 137619000,
      "operating_income": null,
      "net_income": 25428000,
      "opex": 106353000,
      "cogs": 103721000,
      "rd": null,
      "sga": 107007000,
      "fcf": 26648000,
      "ocf": 30370000,
      "capex": -3722000,
      "gross_margin": 0.5702310857341748,
      "op_margin": null,
      "fcf_margin": 0.110417296831428
    },
    {
      "date": "2021-03-31T00:00:00",
      "quarter_label": "2021-03 (Q1)",
      "revenue": 236491000,
      "gross_profit": 135034000,
      "operating_income": null,
      "net_income": 19406000,
      "opex": 109726000,
      "cogs": 101457000,
      "rd": null,
      "sga": 109762000,
      "fcf": 14856000,
      "ocf": 19601000,
      "capex": -4745000,
      "gross_margin": 0.5709900165333988,
      "op_margin": null,
      "fcf_margin": 0.06281845820771192,
      "fcf_margin_change": -0.04759883862371607
    },
    {
      "date": "2021-06-30T00:00:00",
      "quarter_label": "2021-06 (Q2)",
      "revenue": 249989000,
      "gross_profit": 141501000,
      "operating_income": null,
      "net_income": 22858000,
      "opex": 112391000,
      "cogs": 108488000,
      "rd": null,
      "sga": 112397000,
      "fcf": 31844000,
      "ocf": 38038000,
      "capex": -6194000,
      "gross_margin": 0.5660289052718319,
      "op_margin": null,
      "fcf_margin": 0.12738160479061078,
      "op_leverage_ratio": 2.349996093207772,
      "fcf_margin_change": 0.06456314658289886
    },
    {
      "date": "2021-09-30T00:00:00",
      "quarter_label": "2021-09 (Q3)",
      "revenue": 260378000,
      "gross_profit": 148003000,
      "operating_income": null,
      "net_income": 24233000,
      "opex": 116158000,
      "cogs": 112375000,
      "rd": null,
      "sga": 116156000,
      "fcf": 14238000,
      "ocf": 31359000,
      "capex": -17121000,
      "gross_margin": 0.5684159183955634,
      "op_margin": null,
      "fcf_margin": 0.054682039189178806,
      "op_leverage_ratio": 1.2399060015768382,
      "fcf_margin_change": -0.07269956560143198
    },
    {
      "date": "2021-12-31T00:00:00",
      "quarter_label": "2021-12 (Q4)",
      "revenue": 265940000,
      "gross_profit": 150087000,
      "operating_income": null,
      "net_income": 24306000,
      "opex": 118046000,
      "cogs": 115854000,
      "rd": null,
      "sga": 117952000,
      "fcf": 2214000,
      "ocf": 8244000,
      "capex": -6030000,
      "gross_margin": 0.5643641422877341,
      "op_margin": null,
      "fcf_margin": 0.008325186132210272,
      "rev_growth_yoy": 0.10193545179187781,
      "op_leverage_ratio": 1.31423743492349,
      "fcf_margin_change": -0.04635685305696853
    },
    {
      "date": "2022-03-31T00:00:00",
      "quarter_label": "2022-03 (Q1)",
      "revenue": 238946000,
      "gross_profit": 140961000,
      "operating_income": null,
      "net_income": 19361000,
      "opex": 115315000,
      "cogs": 97985000,
      "rd": null,
      "sga": 115154000,
      "fcf": 13471000,
      "ocf": 20578000,
      "capex": -7107000,
      "gross_margin": 0.5899282683116688,
      "op_margin": null,
      "fcf_margin": 0.05637675458053284,
      "rev_growth_yoy": 0.010380944729397736,
      "rev_growth_yoy_accel": -0.09155450706248007,
      "fcf_margin_change": 0.04805156844832256
    },
    {
      "date": "2022-06-30T00:00:00",
      "quarter_label": "2022-06 (Q2)",
      "revenue": 253216000,
      "gross_profit": 146608000,
      "operating_income": null,
      "net_income": 21708000,
      "opex": 118084000,
      "cogs": 106608000,
      "rd": null,
      "sga": 118129000,
      "fcf": -714000,
      "ocf": 5727000,
      "capex": -6441000,
      "gross_margin": 0.5789839504612663,
      "op_margin": null,
      "fcf_margin": -0.0028197270314672057,
      "rev_growth_yoy": 0.012908567976990987,
      "rev_growth_yoy_accel": 0.002527623247593251,
      "op_leverage_ratio": 2.487064542752651,
      "fcf_margin_change": -0.05919648161200004
    },
    {
      "date": "2022-09-30T00:00:00",
      "quarter_label": "2022-09 (Q3)",
      "revenue": 274495000,
      "gross_profit": 156720000,
      "operating_income": null,
      "net_income": 24551000,
      "opex": 124592000,
      "cogs": 117775000,
      "rd": null,
      "sga": 124534000,
      "fcf": 3334000,
      "ocf": 11895000,
      "capex": -8561000,
      "gross_margin": 0.5709393613727026,
      "op_margin": null,
      "fcf_margin": 0.012145940727517806,
      "rev_growth_yoy": 0.05421733018918649,
      "rev_growth_yoy_accel": 0.041308762212195496,
      "op_leverage_ratio": 1.524767344933776,
      "fcf_margin_change": 0.014965667758985012
    },
    {
      "date": "2022-12-31T00:00:00",
      "quarter_label": "2022-12 (Q4)",
      "revenue": 280557000,
      "gross_profit": 159935000,
      "operating_income": null,
      "net_income": 23738000,
      "opex": 128350000,
      "cogs": 120622000,
      "rd": null,
      "sga": 128482000,
      "fcf": 6513000,
      "ocf": 12815000,
      "capex": -6302000,
      "gross_margin": 0.5700624115598613,
      "op_margin": null,
      "fcf_margin": 0.023214533944973748,
      "rev_growth_yoy": 0.05496352560727984,
      "rev_growth_yoy_accel": 0.0007461954180933497,
      "op_leverage_ratio": 0.7321749657247111,
      "fcf_margin_change": 0.011068593217455942
    },
    {
      "date": "2023-03-31T00:00:00",
      "quarter_label": "2023-03 (Q1)",
      "revenue": 224754000,
      "gross_profit": 132785000,
      "operating_income": null,
      "net_income": 12372000,
      "opex": 118357000,
      "cogs": 91969000,
      "rd": null,
      "sga": 118361000,
      "fcf": 4419000,
      "ocf": 11074000,
      "capex": -6655000,
      "gross_margin": 0.5908014985272787,
      "op_margin": null,
      "fcf_margin": 0.019661496569582743,
      "rev_growth_yoy": -0.059394172741958434,
      "rev_growth_yoy_accel": -0.11435769834923827,
      "fcf_margin_change": -0.003553037375391005
    },
    {
      "date": "2023-06-30T00:00:00",
      "quarter_label": "2023-06 (Q2)",
      "revenue": 206289000,
      "gross_profit": 124895000,
      "operating_income": null,
      "net_income": 11792000,
      "opex": 110030000,
      "cogs": 81394000,
      "rd": null,
      "sga": 110016000,
      "fcf": -4773000,
      "ocf": 29054000,
      "capex": -33827000,
      "gross_margin": 0.60543703251264,
      "op_margin": null,
      "fcf_margin": -0.02313744310166805,
      "rev_growth_yoy": -0.18532399216479212,
      "rev_growth_yoy_accel": -0.12592981942283368,
      "fcf_margin_change": -0.04279893967125079
    },
    {
      "date": "2023-09-30T00:00:00",
      "quarter_label": "2023-09 (Q3)",
      "revenue": 220347000,
      "gross_profit": 133998000,
      "operating_income": null,
      "net_income": 17154000,
      "opex": 112784000,
      "cogs": 86349000,
      "rd": null,
      "sga": 112729000,
      "fcf": 33300000,
      "ocf": 39246000,
      "capex": -5946000,
      "gross_margin": 0.6081226429222998,
      "op_margin": null,
      "fcf_margin": 0.1511252705959237,
      "rev_growth_yoy": -0.1972640667407421,
      "rev_growth_yoy_accel": -0.011940074575949977,
      "op_leverage_ratio": 2.7226677390881635,
      "fcf_margin_change": 0.17426271369759175
    },
    {
      "date": "2023-12-31T00:00:00",
      "quarter_label": "2023-12 (Q4)",
      "revenue": 210744000,
      "gross_profit": 131415000,
      "operating_income": null,
      "net_income": 15002000,
      "opex": 114719000,
      "cogs": 79329000,
      "rd": null,
      "sga": 114706000,
      "fcf": 11142000,
      "ocf": 17829000,
      "capex": -6687000,
      "gross_margin": 0.6235764719280265,
      "op_margin": null,
      "fcf_margin": 0.052869832593098735,
      "rev_growth_yoy": -0.24883713469990054,
      "rev_growth_yoy_accel": -0.05157306795915845,
      "fcf_margin_change": -0.09825543800282496
    },
    {
      "date": "2024-03-31T00:00:00",
      "quarter_label": "2024-03 (Q1)",
      "revenue": 183997000,
      "gross_profit": 111019000,
      "operating_income": null,
      "net_income": 2393000,
      "opex": 109379000,
      "cogs": 72978000,
      "rd": null,
      "sga": 109356000,
      "fcf": -3264000,
      "ocf": 3135000,
      "capex": -6399000,
      "gross_margin": 0.6033739680538269,
      "op_margin": null,
      "fcf_margin": -0.017739419664451053,
      "rev_growth_yoy": -0.18134048782224121,
      "rev_growth_yoy_accel": 0.06749664687765933,
      "fcf_margin_change": -0.07060925225754978
    },
    {
      "date": "2024-06-30T00:00:00",
      "quarter_label": "2024-06 (Q2)",
      "revenue": 178636000,
      "gross_profit": 107984000,
      "operating_income": null,
      "net_income": 4438000,
      "opex": 102998000,
      "cogs": 70652000,
      "rd": null,
      "sga": 103099000,
      "fcf": 4854000,
      "ocf": 14407000,
      "capex": -9553000,
      "gross_margin": 0.6044918157594213,
      "op_margin": null,
      "fcf_margin": 0.02717257439709801,
      "rev_growth_yoy": -0.1340498039158656,
      "rev_growth_yoy_accel": 0.047290683906375613,
      "fcf_margin_change": 0.04491199406154906
    },
    {
      "date": "2024-09-30T00:00:00",
      "quarter_label": "2024-09 (Q3)",
      "revenue": 175913000,
      "gross_profit": 105918000,
      "operating_income": null,
      "net_income": 4928000,
      "opex": 100607000,
      "cogs": 69995000,
      "rd": null,
      "sga": 100940000,
      "fcf": 16114000,
      "ocf": 24447000,
      "capex": -8333000,
      "gross_margin": 0.6021044493584897,
      "op_margin": null,
      "fcf_margin": 0.09160209876473029,
      "rev_growth_yoy": -0.20165466287265085,
      "rev_growth_yoy_accel": -0.06760485895678525,
      "fcf_margin_change": 0.06442952436763227
    },
    {
      "date": "2024-12-31T00:00:00",
      "quarter_label": "2024-12 (Q4)",
      "revenue": 184353000,
      "gross_profit": 114157000,
      "operating_income": null,
      "net_income": 8197000,
      "opex": 106024000,
      "cogs": 70196000,
      "rd": null,
      "sga": 105826000,
      "fcf": 9113000,
      "ocf": 16920000,
      "capex": -7807000,
      "gross_margin": 0.6192304980119662,
      "op_margin": null,
      "fcf_margin": 0.04943233904520133,
      "rev_growth_yoy": -0.12522776449151576,
      "rev_growth_yoy_accel": 0.07642689838113509,
      "op_leverage_ratio": 0.8910742114086109,
      "fcf_margin_change": -0.04216975971952896
    },
    {
      "date": "2025-03-31T00:00:00",
      "quarter_label": "2025-03 (Q1)",
      "revenue": 181567000,
      "gross_profit": 111083000,
      "operating_income": null,
      "net_income": 3778000,
      "opex": 107044000,
      "cogs": 70484000,
      "rd": null,
      "sga": 107202000,
      "fcf": 27000,
      "ocf": 6154000,
      "capex": -6127000,
      "gross_margin": 0.6118017040541508,
      "op_margin": null,
      "fcf_margin": 0.00014870543656060847,
      "rev_growth_yoy": -0.013206737066365213,
      "rev_growth_yoy_accel": 0.11202102742515055,
      "fcf_margin_change": -0.04928363360864072
    },
    {
      "date": "2025-06-30T00:00:00",
      "quarter_label": "2025-06 (Q2)",
      "revenue": 181025000,
      "gross_profit": 110102000,
      "operating_income": null,
      "net_income": 2689000,
      "opex": 107268000,
      "cogs": 70923000,
      "rd": null,
      "sga": 107333000,
      "fcf": 1648000,
      "ocf": 7223000,
      "capex": -5575000,
      "gross_margin": 0.6082143350365972,
      "op_margin": null,
      "fcf_margin": 0.009103714956497722,
      "rev_growth_yoy": 0.013373564119214492,
      "rev_growth_yoy_accel": 0.026580301185579705,
      "fcf_margin_change": 0.008955009519937114
    },
    {
      "date": "2025-09-30T00:00:00",
      "quarter_label": "2025-09 (Q3)",
      "revenue": 194484000,
      "gross_profit": 117264000,
      "operating_income": null,
      "net_income": 4729000,
      "opex": 111981000,
      "cogs": 77220000,
      "rd": null,
      "sga": 112329000,
      "fcf": 28333000,
      "ocf": 31908000,
      "capex": -3575000,
      "gross_margin": 0.6029493428765348,
      "op_margin": null,
      "fcf_margin": 0.1456829353571502,
      "rev_growth_yoy": 0.10556923024449585,
      "rev_growth_yoy_accel": 0.09219566612528136,
      "op_leverage_ratio": 1.6921816472099829,
      "fcf_margin_change": 0.13657922040065248
    }
  ],
  "signals": [
    {
      "quarter": "2025-09 (Q3)",
      "signal": "FCF MARGIN EXPANSION",
      "detail": "FCF margin: +0.9% -> +14.6% (+13.7%)",
      "severity": "MEDIUM"
    },
    {
      "quarter": "2025-09 (Q3)",
      "signal": "OPERATING LEVERAGE",
      "detail": "Rev growth +7.4% vs OpEx growth +4.4% (leverage: 1.7x)",
      "severity": "MEDIUM"
    },
    {
      "quarter": "2025-09 (Q3)",
      "signal": "YoY REVENUE GROWTH ACCELERATION",
      "detail": "YoY growth: +10.6% vs prior quarter YoY: +1.3% (accel: +9.2%)",
      "severity": "MEDIUM"
    },
    {
      "quarter": "2025-03 (Q1)",
      "signal": "YoY REVENUE GROWTH ACCELERATION",
      "detail": "YoY growth: -1.3% vs prior quarter YoY: -12.5% (accel: +11.2%)",
      "severity": "MEDIUM"
    },
    {
      "quarter": "2024-12 (Q4)",
      "signal": "YoY REVENUE GROWTH ACCELERATION",
      "detail": "YoY growth: -12.5% vs prior quarter YoY: -20.2% (accel: +7.6%)",
      "severity": "MEDIUM"
    },
    {
      "quarter": "2024-09 (Q3)",
      "signal": "FCF MARGIN EXPANSION",
      "detail": "FCF margin: +2.7% -> +9.2% (+6.4%)",
      "severity": "MEDIUM"
    },
    {
      "quarter": "2024-09 (Q3)",
      "signal": "YoY REVENUE GROWTH DECELERATION",
      "detail": "YoY growth: -20.2% vs prior quarter YoY: -13.4% (decel: -6.8%)",
      "severity": "WARNING"
    },
    {
      "quarter": "2024-06 (Q2)",
      "signal": "FCF TURNED POSITIVE",
      "detail": "FCF margin: -1.8% -> +2.7%",
      "severity": "HIGH"
    },
    {
      "quarter": "2024-03 (Q1)",
      "signal": "YoY REVENUE GROWTH ACCELERATION",
      "detail": "YoY growth: -18.1% vs prior quarter YoY: -24.9% (accel: +6.7%)",
      "severity": "MEDIUM"
    },
    {
      "quarter": "2023-12 (Q4)",
      "signal": "YoY REVENUE GROWTH DECELERATION",
      "detail": "YoY growth: -24.9% vs prior quarter YoY: -19.7% (decel: -5.2%)",
      "severity": "WARNING"
    },
    {
      "quarter": "2023-09 (Q3)",
      "signal": "FCF TURNED POSITIVE",
      "detail": "FCF margin: -2.3% -> +15.1%",
      "severity": "HIGH"
    },
    {
      "quarter": "2023-09 (Q3)",
      "signal": "OPERATING LEVERAGE",
      "detail": "Rev growth +6.8% vs OpEx growth +2.5% (leverage: 2.7x)",
      "severity": "MEDIUM"
    },
    {
      "quarter": "2023-06 (Q2)",
      "signal": "YoY REVENUE GROWTH DECELERATION",
      "detail": "YoY growth: -18.5% vs prior quarter YoY: -5.9% (decel: -12.6%)",
      "severity": "WARNING"
    },
    {
      "quarter": "2023-03 (Q1)",
      "signal": "GROSS MARGIN INFLECTION",
      "detail": "GM: +57.1% -> +57.0% -> +59.1% (reversal +2.1%)",
      "severity": "MEDIUM"
    },
    {
      "quarter": "2023-03 (Q1)",
      "signal": "YoY REVENUE GROWTH DECELERATION",
      "detail": "YoY growth: -5.9% vs prior quarter YoY: +5.5% (decel: -11.4%)",
      "severity": "WARNING"
    },
    {
      "quarter": "2022-09 (Q3)",
      "signal": "FCF TURNED POSITIVE",
      "detail": "FCF margin: -0.3% -> +1.2%",
      "severity": "HIGH"
    },
    {
      "quarter": "2022-09 (Q3)",
      "signal": "OPERATING LEVERAGE",
      "detail": "Rev growth +8.4% vs OpEx growth +5.5% (leverage: 1.5x)",
      "severity": "MEDIUM"
    },
    {
      "quarter": "2022-06 (Q2)",
      "signal": "OPERATING LEVERAGE",
      "detail": "Rev growth +6.0% vs OpEx growth +2.4% (leverage: 2.5x)",
      "severity": "MEDIUM"
    },
    {
      "quarter": "2022-03 (Q1)",
      "signal": "GROSS MARGIN INFLECTION",
      "detail": "GM: +56.8% -> +56.4% -> +59.0% (reversal +2.6%)",
      "severity": "MEDIUM"
    },
    {
      "quarter": "2022-03 (Q1)",
      "signal": "YoY REVENUE GROWTH DECELERATION",
      "detail": "YoY growth: +1.0% vs prior quarter YoY: +10.2% (decel: -9.2%)",
      "severity": "WARNING"
    },
    {
      "quarter": "2021-06 (Q2)",
      "signal": "FCF MARGIN EXPANSION",
      "detail": "FCF margin: +6.3% -> +12.7% (+6.5%)",
      "severity": "MEDIUM"
    },
    {
      "quarter": "2021-06 (Q2)",
      "signal": "OPERATING LEVERAGE",
      "detail": "Rev growth +5.7% vs OpEx growth +2.4% (leverage: 2.3x)",
      "severity": "MEDIUM"
    }
  ],
  "data_quality": {
    "n_quarters": 20,
    "coverage": {
      "revenue": [
        20,
        20
      ],
      "gross_profit": [
        20,
        20
      ],
      "op_income": [
        0,
        20
      ],
      "fcf": [
        20,
        20
      ]
    },
    "gaps": [],
    "warnings": [
      "op_income: no data"
    ]
  },
  "market_cap": null,
  "source": "SEC EDGAR",
  "last_updated": "2026-02-02T22:32:45.251198",
  "sector": "Consumer Cyclical",
  "industry": "Home Improvement Retail"
}