{
  "ticker": "IAC",
  "name": "IAC Inc.",
  "quarters": [
    {
      "date": "2020-12-31T00:00:00",
      "quarter_label": "2020-12 (Q4)",
      "revenue": 848819000,
      "gross_profit": 599697000,
      "operating_income": -24366000,
      "net_income": 509125000,
      "opex": 873185000,
      "cogs": 249122000,
      "rd": 75243000,
      "sga": null,
      "fcf": -33245000,
      "ocf": -13466000,
      "capex": -19779000,
      "gross_margin": 0.7065075122022481,
      "op_margin": -0.02870576648260701,
      "fcf_margin": -0.03916618266084996
    },
    {
      "date": "2021-03-31T00:00:00",
      "quarter_label": "2021-03 (Q1)",
      "revenue": 786570000,
      "gross_profit": 540889000,
      "operating_income": -11827000,
      "net_income": 329128000,
      "opex": 887815000,
      "cogs": 245681000,
      "rd": 82410000,
      "sga": null,
      "fcf": 33655000,
      "ocf": 53872000,
      "capex": -20217000,
      "gross_margin": 0.6876552627229617,
      "op_margin": -0.015036169698818923,
      "fcf_margin": 0.04278703739018778,
      "fcf_margin_change": 0.08195322005103774
    },
    {
      "date": "2021-06-30T00:00:00",
      "quarter_label": "2021-06 (Q2)",
      "revenue": 829547000,
      "gross_profit": 579340000,
      "operating_income": -28420000,
      "net_income": 194757000,
      "opex": 857967000,
      "cogs": 250207000,
      "rd": 61266000,
      "sga": null,
      "fcf": null,
      "ocf": null,
      "capex": -19208000,
      "gross_margin": 0.698381164659748,
      "op_margin": -0.034259662201177266,
      "fcf_margin": null,
      "op_leverage_ratio": Infinity
    },
    {
      "date": "2021-09-30T00:00:00",
      "quarter_label": "2021-09 (Q3)",
      "revenue": 924068000,
      "gross_profit": 592684000,
      "operating_income": -32067000,
      "net_income": 60690000,
      "opex": 956135000,
      "cogs": 331384000,
      "rd": 61403000,
      "sga": null,
      "fcf": null,
      "ocf": null,
      "capex": -29976000,
      "gross_margin": 0.6413856988879606,
      "op_margin": -0.03470199162832172,
      "fcf_margin": null,
      "op_leverage_ratio": 0.9958362962565956
    },
    {
      "date": "2021-12-31T00:00:00",
      "quarter_label": "2021-12 (Q4)",
      "revenue": 1159442000,
      "gross_profit": 654878000,
      "operating_income": -69350000,
      "net_income": 12972000,
      "opex": 1228792000,
      "cogs": 504564000,
      "rd": 36191000,
      "sga": null,
      "fcf": null,
      "ocf": null,
      "capex": -20809000,
      "gross_margin": 0.5648216987136916,
      "op_margin": -0.05981325499680019,
      "fcf_margin": null,
      "incr_op_margin_yoy": -0.1448186386713154,
      "rev_growth_yoy": 0.36594727497852897,
      "op_leverage_ratio": 0.8932172897725882
    },
    {
      "date": "2022-03-31T00:00:00",
      "quarter_label": "2022-03 (Q1)",
      "revenue": 1325345000,
      "gross_profit": 788242000,
      "operating_income": -108814000,
      "net_income": -235798000,
      "opex": 1434159000,
      "cogs": 537103000,
      "rd": 80787000,
      "sga": null,
      "fcf": -17591000,
      "ocf": 12902000,
      "capex": -30493000,
      "gross_margin": 0.5947447645707344,
      "op_margin": -0.08210239597991466,
      "fcf_margin": -0.013272770486175298,
      "incr_op_margin_yoy": -0.1800139204677277,
      "rev_growth_yoy": 0.684967644329176,
      "rev_growth_yoy_accel": 0.31902036935064704,
      "op_leverage_ratio": 0.8561560447576004
    },
    {
      "date": "2022-06-30T00:00:00",
      "quarter_label": "2022-06 (Q2)",
      "revenue": 1362581000,
      "gross_profit": 853229000,
      "operating_income": -166140000,
      "net_income": -869130000,
      "opex": 1528721000,
      "cogs": 509352000,
      "rd": 84284000,
      "sga": null,
      "fcf": -63955000,
      "ocf": -20807000,
      "capex": -43148000,
      "gross_margin": 0.6261858928019692,
      "op_margin": -0.12193036597457325,
      "fcf_margin": -0.04693665917842682,
      "incr_op_margin_yoy": -0.25837001016820693,
      "rev_growth_yoy": 0.6425603371478651,
      "rev_growth_yoy_accel": -0.042407307181310916,
      "op_leverage_ratio": 0.4261031367431749,
      "fcf_margin_change": -0.03366388869225152
    },
    {
      "date": "2022-09-30T00:00:00",
      "quarter_label": "2022-09 (Q3)",
      "revenue": 1300901000,
      "gross_profit": 847388000,
      "operating_income": -124680000,
      "net_income": -63823000,
      "opex": 1425581000,
      "cogs": 453513000,
      "rd": 74078000,
      "sga": null,
      "fcf": -133363000,
      "ocf": -94164000,
      "capex": -39199000,
      "gross_margin": 0.6513854628445978,
      "op_margin": -0.09584126693729961,
      "fcf_margin": -0.10251587169200424,
      "incr_op_margin_yoy": -0.2457666924075121,
      "rev_growth_yoy": 0.4077979109762485,
      "rev_growth_yoy_accel": -0.23476242617161658,
      "fcf_margin_change": -0.05557921251357742
    },
    {
      "date": "2022-12-31T00:00:00",
      "quarter_label": "2022-12 (Q4)",
      "revenue": 1246453000,
      "gross_profit": 823724000,
      "operating_income": -75137000,
      "net_income": -1419000,
      "opex": 1321590000,
      "cogs": 422729000,
      "rd": 93724000,
      "sga": null,
      "fcf": 108717000,
      "ocf": 19278000,
      "capex": 89439000,
      "gross_margin": 0.6608544405605346,
      "op_margin": -0.060280652379191196,
      "fcf_margin": 0.08722109858935716,
      "incr_op_margin_yoy": -0.06650883221661628,
      "rev_growth_yoy": 0.07504558227147197,
      "rev_growth_yoy_accel": -0.33275232870477656,
      "fcf_margin_change": 0.18973697028136138
    },
    {
      "date": "2023-03-31T00:00:00",
      "quarter_label": "2023-03 (Q1)",
      "revenue": 1084271000,
      "gross_profit": 742187000,
      "operating_income": -135596000,
      "net_income": 417775000,
      "opex": 1219867000,
      "cogs": 342084000,
      "rd": 88338000,
      "sga": null,
      "fcf": 3304000,
      "ocf": 25167000,
      "capex": -21863000,
      "gross_margin": 0.6845032284364333,
      "op_margin": -0.1250572965614685,
      "fcf_margin": 0.0030472086775354132,
      "incr_op_margin_yoy": 0.11109451869550428,
      "rev_growth_yoy": -0.18189528009688044,
      "rev_growth_yoy_accel": -0.2569408623683524,
      "fcf_margin_change": -0.08417388991182174
    },
    {
      "date": "2023-06-30T00:00:00",
      "quarter_label": "2023-06 (Q2)",
      "revenue": 1111589000,
      "gross_profit": 758511000,
      "operating_income": -55473000,
      "net_income": -89045000,
      "opex": 1167062000,
      "cogs": 353078000,
      "rd": 86398000,
      "sga": null,
      "fcf": 16843000,
      "ocf": 103087000,
      "capex": -86244000,
      "gross_margin": 0.6823664142052503,
      "op_margin": -0.04990423618801553,
      "fcf_margin": 0.015152183046071884,
      "incr_op_margin_yoy": -0.44091843564735134,
      "rev_growth_yoy": -0.1842033611212838,
      "rev_growth_yoy_accel": -0.002308081024403358,
      "op_leverage_ratio": Infinity,
      "fcf_margin_change": 0.01210497436853647
    },
    {
      "date": "2023-09-30T00:00:00",
      "quarter_label": "2023-09 (Q3)",
      "revenue": 1111341000,
      "gross_profit": 768988000,
      "operating_income": -32737000,
      "net_income": -390538000,
      "opex": 1144078000,
      "cogs": 342353000,
      "rd": 79714000,
      "sga": null,
      "fcf": -4061000,
      "ocf": 14390000,
      "capex": -18451000,
      "gross_margin": 0.691946036365076,
      "op_margin": -0.029457205304222557,
      "fcf_margin": -0.0036541439576151693,
      "incr_op_margin_yoy": -0.4850337623971302,
      "rev_growth_yoy": -0.14571439333200606,
      "rev_growth_yoy_accel": 0.03848896778927774,
      "fcf_margin_change": -0.018806327003687052
    },
    {
      "date": "2023-12-31T00:00:00",
      "quarter_label": "2023-12 (Q4)",
      "revenue": 1058034000,
      "gross_profit": 753140000,
      "operating_income": -36957000,
      "net_income": 327750000,
      "opex": 1094991000,
      "cogs": 304894000,
      "rd": 83592000,
      "sga": null,
      "fcf": 79858000,
      "ocf": 46884000,
      "capex": 32974000,
      "gross_margin": 0.7118296765510371,
      "op_margin": -0.03492987938005773,
      "fcf_margin": 0.0754777256685513,
      "incr_op_margin_yoy": -0.20263349237603426,
      "rev_growth_yoy": -0.1511641433732359,
      "rev_growth_yoy_accel": -0.005449750041229828,
      "fcf_margin_change": 0.07913186962616646
    },
    {
      "date": "2024-03-31T00:00:00",
      "quarter_label": "2024-03 (Q1)",
      "revenue": 929680000,
      "gross_profit": 657716000,
      "operating_income": -59178000,
      "net_income": 45031000,
      "opex": 988858000,
      "cogs": 271964000,
      "rd": 86999000,
      "sga": null,
      "fcf": 61140000,
      "ocf": 64054000,
      "capex": -2914000,
      "gross_margin": 0.7074649341708975,
      "op_margin": -0.0636541605713794,
      "fcf_margin": 0.06576456415110575,
      "incr_op_margin_yoy": -0.49432373165320104,
      "rev_growth_yoy": -0.14257597962133084,
      "rev_growth_yoy_accel": 0.008588163751905048,
      "fcf_margin_change": -0.009713161517445543
    },
    {
      "date": "2024-06-30T00:00:00",
      "quarter_label": "2024-06 (Q2)",
      "revenue": 949527000,
      "gross_profit": 682024000,
      "operating_income": -11999000,
      "net_income": -142232000,
      "opex": 961526000,
      "cogs": 267503000,
      "rd": 78159000,
      "sga": null,
      "fcf": 81577000,
      "ocf": 85023000,
      "capex": -3446000,
      "gross_margin": 0.7182776266499005,
      "op_margin": -0.012636818121022362,
      "fcf_margin": 0.08591330209672816,
      "incr_op_margin_yoy": -0.2682553590601128,
      "rev_growth_yoy": -0.14579309439010282,
      "rev_growth_yoy_accel": -0.0032171147687719837,
      "op_leverage_ratio": Infinity,
      "fcf_margin_change": 0.020148737945622414
    },
    {
      "date": "2024-09-30T00:00:00",
      "quarter_label": "2024-09 (Q3)",
      "revenue": 938719000,
      "gross_profit": 680908000,
      "operating_income": 16326000,
      "net_income": -243719000,
      "opex": 922393000,
      "cogs": 257811000,
      "rd": 78262000,
      "sga": null,
      "fcf": 91951000,
      "ocf": 95348000,
      "capex": -3397000,
      "gross_margin": 0.7253587069186839,
      "op_margin": 0.01739178604033795,
      "fcf_margin": 0.09795370073472466,
      "incr_op_margin_yoy": -0.2842221733035187,
      "rev_growth_yoy": -0.15532766270658602,
      "rev_growth_yoy_accel": -0.009534568316483194,
      "fcf_margin_change": 0.012040398637996497
    },
    {
      "date": "2024-12-31T00:00:00",
      "quarter_label": "2024-12 (Q4)",
      "revenue": 989307000,
      "gross_profit": 726595000,
      "operating_income": 50621000,
      "net_income": -198977000,
      "opex": 938686000,
      "cogs": 262712000,
      "rd": 80267000,
      "sga": null,
      "fcf": 104836000,
      "ocf": 110093000,
      "capex": -5257000,
      "gross_margin": 0.7344484573544916,
      "op_margin": 0.051168140930974916,
      "fcf_margin": 0.10596912788446862,
      "incr_op_margin_yoy": -1.2742881254819793,
      "rev_growth_yoy": -0.06495726980418398,
      "rev_growth_yoy_accel": 0.09037039290240204,
      "op_leverage_ratio": 3.0508920596447178,
      "fcf_margin_change": 0.008015427149743959
    },
    {
      "date": "2025-03-31T00:00:00",
      "quarter_label": "2025-03 (Q1)",
      "revenue": 570489000,
      "gross_profit": 365206000,
      "operating_income": 35776000,
      "net_income": -216805000,
      "opex": 534713000,
      "cogs": 205283000,
      "rd": 50213000,
      "sga": null,
      "fcf": null,
      "ocf": null,
      "capex": -4656000,
      "gross_margin": 0.6401630881577033,
      "op_margin": 0.06271111274713448,
      "fcf_margin": null,
      "incr_op_margin_yoy": -0.2643551759370363,
      "rev_growth_yoy": -0.38635982273470443,
      "rev_growth_yoy_accel": -0.32140255293052045
    },
    {
      "date": "2025-06-30T00:00:00",
      "quarter_label": "2025-06 (Q2)",
      "revenue": 586928000,
      "gross_profit": 384957000,
      "operating_income": 575000,
      "net_income": 211452000,
      "opex": 586353000,
      "cogs": 201971000,
      "rd": 49826000,
      "sga": null,
      "fcf": null,
      "ocf": null,
      "capex": -4455000,
      "gross_margin": 0.6558845377967996,
      "op_margin": 0.0009796772346863669,
      "fcf_margin": null,
      "incr_op_margin_yoy": -0.03467742602709881,
      "rev_growth_yoy": -0.3818732905962653,
      "rev_growth_yoy_accel": 0.0044865321384391366,
      "op_leverage_ratio": 0.2983751358936843
    },
    {
      "date": "2025-09-30T00:00:00",
      "quarter_label": "2025-09 (Q3)",
      "revenue": 589793000,
      "gross_profit": 382336000,
      "operating_income": -20398000,
      "net_income": -21879000,
      "opex": 610191000,
      "cogs": 207457000,
      "rd": 49485000,
      "sga": null,
      "fcf": null,
      "ocf": null,
      "capex": -4877000,
      "gross_margin": 0.648254557107324,
      "op_margin": -0.03458501542066454,
      "fcf_margin": null,
      "incr_op_margin_yoy": 0.10524867736998676,
      "rev_growth_yoy": -0.3717044184681465,
      "rev_growth_yoy_accel": 0.010168872128118789
    }
  ],
  "signals": [
    {
      "quarter": "2025-06 (Q2)",
      "signal": "OP MARGIN TURNED POSITIVE (YoY)",
      "detail": "Op margin: -1.3% (year-ago) -> +0.1%",
      "severity": "HIGH"
    },
    {
      "quarter": "2025-03 (Q1)",
      "signal": "YoY REVENUE GROWTH DECELERATION",
      "detail": "YoY growth: -38.6% vs prior quarter YoY: -6.5% (decel: -32.1%)",
      "severity": "WARNING"
    },
    {
      "quarter": "2025-03 (Q1)",
      "signal": "OP MARGIN TURNED POSITIVE (YoY)",
      "detail": "Op margin: -6.4% (year-ago) -> +6.3%",
      "severity": "HIGH"
    },
    {
      "quarter": "2024-12 (Q4)",
      "signal": "OPERATING LEVERAGE",
      "detail": "Rev growth +5.4% vs OpEx growth +1.8% (leverage: 3.1x)",
      "severity": "MEDIUM"
    },
    {
      "quarter": "2024-12 (Q4)",
      "signal": "YoY REVENUE GROWTH ACCELERATION",
      "detail": "YoY growth: -6.5% vs prior quarter YoY: -15.5% (accel: +9.0%)",
      "severity": "MEDIUM"
    },
    {
      "quarter": "2024-12 (Q4)",
      "signal": "OP MARGIN TURNED POSITIVE (YoY)",
      "detail": "Op margin: -3.5% (year-ago) -> +5.1%",
      "severity": "HIGH"
    },
    {
      "quarter": "2024-09 (Q3)",
      "signal": "OP MARGIN TURNED POSITIVE (YoY)",
      "detail": "Op margin: -2.9% (year-ago) -> +1.7%",
      "severity": "HIGH"
    },
    {
      "quarter": "2024-09 (Q3)",
      "signal": "OP MARGIN TURNED POSITIVE (QoQ)",
      "detail": "Op margin: -1.3% -> +1.7%",
      "severity": "HIGH"
    },
    {
      "quarter": "2023-12 (Q4)",
      "signal": "FCF TURNED POSITIVE",
      "detail": "FCF margin: -0.4% -> +7.5%",
      "severity": "HIGH"
    },
    {
      "quarter": "2023-03 (Q1)",
      "signal": "YoY REVENUE GROWTH DECELERATION",
      "detail": "YoY growth: -18.2% vs prior quarter YoY: +7.5% (decel: -25.7%)",
      "severity": "WARNING"
    },
    {
      "quarter": "2022-12 (Q4)",
      "signal": "FCF TURNED POSITIVE",
      "detail": "FCF margin: -10.3% -> +8.7%",
      "severity": "HIGH"
    },
    {
      "quarter": "2022-12 (Q4)",
      "signal": "YoY REVENUE GROWTH DECELERATION",
      "detail": "YoY growth: +7.5% vs prior quarter YoY: +40.8% (decel: -33.3%)",
      "severity": "WARNING"
    },
    {
      "quarter": "2022-09 (Q3)",
      "signal": "YoY REVENUE GROWTH DECELERATION",
      "detail": "YoY growth: +40.8% vs prior quarter YoY: +64.3% (decel: -23.5%)",
      "severity": "WARNING"
    },
    {
      "quarter": "2022-03 (Q1)",
      "signal": "GROSS MARGIN INFLECTION",
      "detail": "GM: +64.1% -> +56.5% -> +59.5% (reversal +3.0%)",
      "severity": "MEDIUM"
    },
    {
      "quarter": "2022-03 (Q1)",
      "signal": "YoY REVENUE GROWTH ACCELERATION",
      "detail": "YoY growth: +68.5% vs prior quarter YoY: +36.6% (accel: +31.9%)",
      "severity": "HIGH"
    },
    {
      "quarter": "2021-03 (Q1)",
      "signal": "FCF TURNED POSITIVE",
      "detail": "FCF margin: -3.9% -> +4.3%",
      "severity": "HIGH"
    }
  ],
  "data_quality": {
    "n_quarters": 20,
    "coverage": {
      "revenue": [
        20,
        20
      ],
      "gross_profit": [
        20,
        20
      ],
      "op_income": [
        20,
        20
      ],
      "fcf": [
        14,
        20
      ]
    },
    "gaps": [],
    "warnings": [
      "fcf: 14/20Q"
    ]
  },
  "market_cap": null,
  "source": "SEC EDGAR",
  "last_updated": "2026-02-02T21:20:44.128205",
  "sector": "Communication Services",
  "industry": "Internet Content & Information"
}