{
  "ticker": "IBCP",
  "name": "INDEPENDENT BANK CORPORATION",
  "quarters": [
    {
      "date": "2020-12-31T00:00:00",
      "quarter_label": "2020-12 (Q4)",
      "revenue": 6095000,
      "gross_profit": null,
      "operating_income": null,
      "net_income": 16986000,
      "opex": null,
      "cogs": null,
      "rd": null,
      "sga": null,
      "fcf": 18666000,
      "ocf": 20446000,
      "capex": -1780000,
      "gross_margin": null,
      "op_margin": null,
      "fcf_margin": 3.062510254306809
    },
    {
      "date": "2021-03-31T00:00:00",
      "quarter_label": "2021-03 (Q1)",
      "revenue": 6110000,
      "gross_profit": null,
      "operating_income": null,
      "net_income": 22037000,
      "opex": null,
      "cogs": null,
      "rd": null,
      "sga": null,
      "fcf": 33118000,
      "ocf": 35065000,
      "capex": -1947000,
      "gross_margin": null,
      "op_margin": null,
      "fcf_margin": 5.420294599018003,
      "fcf_margin_change": 2.3577843447111944
    },
    {
      "date": "2021-06-30T00:00:00",
      "quarter_label": "2021-06 (Q2)",
      "revenue": 6867000,
      "gross_profit": null,
      "operating_income": null,
      "net_income": 12388000,
      "opex": null,
      "cogs": null,
      "rd": null,
      "sga": null,
      "fcf": 30399000,
      "ocf": 31533000,
      "capex": -1134000,
      "gross_margin": null,
      "op_margin": null,
      "fcf_margin": 4.426823940585408,
      "fcf_margin_change": -0.993470658432595
    },
    {
      "date": "2021-09-30T00:00:00",
      "quarter_label": "2021-09 (Q3)",
      "revenue": 8461000,
      "gross_profit": null,
      "operating_income": null,
      "net_income": 15962000,
      "opex": null,
      "cogs": null,
      "rd": null,
      "sga": null,
      "fcf": -12143000,
      "ocf": -10686000,
      "capex": -1457000,
      "gross_margin": null,
      "op_margin": null,
      "fcf_margin": -1.435173147382106,
      "fcf_margin_change": -5.861997087967515
    },
    {
      "date": "2021-12-31T00:00:00",
      "quarter_label": "2021-12 (Q4)",
      "revenue": 7661000,
      "gross_profit": null,
      "operating_income": null,
      "net_income": 12508000,
      "opex": null,
      "cogs": null,
      "rd": null,
      "sga": null,
      "fcf": 52943000,
      "ocf": 54242000,
      "capex": -1299000,
      "gross_margin": null,
      "op_margin": null,
      "fcf_margin": 6.910716616629683,
      "rev_growth_yoy": 0.25693191140278915,
      "fcf_margin_change": 8.345889764011789
    },
    {
      "date": "2022-03-31T00:00:00",
      "quarter_label": "2022-03 (Q1)",
      "revenue": 7399000,
      "gross_profit": null,
      "operating_income": null,
      "net_income": 17967000,
      "opex": null,
      "cogs": null,
      "rd": null,
      "sga": null,
      "fcf": 36190000,
      "ocf": 38571000,
      "capex": -2381000,
      "gross_margin": null,
      "op_margin": null,
      "fcf_margin": 4.89120151371807,
      "rev_growth_yoy": 0.2109656301145663,
      "rev_growth_yoy_accel": -0.04596628128822286,
      "fcf_margin_change": -2.0195151029116127
    },
    {
      "date": "2022-06-30T00:00:00",
      "quarter_label": "2022-06 (Q2)",
      "revenue": 7825000,
      "gross_profit": null,
      "operating_income": null,
      "net_income": 13001000,
      "opex": null,
      "cogs": null,
      "rd": null,
      "sga": null,
      "fcf": 21969000,
      "ocf": 22554000,
      "capex": -585000,
      "gross_margin": null,
      "op_margin": null,
      "fcf_margin": 2.8075399361022364,
      "rev_growth_yoy": 0.13950779088393767,
      "rev_growth_yoy_accel": -0.07145783923062862,
      "fcf_margin_change": -2.083661577615834
    },
    {
      "date": "2022-09-30T00:00:00",
      "quarter_label": "2022-09 (Q3)",
      "revenue": 8524000,
      "gross_profit": null,
      "operating_income": null,
      "net_income": 17297000,
      "opex": null,
      "cogs": null,
      "rd": null,
      "sga": null,
      "fcf": 31677000,
      "ocf": 32680000,
      "capex": -1003000,
      "gross_margin": null,
      "op_margin": null,
      "fcf_margin": 3.716213045518536,
      "rev_growth_yoy": 0.0074459283772603715,
      "rev_growth_yoy_accel": -0.13206186250667729,
      "fcf_margin_change": 0.9086731094162994
    },
    {
      "date": "2022-12-31T00:00:00",
      "quarter_label": "2022-12 (Q4)",
      "revenue": 7895000,
      "gross_profit": null,
      "operating_income": null,
      "net_income": 15086000,
      "opex": null,
      "cogs": null,
      "rd": null,
      "sga": null,
      "fcf": -883000,
      "ocf": 827000,
      "capex": -1710000,
      "gross_margin": null,
      "op_margin": null,
      "fcf_margin": -0.11184293856871437,
      "rev_growth_yoy": 0.030544315363529567,
      "rev_growth_yoy_accel": 0.023098386986269197,
      "fcf_margin_change": -3.8280559840872503
    },
    {
      "date": "2023-03-31T00:00:00",
      "quarter_label": "2023-03 (Q1)",
      "revenue": 7565000,
      "gross_profit": null,
      "operating_income": null,
      "net_income": 12991000,
      "opex": null,
      "cogs": null,
      "rd": null,
      "sga": null,
      "fcf": 22060000,
      "ocf": 23385000,
      "capex": -1325000,
      "gross_margin": null,
      "op_margin": null,
      "fcf_margin": 2.9160608063450097,
      "rev_growth_yoy": 0.022435464251925937,
      "rev_growth_yoy_accel": -0.00810885111160363,
      "fcf_margin_change": 3.0279037449137243
    },
    {
      "date": "2023-06-30T00:00:00",
      "quarter_label": "2023-06 (Q2)",
      "revenue": 8068000,
      "gross_profit": null,
      "operating_income": null,
      "net_income": 14790000,
      "opex": null,
      "cogs": null,
      "rd": null,
      "sga": null,
      "fcf": 7945000,
      "ocf": 9691000,
      "capex": -1746000,
      "gross_margin": null,
      "op_margin": null,
      "fcf_margin": 0.9847545860188398,
      "rev_growth_yoy": 0.031054313099041532,
      "rev_growth_yoy_accel": 0.008618848847115595,
      "fcf_margin_change": -1.93130622032617
    },
    {
      "date": "2023-09-30T00:00:00",
      "quarter_label": "2023-09 (Q3)",
      "revenue": 9111000,
      "gross_profit": null,
      "operating_income": null,
      "net_income": 17543000,
      "opex": null,
      "cogs": null,
      "rd": null,
      "sga": null,
      "fcf": 24272000,
      "ocf": 25712000,
      "capex": -1440000,
      "gross_margin": null,
      "op_margin": null,
      "fcf_margin": 2.6640324882010757,
      "rev_growth_yoy": 0.06886438291881745,
      "rev_growth_yoy_accel": 0.03781006981977592,
      "fcf_margin_change": 1.679277902182236
    },
    {
      "date": "2023-12-31T00:00:00",
      "quarter_label": "2023-12 (Q4)",
      "revenue": 8159000,
      "gross_profit": null,
      "operating_income": null,
      "net_income": 13743000,
      "opex": null,
      "cogs": null,
      "rd": null,
      "sga": null,
      "fcf": 15288000,
      "ocf": 16801000,
      "capex": -1513000,
      "gross_margin": null,
      "op_margin": null,
      "fcf_margin": 1.8737590390979286,
      "rev_growth_yoy": 0.03343888537048765,
      "rev_growth_yoy_accel": -0.035425497548329805,
      "fcf_margin_change": -0.7902734491031471
    },
    {
      "date": "2024-03-31T00:00:00",
      "quarter_label": "2024-03 (Q1)",
      "revenue": 7575000,
      "gross_profit": null,
      "operating_income": null,
      "net_income": 15991000,
      "opex": null,
      "cogs": null,
      "rd": null,
      "sga": null,
      "fcf": 20157000,
      "ocf": 20833000,
      "capex": -676000,
      "gross_margin": null,
      "op_margin": null,
      "fcf_margin": 2.660990099009901,
      "rev_growth_yoy": 0.0013218770654329147,
      "rev_growth_yoy_accel": -0.032117008305054734,
      "fcf_margin_change": 0.7872310599119725
    },
    {
      "date": "2024-06-30T00:00:00",
      "quarter_label": "2024-06 (Q2)",
      "revenue": 7896000,
      "gross_profit": null,
      "operating_income": null,
      "net_income": 18528000,
      "opex": null,
      "cogs": null,
      "rd": null,
      "sga": null,
      "fcf": 6974000,
      "ocf": 8747000,
      "capex": -1773000,
      "gross_margin": null,
      "op_margin": null,
      "fcf_margin": 0.8832320162107397,
      "rev_growth_yoy": -0.021318790282597918,
      "rev_growth_yoy_accel": -0.022640667348030833,
      "fcf_margin_change": -1.7777580827991615
    },
    {
      "date": "2024-09-30T00:00:00",
      "quarter_label": "2024-09 (Q3)",
      "revenue": 8836000,
      "gross_profit": null,
      "operating_income": null,
      "net_income": 13810000,
      "opex": null,
      "cogs": null,
      "rd": null,
      "sga": null,
      "fcf": 15710000,
      "ocf": 17202000,
      "capex": -1492000,
      "gross_margin": null,
      "op_margin": null,
      "fcf_margin": 1.7779538252602989,
      "rev_growth_yoy": -0.03018329491823071,
      "rev_growth_yoy_accel": -0.008864504635632792,
      "fcf_margin_change": 0.8947218090495592
    },
    {
      "date": "2024-12-31T00:00:00",
      "quarter_label": "2024-12 (Q4)",
      "revenue": 7672000,
      "gross_profit": null,
      "operating_income": null,
      "net_income": 18461000,
      "opex": null,
      "cogs": null,
      "rd": null,
      "sga": null,
      "fcf": 12360000,
      "ocf": 16369000,
      "capex": -4009000,
      "gross_margin": null,
      "op_margin": null,
      "fcf_margin": 1.611053180396246,
      "rev_growth_yoy": -0.0596886873391347,
      "rev_growth_yoy_accel": -0.029505392420903987,
      "fcf_margin_change": -0.16690064486405287
    },
    {
      "date": "2025-03-31T00:00:00",
      "quarter_label": "2025-03 (Q1)",
      "revenue": 7342000,
      "gross_profit": null,
      "operating_income": null,
      "net_income": 15590000,
      "opex": null,
      "cogs": null,
      "rd": null,
      "sga": null,
      "fcf": 30577000,
      "ocf": 31699000,
      "capex": -1122000,
      "gross_margin": null,
      "op_margin": null,
      "fcf_margin": 4.164669027512939,
      "rev_growth_yoy": -0.03075907590759076,
      "rev_growth_yoy_accel": 0.028929611431543937,
      "fcf_margin_change": 2.5536158471166934
    },
    {
      "date": "2025-06-30T00:00:00",
      "quarter_label": "2025-06 (Q2)",
      "revenue": 7878000,
      "gross_profit": null,
      "operating_income": null,
      "net_income": 16877000,
      "opex": null,
      "cogs": null,
      "rd": null,
      "sga": null,
      "fcf": 16690000,
      "ocf": 18969000,
      "capex": -2279000,
      "gross_margin": null,
      "op_margin": null,
      "fcf_margin": 2.1185580096471184,
      "rev_growth_yoy": -0.0022796352583586625,
      "rev_growth_yoy_accel": 0.028479440649232097,
      "fcf_margin_change": -2.046111017865821
    },
    {
      "date": "2025-09-30T00:00:00",
      "quarter_label": "2025-09 (Q3)",
      "revenue": 8920000,
      "gross_profit": null,
      "operating_income": null,
      "net_income": 17502000,
      "opex": null,
      "cogs": null,
      "rd": null,
      "sga": null,
      "fcf": 16544000,
      "ocf": 18200000,
      "capex": -1656000,
      "gross_margin": null,
      "op_margin": null,
      "fcf_margin": 1.8547085201793723,
      "rev_growth_yoy": 0.009506564056133997,
      "rev_growth_yoy_accel": 0.01178619931449266,
      "fcf_margin_change": -0.2638494894677461
    }
  ],
  "signals": [
    {
      "quarter": "2025-03 (Q1)",
      "signal": "FCF MARGIN EXPANSION",
      "detail": "FCF margin: +161.1% -> +416.5% (+255.4%)",
      "severity": "MEDIUM"
    },
    {
      "quarter": "2024-09 (Q3)",
      "signal": "FCF MARGIN EXPANSION",
      "detail": "FCF margin: +88.3% -> +177.8% (+89.5%)",
      "severity": "MEDIUM"
    },
    {
      "quarter": "2024-03 (Q1)",
      "signal": "FCF MARGIN EXPANSION",
      "detail": "FCF margin: +187.4% -> +266.1% (+78.7%)",
      "severity": "MEDIUM"
    },
    {
      "quarter": "2023-09 (Q3)",
      "signal": "FCF MARGIN EXPANSION",
      "detail": "FCF margin: +98.5% -> +266.4% (+167.9%)",
      "severity": "MEDIUM"
    },
    {
      "quarter": "2023-03 (Q1)",
      "signal": "FCF TURNED POSITIVE",
      "detail": "FCF margin: -11.2% -> +291.6%",
      "severity": "HIGH"
    },
    {
      "quarter": "2022-09 (Q3)",
      "signal": "FCF MARGIN EXPANSION",
      "detail": "FCF margin: +280.8% -> +371.6% (+90.9%)",
      "severity": "MEDIUM"
    },
    {
      "quarter": "2022-09 (Q3)",
      "signal": "YoY REVENUE GROWTH DECELERATION",
      "detail": "YoY growth: +0.7% vs prior quarter YoY: +14.0% (decel: -13.2%)",
      "severity": "WARNING"
    },
    {
      "quarter": "2022-06 (Q2)",
      "signal": "YoY REVENUE GROWTH DECELERATION",
      "detail": "YoY growth: +14.0% vs prior quarter YoY: +21.1% (decel: -7.1%)",
      "severity": "WARNING"
    },
    {
      "quarter": "2021-12 (Q4)",
      "signal": "FCF TURNED POSITIVE",
      "detail": "FCF margin: -143.5% -> +691.1%",
      "severity": "HIGH"
    },
    {
      "quarter": "2021-03 (Q1)",
      "signal": "FCF MARGIN EXPANSION",
      "detail": "FCF margin: +306.3% -> +542.0% (+235.8%)",
      "severity": "MEDIUM"
    }
  ],
  "data_quality": {
    "n_quarters": 20,
    "coverage": {
      "revenue": [
        20,
        20
      ],
      "gross_profit": [
        0,
        20
      ],
      "op_income": [
        0,
        20
      ],
      "fcf": [
        20,
        20
      ]
    },
    "gaps": [],
    "warnings": [
      "gross_profit: no data",
      "op_income: no data"
    ]
  },
  "market_cap": null,
  "source": "SEC EDGAR",
  "last_updated": "2026-02-02T22:12:19.309449"
}