{
  "ticker": "IBEX",
  "name": "IBEX LIMITED",
  "quarters": [
    {
      "date": "2022-09-30T00:00:00",
      "quarter_label": "2022-09 (Q3)",
      "revenue": 127805000,
      "gross_profit": 31652000,
      "operating_income": 7670000,
      "net_income": 6523000,
      "opex": 120135000,
      "cogs": 96153000,
      "rd": null,
      "sga": 19305000,
      "fcf": 2004000,
      "ocf": 5562000,
      "capex": -3558000,
      "gross_margin": 0.24765854231055123,
      "op_margin": 0.06001330151402527,
      "fcf_margin": 0.01568013770979226
    },
    {
      "date": "2022-12-31T00:00:00",
      "quarter_label": "2022-12 (Q4)",
      "revenue": 139325000,
      "gross_profit": 39535000,
      "operating_income": 11451000,
      "net_income": 9270000,
      "opex": 127874000,
      "cogs": 99790000,
      "rd": null,
      "sga": 23502000,
      "fcf": -2655000,
      "ocf": 5293000,
      "capex": -7948000,
      "gross_margin": 0.2837609904898618,
      "op_margin": 0.08218912614390812,
      "fcf_margin": -0.019056163646151085,
      "op_leverage_ratio": 1.3992307490061286,
      "fcf_margin_change": -0.03473630135594334
    },
    {
      "date": "2023-03-31T00:00:00",
      "quarter_label": "2023-03 (Q1)",
      "revenue": 131557000,
      "gross_profit": 39864000,
      "operating_income": 13051000,
      "net_income": 11279000,
      "opex": 118506000,
      "cogs": 91693000,
      "rd": null,
      "sga": 22139000,
      "fcf": 9844000,
      "ocf": 13569000,
      "capex": -3725000,
      "gross_margin": 0.3030169432261301,
      "op_margin": 0.09920414725176159,
      "fcf_margin": 0.07482688112377145,
      "fcf_margin_change": 0.09388304476992254
    },
    {
      "date": "2023-06-30T00:00:00",
      "quarter_label": "2023-06 (Q2)",
      "revenue": 124431000,
      "gross_profit": 37075000,
      "operating_income": 8306000,
      "net_income": 4510000,
      "opex": 116125000,
      "cogs": 87356000,
      "rd": null,
      "sga": 23717000,
      "fcf": 13714000,
      "ocf": 17435000,
      "capex": -3721000,
      "gross_margin": 0.29795629706423643,
      "op_margin": 0.06675185444141733,
      "fcf_margin": 0.11021369272930379,
      "fcf_margin_change": 0.03538681160553234
    },
    {
      "date": "2023-09-30T00:00:00",
      "quarter_label": "2023-09 (Q3)",
      "revenue": 124609000,
      "gross_profit": 36413000,
      "operating_income": 8331000,
      "net_income": 7425000,
      "opex": 116278000,
      "cogs": 88196000,
      "rd": null,
      "sga": 23040000,
      "fcf": 6632000,
      "ocf": 8684000,
      "capex": -2052000,
      "gross_margin": 0.29221805808569207,
      "op_margin": 0.06685712909982425,
      "fcf_margin": 0.053222479917180945,
      "incr_op_margin_yoy": -0.20682102628285357,
      "rev_growth_yoy": -0.02500684636751301,
      "fcf_margin_change": -0.05699121281212284
    },
    {
      "date": "2023-12-31T00:00:00",
      "quarter_label": "2023-12 (Q4)",
      "revenue": 132634000,
      "gross_profit": 36750000,
      "operating_income": 6947000,
      "net_income": 6075000,
      "opex": 125687000,
      "cogs": 95884000,
      "rd": null,
      "sga": 24857000,
      "fcf": -4529000,
      "ocf": -1637000,
      "capex": -2892000,
      "gross_margin": 0.27707827555528747,
      "op_margin": 0.05237721851109067,
      "fcf_margin": -0.03414659891128972,
      "incr_op_margin_yoy": 0.6731430279479899,
      "rev_growth_yoy": -0.0480244033734075,
      "rev_growth_yoy_accel": -0.02301755700589449,
      "op_leverage_ratio": 0.7958838919092264,
      "fcf_margin_change": -0.08736907882847067
    },
    {
      "date": "2024-03-31T00:00:00",
      "quarter_label": "2024-03 (Q1)",
      "revenue": 126795000,
      "gross_profit": 39712000,
      "operating_income": 11282000,
      "net_income": 10310000,
      "opex": 115513000,
      "cogs": 87083000,
      "rd": null,
      "sga": 23565000,
      "fcf": 9740000,
      "ocf": 11431000,
      "capex": -1691000,
      "gross_margin": 0.31319846997121337,
      "op_margin": 0.08897827201388067,
      "fcf_margin": 0.07681690918411609,
      "incr_op_margin_yoy": 0.37148257034859306,
      "rev_growth_yoy": -0.036197237699248236,
      "rev_growth_yoy_accel": 0.011827165674159264,
      "fcf_margin_change": 0.11096350809540581
    },
    {
      "date": "2024-06-30T00:00:00",
      "quarter_label": "2024-06 (Q2)",
      "revenue": 124531000,
      "gross_profit": 39158000,
      "operating_income": 12869000,
      "net_income": 9845000,
      "opex": 111662000,
      "cogs": 85373000,
      "rd": null,
      "sga": 21681000,
      "fcf": 15202000,
      "ocf": 17422000,
      "capex": -2220000,
      "gross_margin": 0.3144437931117553,
      "op_margin": 0.10333973066947186,
      "fcf_margin": 0.12207402172952919,
      "rev_growth_yoy": 0.0008036582523647645,
      "rev_growth_yoy_accel": 0.037000895951613,
      "fcf_margin_change": 0.045257112545413106
    },
    {
      "date": "2024-09-30T00:00:00",
      "quarter_label": "2024-09 (Q3)",
      "revenue": 129717000,
      "gross_profit": 39676000,
      "operating_income": 9092000,
      "net_income": 7531000,
      "opex": 120625000,
      "cogs": 90041000,
      "rd": null,
      "sga": 26215000,
      "fcf": 4132000,
      "ocf": 7762000,
      "capex": -3630000,
      "gross_margin": 0.30586584641951325,
      "op_margin": 0.07009104435039355,
      "fcf_margin": 0.03185395900306051,
      "incr_op_margin_yoy": 0.148981989036805,
      "rev_growth_yoy": 0.040992223675657455,
      "rev_growth_yoy_accel": 0.04018856542329269,
      "op_leverage_ratio": 0.518808452164244,
      "fcf_margin_change": -0.09022006272646868
    },
    {
      "date": "2024-12-31T00:00:00",
      "quarter_label": "2024-12 (Q4)",
      "revenue": 140682000,
      "gross_profit": 41920000,
      "operating_income": 11928000,
      "net_income": 9268000,
      "opex": 128754000,
      "cogs": 98762000,
      "rd": null,
      "sga": 25706000,
      "fcf": -3178000,
      "ocf": 1141000,
      "capex": -4319000,
      "gross_margin": 0.2979769977680158,
      "op_margin": 0.08478696634963961,
      "fcf_margin": -0.022589954649493184,
      "incr_op_margin_yoy": 0.6189115308151093,
      "rev_growth_yoy": 0.06067825746037969,
      "rev_growth_yoy_accel": 0.019686033784722237,
      "op_leverage_ratio": 1.254330384881035,
      "fcf_margin_change": -0.054443913652553695
    },
    {
      "date": "2025-03-31T00:00:00",
      "quarter_label": "2025-03 (Q1)",
      "revenue": 140736000,
      "gross_profit": 44719000,
      "operating_income": 13329000,
      "net_income": 10469000,
      "opex": 127407000,
      "cogs": 96017000,
      "rd": null,
      "sga": 27061000,
      "fcf": 3561000,
      "ocf": 8828000,
      "capex": -5267000,
      "gross_margin": 0.31775096634834016,
      "op_margin": 0.09470924283765347,
      "fcf_margin": 0.02530269440654843,
      "incr_op_margin_yoy": 0.14683308227530306,
      "rev_growth_yoy": 0.1099491304862179,
      "rev_growth_yoy_accel": 0.04927087302583821,
      "fcf_margin_change": 0.04789264905604161
    },
    {
      "date": "2025-06-30T00:00:00",
      "quarter_label": "2025-06 (Q2)",
      "revenue": 147138000,
      "gross_profit": 46266000,
      "operating_income": 12262000,
      "net_income": 9596000,
      "opex": 134876000,
      "cogs": 100872000,
      "rd": null,
      "sga": 29756000,
      "fcf": 22778000,
      "ocf": 27937000,
      "capex": -5159000,
      "gross_margin": 0.3144395057700934,
      "op_margin": 0.08333673150375838,
      "fcf_margin": 0.15480705188326604,
      "incr_op_margin_yoy": -0.026850090679877914,
      "rev_growth_yoy": 0.18153712730163574,
      "rev_growth_yoy_accel": 0.07158799681541783,
      "op_leverage_ratio": 0.7759635061391542,
      "fcf_margin_change": 0.12950435747671762
    },
    {
      "date": "2025-09-30T00:00:00",
      "quarter_label": "2025-09 (Q3)",
      "revenue": 151179000,
      "gross_profit": 44602000,
      "operating_income": 13699000,
      "net_income": 12042000,
      "opex": 137480000,
      "cogs": 106577000,
      "rd": null,
      "sga": 26525000,
      "fcf": 8031000,
      "ocf": 15670000,
      "capex": -7639000,
      "gross_margin": 0.29502774856296177,
      "op_margin": 0.0906144371903505,
      "fcf_margin": 0.053122457484174386,
      "incr_op_margin_yoy": 0.2146584661261765,
      "rev_growth_yoy": 0.16545248502509308,
      "rev_growth_yoy_accel": -0.01608464227654266,
      "op_leverage_ratio": 1.422517768046587,
      "fcf_margin_change": -0.10168459439909167
    }
  ],
  "signals": [
    {
      "quarter": "2025-09 (Q3)",
      "signal": "INCREMENTAL MARGIN (YoY)",
      "detail": "YoY Incr OPM: +21.5% vs year-ago OPM: +7.0%",
      "severity": "MEDIUM"
    },
    {
      "quarter": "2025-06 (Q2)",
      "signal": "FCF MARGIN EXPANSION",
      "detail": "FCF margin: +2.5% -> +15.5% (+13.0%)",
      "severity": "MEDIUM"
    },
    {
      "quarter": "2025-06 (Q2)",
      "signal": "YoY REVENUE GROWTH ACCELERATION",
      "detail": "YoY growth: +18.2% vs prior quarter YoY: +11.0% (accel: +7.2%)",
      "severity": "MEDIUM"
    },
    {
      "quarter": "2025-03 (Q1)",
      "signal": "FCF TURNED POSITIVE",
      "detail": "FCF margin: -2.3% -> +2.5%",
      "severity": "HIGH"
    },
    {
      "quarter": "2024-12 (Q4)",
      "signal": "INCREMENTAL MARGIN (YoY)",
      "detail": "YoY Incr OPM: +61.9% vs year-ago OPM: +5.2%",
      "severity": "HIGH"
    },
    {
      "quarter": "2024-03 (Q1)",
      "signal": "FCF TURNED POSITIVE",
      "detail": "FCF margin: -3.4% -> +7.7%",
      "severity": "HIGH"
    },
    {
      "quarter": "2024-03 (Q1)",
      "signal": "GROSS MARGIN INFLECTION",
      "detail": "GM: +29.2% -> +27.7% -> +31.3% (reversal +3.6%)",
      "severity": "MEDIUM"
    },
    {
      "quarter": "2024-03 (Q1)",
      "signal": "INCREMENTAL MARGIN (YoY)",
      "detail": "YoY Incr OPM: +37.1% vs year-ago OPM: +9.9%",
      "severity": "HIGH"
    },
    {
      "quarter": "2023-12 (Q4)",
      "signal": "INCREMENTAL MARGIN (YoY)",
      "detail": "YoY Incr OPM: +67.3% vs year-ago OPM: +8.2%",
      "severity": "HIGH"
    },
    {
      "quarter": "2023-03 (Q1)",
      "signal": "FCF TURNED POSITIVE",
      "detail": "FCF margin: -1.9% -> +7.5%",
      "severity": "HIGH"
    }
  ],
  "data_quality": {
    "n_quarters": 13,
    "coverage": {
      "revenue": [
        13,
        13
      ],
      "gross_profit": [
        13,
        13
      ],
      "op_income": [
        13,
        13
      ],
      "fcf": [
        13,
        13
      ]
    },
    "gaps": [],
    "warnings": []
  },
  "market_cap": null,
  "source": "SEC EDGAR",
  "last_updated": "2026-02-02T22:24:19.976151",
  "sector": "Technology",
  "industry": "Information Technology Services"
}