{
  "ticker": "IBKR",
  "name": "Interactive Brokers Group, Inc.",
  "quarters": [
    {
      "date": "2020-12-31T00:00:00",
      "quarter_label": "2020-12 (Q4)",
      "revenue": 340000000,
      "gross_profit": null,
      "operating_income": null,
      "net_income": null,
      "opex": null,
      "cogs": null,
      "rd": null,
      "sga": null,
      "fcf": 4596000000,
      "ocf": 4596000000,
      "capex": null,
      "gross_margin": null,
      "op_margin": null,
      "fcf_margin": 13.51764705882353
    },
    {
      "date": "2021-03-31T00:00:00",
      "quarter_label": "2021-03 (Q1)",
      "revenue": 468000000,
      "gross_profit": null,
      "operating_income": null,
      "net_income": null,
      "opex": null,
      "cogs": null,
      "rd": null,
      "sga": null,
      "fcf": 3734000000,
      "ocf": 3734000000,
      "capex": null,
      "gross_margin": null,
      "op_margin": null,
      "fcf_margin": 7.978632478632479,
      "fcf_margin_change": -5.539014580191051
    },
    {
      "date": "2021-06-30T00:00:00",
      "quarter_label": "2021-06 (Q2)",
      "revenue": 362000000,
      "gross_profit": null,
      "operating_income": null,
      "net_income": null,
      "opex": null,
      "cogs": null,
      "rd": null,
      "sga": null,
      "fcf": 1324000000,
      "ocf": 1324000000,
      "capex": null,
      "gross_margin": null,
      "op_margin": null,
      "fcf_margin": 3.657458563535912,
      "fcf_margin_change": -4.321173915096567
    },
    {
      "date": "2021-09-30T00:00:00",
      "quarter_label": "2021-09 (Q3)",
      "revenue": 360000000,
      "gross_profit": null,
      "operating_income": null,
      "net_income": null,
      "opex": null,
      "cogs": null,
      "rd": null,
      "sga": null,
      "fcf": 1213000000,
      "ocf": 1213000000,
      "capex": null,
      "gross_margin": null,
      "op_margin": null,
      "fcf_margin": 3.3694444444444445,
      "fcf_margin_change": -0.28801411909146735
    },
    {
      "date": "2021-12-31T00:00:00",
      "quarter_label": "2021-12 (Q4)",
      "revenue": 378000000,
      "gross_profit": null,
      "operating_income": null,
      "net_income": null,
      "opex": null,
      "cogs": null,
      "rd": null,
      "sga": null,
      "fcf": -375000000,
      "ocf": -375000000,
      "capex": null,
      "gross_margin": null,
      "op_margin": null,
      "fcf_margin": -0.9920634920634921,
      "rev_growth_yoy": 0.11176470588235295,
      "fcf_margin_change": -4.3615079365079366
    },
    {
      "date": "2022-03-31T00:00:00",
      "quarter_label": "2022-03 (Q1)",
      "revenue": 402000000,
      "gross_profit": null,
      "operating_income": null,
      "net_income": null,
      "opex": null,
      "cogs": null,
      "rd": null,
      "sga": null,
      "fcf": 2125000000,
      "ocf": 2125000000,
      "capex": null,
      "gross_margin": null,
      "op_margin": null,
      "fcf_margin": 5.286069651741293,
      "rev_growth_yoy": -0.14102564102564102,
      "rev_growth_yoy_accel": -0.25279034690799396,
      "fcf_margin_change": 6.278133143804785
    },
    {
      "date": "2022-06-30T00:00:00",
      "quarter_label": "2022-06 (Q2)",
      "revenue": 365000000,
      "gross_profit": null,
      "operating_income": null,
      "net_income": null,
      "opex": null,
      "cogs": null,
      "rd": null,
      "sga": null,
      "fcf": -541000000,
      "ocf": -541000000,
      "capex": null,
      "gross_margin": null,
      "op_margin": null,
      "fcf_margin": -1.4821917808219178,
      "rev_growth_yoy": 0.008287292817679558,
      "rev_growth_yoy_accel": 0.1493129338433206,
      "fcf_margin_change": -6.768261432563211
    },
    {
      "date": "2022-09-30T00:00:00",
      "quarter_label": "2022-09 (Q3)",
      "revenue": 365000000,
      "gross_profit": null,
      "operating_income": null,
      "net_income": null,
      "opex": null,
      "cogs": null,
      "rd": null,
      "sga": null,
      "fcf": 2414000000,
      "ocf": 2414000000,
      "capex": null,
      "gross_margin": null,
      "op_margin": null,
      "fcf_margin": 6.6136986301369864,
      "rev_growth_yoy": 0.013888888888888888,
      "rev_growth_yoy_accel": 0.0056015960712093305,
      "fcf_margin_change": 8.095890410958905
    },
    {
      "date": "2022-12-31T00:00:00",
      "quarter_label": "2022-12 (Q4)",
      "revenue": 374000000,
      "gross_profit": null,
      "operating_income": null,
      "net_income": null,
      "opex": null,
      "cogs": null,
      "rd": null,
      "sga": null,
      "fcf": -30000000,
      "ocf": -30000000,
      "capex": null,
      "gross_margin": null,
      "op_margin": null,
      "fcf_margin": -0.08021390374331551,
      "rev_growth_yoy": -0.010582010582010581,
      "rev_growth_yoy_accel": -0.02447089947089947,
      "fcf_margin_change": -6.693912533880302
    },
    {
      "date": "2023-03-31T00:00:00",
      "quarter_label": "2023-03 (Q1)",
      "revenue": 400000000,
      "gross_profit": null,
      "operating_income": null,
      "net_income": null,
      "opex": null,
      "cogs": null,
      "rd": null,
      "sga": null,
      "fcf": -923000000,
      "ocf": -923000000,
      "capex": null,
      "gross_margin": null,
      "op_margin": null,
      "fcf_margin": -2.3075,
      "rev_growth_yoy": -0.004975124378109453,
      "rev_growth_yoy_accel": 0.005606886203901129,
      "fcf_margin_change": -2.2272860962566847
    },
    {
      "date": "2023-06-30T00:00:00",
      "quarter_label": "2023-06 (Q2)",
      "revenue": 369000000,
      "gross_profit": null,
      "operating_income": null,
      "net_income": null,
      "opex": null,
      "cogs": null,
      "rd": null,
      "sga": null,
      "fcf": 2119000000,
      "ocf": 2119000000,
      "capex": null,
      "gross_margin": null,
      "op_margin": null,
      "fcf_margin": 5.742547425474255,
      "rev_growth_yoy": 0.010958904109589041,
      "rev_growth_yoy_accel": 0.015934028487698496,
      "fcf_margin_change": 8.050047425474254
    },
    {
      "date": "2023-09-30T00:00:00",
      "quarter_label": "2023-09 (Q3)",
      "revenue": 385000000,
      "gross_profit": null,
      "operating_income": null,
      "net_income": null,
      "opex": null,
      "cogs": null,
      "rd": null,
      "sga": null,
      "fcf": 979000000,
      "ocf": 979000000,
      "capex": null,
      "gross_margin": null,
      "op_margin": null,
      "fcf_margin": 2.5428571428571427,
      "rev_growth_yoy": 0.0547945205479452,
      "rev_growth_yoy_accel": 0.043835616438356165,
      "fcf_margin_change": -3.1996902826171123
    },
    {
      "date": "2023-12-31T00:00:00",
      "quarter_label": "2023-12 (Q4)",
      "revenue": 403000000,
      "gross_profit": null,
      "operating_income": null,
      "net_income": null,
      "opex": null,
      "cogs": null,
      "rd": null,
      "sga": null,
      "fcf": 2369000000,
      "ocf": 2369000000,
      "capex": null,
      "gross_margin": null,
      "op_margin": null,
      "fcf_margin": 5.878411910669975,
      "rev_growth_yoy": 0.07754010695187166,
      "rev_growth_yoy_accel": 0.02274558640392646,
      "fcf_margin_change": 3.335554767812832
    },
    {
      "date": "2024-03-31T00:00:00",
      "quarter_label": "2024-03 (Q1)",
      "revenue": 438000000,
      "gross_profit": null,
      "operating_income": null,
      "net_income": null,
      "opex": null,
      "cogs": null,
      "rd": null,
      "sga": 50000000,
      "fcf": 1683000000,
      "ocf": 1683000000,
      "capex": null,
      "gross_margin": null,
      "op_margin": null,
      "fcf_margin": 3.8424657534246576,
      "rev_growth_yoy": 0.095,
      "rev_growth_yoy_accel": 0.01745989304812834,
      "fcf_margin_change": -2.0359461572453172
    },
    {
      "date": "2024-06-30T00:00:00",
      "quarter_label": "2024-06 (Q2)",
      "revenue": 474000000,
      "gross_profit": null,
      "operating_income": null,
      "net_income": null,
      "opex": null,
      "cogs": null,
      "rd": null,
      "sga": 52000000,
      "fcf": 1621000000,
      "ocf": 1621000000,
      "capex": null,
      "gross_margin": null,
      "op_margin": null,
      "fcf_margin": 3.419831223628692,
      "rev_growth_yoy": 0.2845528455284553,
      "rev_growth_yoy_accel": 0.18955284552845528,
      "fcf_margin_change": -0.4226345297959657
    },
    {
      "date": "2024-09-30T00:00:00",
      "quarter_label": "2024-09 (Q3)",
      "revenue": 507000000,
      "gross_profit": null,
      "operating_income": null,
      "net_income": null,
      "opex": null,
      "cogs": null,
      "rd": null,
      "sga": 153000000,
      "fcf": 3582000000,
      "ocf": 3582000000,
      "capex": null,
      "gross_margin": null,
      "op_margin": null,
      "fcf_margin": 7.06508875739645,
      "rev_growth_yoy": 0.3168831168831169,
      "rev_growth_yoy_accel": 0.0323302713546616,
      "fcf_margin_change": 3.645257533767758
    },
    {
      "date": "2024-12-31T00:00:00",
      "quarter_label": "2024-12 (Q4)",
      "revenue": 558000000,
      "gross_profit": null,
      "operating_income": null,
      "net_income": null,
      "opex": null,
      "cogs": null,
      "rd": null,
      "sga": 59000000,
      "fcf": 1838000000,
      "ocf": 1838000000,
      "capex": null,
      "gross_margin": null,
      "op_margin": null,
      "fcf_margin": 3.293906810035842,
      "rev_growth_yoy": 0.38461538461538464,
      "rev_growth_yoy_accel": 0.06773226773226776,
      "fcf_margin_change": -3.7711819473606076
    },
    {
      "date": "2025-03-31T00:00:00",
      "quarter_label": "2025-03 (Q1)",
      "revenue": 592000000,
      "gross_profit": null,
      "operating_income": null,
      "net_income": null,
      "opex": null,
      "cogs": null,
      "rd": null,
      "sga": 62000000,
      "fcf": 2584000000,
      "ocf": 2584000000,
      "capex": null,
      "gross_margin": null,
      "op_margin": null,
      "fcf_margin": 4.364864864864865,
      "rev_growth_yoy": 0.3515981735159817,
      "rev_growth_yoy_accel": -0.03301721109940292,
      "fcf_margin_change": 1.0709580548290227
    },
    {
      "date": "2025-06-30T00:00:00",
      "quarter_label": "2025-06 (Q2)",
      "revenue": 578000000,
      "gross_profit": null,
      "operating_income": null,
      "net_income": null,
      "opex": null,
      "cogs": null,
      "rd": null,
      "sga": 61000000,
      "fcf": 7139000000,
      "ocf": 7139000000,
      "capex": null,
      "gross_margin": null,
      "op_margin": null,
      "fcf_margin": 12.35121107266436,
      "rev_growth_yoy": 0.21940928270042195,
      "rev_growth_yoy_accel": -0.13218889081555976,
      "fcf_margin_change": 7.986346207799494
    },
    {
      "date": "2025-09-30T00:00:00",
      "quarter_label": "2025-09 (Q3)",
      "revenue": 603000000,
      "gross_profit": null,
      "operating_income": null,
      "net_income": null,
      "opex": null,
      "cogs": null,
      "rd": null,
      "sga": 62000000,
      "fcf": 4479000000,
      "ocf": 4479000000,
      "capex": null,
      "gross_margin": null,
      "op_margin": null,
      "fcf_margin": 7.4278606965174125,
      "rev_growth_yoy": 0.1893491124260355,
      "rev_growth_yoy_accel": -0.030060170274386455,
      "fcf_margin_change": -4.923350376146947
    }
  ],
  "signals": [
    {
      "quarter": "2025-06 (Q2)",
      "signal": "FCF MARGIN EXPANSION",
      "detail": "FCF margin: +436.5% -> +1235.1% (+798.6%)",
      "severity": "MEDIUM"
    },
    {
      "quarter": "2025-06 (Q2)",
      "signal": "YoY REVENUE GROWTH DECELERATION",
      "detail": "YoY growth: +21.9% vs prior quarter YoY: +35.2% (decel: -13.2%)",
      "severity": "WARNING"
    },
    {
      "quarter": "2025-03 (Q1)",
      "signal": "FCF MARGIN EXPANSION",
      "detail": "FCF margin: +329.4% -> +436.5% (+107.1%)",
      "severity": "MEDIUM"
    },
    {
      "quarter": "2024-12 (Q4)",
      "signal": "YoY REVENUE GROWTH ACCELERATION",
      "detail": "YoY growth: +38.5% vs prior quarter YoY: +31.7% (accel: +6.8%)",
      "severity": "MEDIUM"
    },
    {
      "quarter": "2024-09 (Q3)",
      "signal": "FCF MARGIN EXPANSION",
      "detail": "FCF margin: +342.0% -> +706.5% (+364.5%)",
      "severity": "MEDIUM"
    },
    {
      "quarter": "2024-06 (Q2)",
      "signal": "YoY REVENUE GROWTH ACCELERATION",
      "detail": "YoY growth: +28.5% vs prior quarter YoY: +9.5% (accel: +19.0%)",
      "severity": "HIGH"
    },
    {
      "quarter": "2023-12 (Q4)",
      "signal": "FCF MARGIN EXPANSION",
      "detail": "FCF margin: +254.3% -> +587.8% (+333.6%)",
      "severity": "MEDIUM"
    },
    {
      "quarter": "2023-06 (Q2)",
      "signal": "FCF TURNED POSITIVE",
      "detail": "FCF margin: -230.8% -> +574.3%",
      "severity": "HIGH"
    },
    {
      "quarter": "2022-09 (Q3)",
      "signal": "FCF TURNED POSITIVE",
      "detail": "FCF margin: -148.2% -> +661.4%",
      "severity": "HIGH"
    },
    {
      "quarter": "2022-06 (Q2)",
      "signal": "YoY REVENUE GROWTH ACCELERATION",
      "detail": "YoY growth: +0.8% vs prior quarter YoY: -14.1% (accel: +14.9%)",
      "severity": "MEDIUM"
    },
    {
      "quarter": "2022-03 (Q1)",
      "signal": "FCF TURNED POSITIVE",
      "detail": "FCF margin: -99.2% -> +528.6%",
      "severity": "HIGH"
    },
    {
      "quarter": "2022-03 (Q1)",
      "signal": "YoY REVENUE GROWTH DECELERATION",
      "detail": "YoY growth: -14.1% vs prior quarter YoY: +11.2% (decel: -25.3%)",
      "severity": "WARNING"
    }
  ],
  "data_quality": {
    "n_quarters": 20,
    "coverage": {
      "revenue": [
        20,
        20
      ],
      "gross_profit": [
        0,
        20
      ],
      "op_income": [
        0,
        20
      ],
      "fcf": [
        20,
        20
      ]
    },
    "gaps": [],
    "warnings": [
      "gross_profit: no data",
      "op_income: no data"
    ]
  },
  "market_cap": null,
  "source": "SEC EDGAR",
  "last_updated": "2026-02-02T19:48:11.457918"
}