{
  "ticker": "IBM",
  "name": "INTERNATIONAL BUSINESS MACHINES CORPORATION",
  "quarters": [
    {
      "date": "2020-12-31T00:00:00",
      "quarter_label": "2020-12 (Q4)",
      "revenue": 20367000000,
      "gross_profit": 10523000000,
      "operating_income": null,
      "net_income": 1356000000,
      "opex": null,
      "cogs": 9844000000,
      "rd": 1611000000,
      "sga": 7233000000,
      "fcf": 5182000000,
      "ocf": 5860000000,
      "capex": -678000000,
      "gross_margin": 0.5166691216183041,
      "op_margin": null,
      "fcf_margin": 0.2544311877056022
    },
    {
      "date": "2021-03-31T00:00:00",
      "quarter_label": "2021-03 (Q1)",
      "revenue": 17730000000,
      "gross_profit": 8204000000,
      "operating_income": null,
      "net_income": 955000000,
      "opex": null,
      "cogs": 9525000000,
      "rd": 1630000000,
      "sga": 5174000000,
      "fcf": 4420000000,
      "ocf": 4914000000,
      "capex": -494000000,
      "gross_margin": 0.46271855611957136,
      "op_margin": null,
      "fcf_margin": 0.24929498025944727,
      "fcf_margin_change": -0.005136207446154922
    },
    {
      "date": "2021-06-30T00:00:00",
      "quarter_label": "2021-06 (Q2)",
      "revenue": 18745000000,
      "gross_profit": 9004000000,
      "operating_income": null,
      "net_income": 1325000000,
      "opex": null,
      "cogs": 9741000000,
      "rd": 1657000000,
      "sga": 5334000000,
      "fcf": 2065000000,
      "ocf": 2625000000,
      "capex": -560000000,
      "gross_margin": 0.4803414243798346,
      "op_margin": null,
      "fcf_margin": 0.11016271005601494,
      "fcf_margin_change": -0.13913227020343233
    },
    {
      "date": "2021-09-30T00:00:00",
      "quarter_label": "2021-09 (Q3)",
      "revenue": 17618000000,
      "gross_profit": 8171000000,
      "operating_income": null,
      "net_income": 1130000000,
      "opex": null,
      "cogs": 9447000000,
      "rd": 1621000000,
      "sga": 4860000000,
      "fcf": 2155000000,
      "ocf": 2713000000,
      "capex": -558000000,
      "gross_margin": 0.46378703598592347,
      "op_margin": null,
      "fcf_margin": 0.12231808377795436,
      "fcf_margin_change": 0.012155373721939422
    },
    {
      "date": "2021-12-31T00:00:00",
      "quarter_label": "2021-12 (Q4)",
      "revenue": 3257000000,
      "gross_profit": 6107000000,
      "operating_income": null,
      "net_income": 2333000000,
      "opex": null,
      "cogs": -2849000000,
      "rd": 1581000000,
      "sga": 3377000000,
      "fcf": 2094000000,
      "ocf": 2544000000,
      "capex": -450000000,
      "gross_margin": 1.8750383788762666,
      "op_margin": null,
      "fcf_margin": 0.6429229352164568,
      "rev_growth_yoy": -0.8400844503363284,
      "fcf_margin_change": 0.5206048514385024
    },
    {
      "date": "2022-03-31T00:00:00",
      "quarter_label": "2022-03 (Q1)",
      "revenue": 14197000000,
      "gross_profit": 7335000000,
      "operating_income": null,
      "net_income": 733000000,
      "opex": null,
      "cogs": 6862000000,
      "rd": 1679000000,
      "sga": 4597000000,
      "fcf": 2967000000,
      "ocf": 3248000000,
      "capex": -281000000,
      "gross_margin": 0.5166584489680919,
      "op_margin": null,
      "fcf_margin": 0.2089878143269705,
      "rev_growth_yoy": -0.19926677946982516,
      "rev_growth_yoy_accel": 0.6408176708665032,
      "fcf_margin_change": -0.4339351208894863
    },
    {
      "date": "2022-06-30T00:00:00",
      "quarter_label": "2022-06 (Q2)",
      "revenue": 15535000000,
      "gross_profit": 8290000000,
      "operating_income": null,
      "net_income": 1392000000,
      "opex": null,
      "cogs": 7246000000,
      "rd": 1673000000,
      "sga": 4855000000,
      "fcf": 982000000,
      "ocf": 1321000000,
      "capex": -339000000,
      "gross_margin": 0.53363373028645,
      "op_margin": null,
      "fcf_margin": 0.06321210170582556,
      "rev_growth_yoy": -0.1712456655108029,
      "rev_growth_yoy_accel": 0.028021113959022265,
      "fcf_margin_change": -0.14577571262114494
    },
    {
      "date": "2022-09-30T00:00:00",
      "quarter_label": "2022-09 (Q3)",
      "revenue": 14107000000,
      "gross_profit": 7430000000,
      "operating_income": null,
      "net_income": -3196000000,
      "opex": null,
      "cogs": 6677000000,
      "rd": 1611000000,
      "sga": 4391000000,
      "fcf": 1584000000,
      "ocf": 1901000000,
      "capex": -317000000,
      "gross_margin": 0.5266888778620543,
      "op_margin": null,
      "fcf_margin": 0.11228468136386191,
      "rev_growth_yoy": -0.19928482234078784,
      "rev_growth_yoy_accel": -0.02803915682998495,
      "fcf_margin_change": 0.04907257965803635
    },
    {
      "date": "2022-12-31T00:00:00",
      "quarter_label": "2022-12 (Q4)",
      "revenue": 16690000000,
      "gross_profit": 9632000000,
      "operating_income": null,
      "net_income": 2710000000,
      "opex": null,
      "cogs": 7058000000,
      "rd": 1604000000,
      "sga": 4766000000,
      "fcf": 3556000000,
      "ocf": 3965000000,
      "capex": -409000000,
      "gross_margin": 0.5771120431396045,
      "op_margin": null,
      "fcf_margin": 0.21306171360095866,
      "rev_growth_yoy": 4.1243475591034695,
      "rev_growth_yoy_accel": 4.323632381444257,
      "fcf_margin_change": 0.10077703223709675
    },
    {
      "date": "2023-03-31T00:00:00",
      "quarter_label": "2023-03 (Q1)",
      "revenue": 14252000000,
      "gross_profit": 7509000000,
      "operating_income": null,
      "net_income": 927000000,
      "opex": null,
      "cogs": 6743000000,
      "rd": 1655000000,
      "sga": 4853000000,
      "fcf": 3474000000,
      "ocf": 3774000000,
      "capex": -300000000,
      "gross_margin": 0.5268734212742071,
      "op_margin": null,
      "fcf_margin": 0.24375526241930956,
      "rev_growth_yoy": 0.0038740578995562444,
      "rev_growth_yoy_accel": -4.1204735012039135,
      "fcf_margin_change": 0.030693548818350902
    },
    {
      "date": "2023-06-30T00:00:00",
      "quarter_label": "2023-06 (Q2)",
      "revenue": 15475000000,
      "gross_profit": 8501000000,
      "operating_income": null,
      "net_income": 1583000000,
      "opex": null,
      "cogs": 6974000000,
      "rd": 1687000000,
      "sga": 4900000000,
      "fcf": 2274000000,
      "ocf": 2638000000,
      "capex": -364000000,
      "gross_margin": 0.5493376413570275,
      "op_margin": null,
      "fcf_margin": 0.14694668820678514,
      "rev_growth_yoy": -0.0038622465400708077,
      "rev_growth_yoy_accel": -0.007736304439627052,
      "fcf_margin_change": -0.09680857421252442
    },
    {
      "date": "2023-09-30T00:00:00",
      "quarter_label": "2023-09 (Q3)",
      "revenue": 14752000000,
      "gross_profit": 8023000000,
      "operating_income": null,
      "net_income": 1704000000,
      "opex": null,
      "cogs": 6729000000,
      "rd": 1685000000,
      "sga": 4458000000,
      "fcf": 2775000000,
      "ocf": 3056000000,
      "capex": -281000000,
      "gross_margin": 0.5438584598698482,
      "op_margin": null,
      "fcf_margin": 0.18811008676789587,
      "rev_growth_yoy": 0.04572198199475438,
      "rev_growth_yoy_accel": 0.049584228534825185,
      "fcf_margin_change": 0.04116339856111073
    },
    {
      "date": "2023-12-31T00:00:00",
      "quarter_label": "2023-12 (Q4)",
      "revenue": 17381000000,
      "gross_profit": 10267000000,
      "operating_income": null,
      "net_income": 3288000000,
      "opex": null,
      "cogs": 7114000000,
      "rd": 1748000000,
      "sga": 4791000000,
      "fcf": 4163000000,
      "ocf": 4463000000,
      "capex": -300000000,
      "gross_margin": 0.5907024912260515,
      "op_margin": null,
      "fcf_margin": 0.2395144122892814,
      "rev_growth_yoy": 0.04140203714799281,
      "rev_growth_yoy_accel": -0.00431994484676157,
      "fcf_margin_change": 0.05140432552138552
    },
    {
      "date": "2024-03-31T00:00:00",
      "quarter_label": "2024-03 (Q1)",
      "revenue": 14462000000,
      "gross_profit": 7742000000,
      "operating_income": null,
      "net_income": 1605000000,
      "opex": null,
      "cogs": 6719000000,
      "rd": 1796000000,
      "sga": 4974000000,
      "fcf": 3929000000,
      "ocf": 4168000000,
      "capex": -239000000,
      "gross_margin": 0.5353339787028074,
      "op_margin": null,
      "fcf_margin": 0.27167749965426635,
      "rev_growth_yoy": 0.014734774066797643,
      "rev_growth_yoy_accel": -0.026667263081195165,
      "fcf_margin_change": 0.032163087364984966
    },
    {
      "date": "2024-06-30T00:00:00",
      "quarter_label": "2024-06 (Q2)",
      "revenue": 15770000000,
      "gross_profit": 8950000000,
      "operating_income": null,
      "net_income": 1834000000,
      "opex": null,
      "cogs": 6820000000,
      "rd": 1840000000,
      "sga": 4938000000,
      "fcf": 1846000000,
      "ocf": 2066000000,
      "capex": -220000000,
      "gross_margin": 0.5675332910589728,
      "op_margin": null,
      "fcf_margin": 0.1170577045022194,
      "rev_growth_yoy": 0.019063004846526656,
      "rev_growth_yoy_accel": 0.004328230779729013,
      "fcf_margin_change": -0.15461979515204693
    },
    {
      "date": "2024-09-30T00:00:00",
      "quarter_label": "2024-09 (Q3)",
      "revenue": 14968000000,
      "gross_profit": 8420000000,
      "operating_income": null,
      "net_income": -330000000,
      "opex": null,
      "cogs": 6548000000,
      "rd": 1876000000,
      "sga": 4911000000,
      "fcf": 2595000000,
      "ocf": 2881000000,
      "capex": -286000000,
      "gross_margin": 0.5625334045964725,
      "op_margin": null,
      "fcf_margin": 0.17336985569214325,
      "rev_growth_yoy": 0.014642082429501085,
      "rev_growth_yoy_accel": -0.004420922417025571,
      "fcf_margin_change": 0.056312151189923845
    },
    {
      "date": "2024-12-31T00:00:00",
      "quarter_label": "2024-12 (Q4)",
      "revenue": 17554000000,
      "gross_profit": 10439000000,
      "operating_income": null,
      "net_income": 2914000000,
      "opex": null,
      "cogs": 7114000000,
      "rd": 1967000000,
      "sga": 4865000000,
      "fcf": 4027000000,
      "ocf": 4330000000,
      "capex": -303000000,
      "gross_margin": 0.594679275378831,
      "op_margin": null,
      "fcf_margin": 0.22940640309900878,
      "rev_growth_yoy": 0.009953397387952362,
      "rev_growth_yoy_accel": -0.0046886850415487225,
      "fcf_margin_change": 0.05603654740686553
    },
    {
      "date": "2025-03-31T00:00:00",
      "quarter_label": "2025-03 (Q1)",
      "revenue": 14541000000,
      "gross_profit": 8031000000,
      "operating_income": null,
      "net_income": 1055000000,
      "opex": null,
      "cogs": 6510000000,
      "rd": 1950000000,
      "sga": 4886000000,
      "fcf": 4126000000,
      "ocf": 4370000000,
      "capex": -244000000,
      "gross_margin": 0.5523003919950484,
      "op_margin": null,
      "fcf_margin": 0.28374939825321505,
      "rev_growth_yoy": 0.005462591619416402,
      "rev_growth_yoy_accel": -0.00449080576853596,
      "fcf_margin_change": 0.054342995154206264
    },
    {
      "date": "2025-06-30T00:00:00",
      "quarter_label": "2025-06 (Q2)",
      "revenue": 16977000000,
      "gross_profit": 9977000000,
      "operating_income": null,
      "net_income": 2194000000,
      "opex": null,
      "cogs": 7001000000,
      "rd": 2097000000,
      "sga": 5027000000,
      "fcf": 1491000000,
      "ocf": 1701000000,
      "capex": -210000000,
      "gross_margin": 0.5876774459562938,
      "op_margin": null,
      "fcf_margin": 0.08782470401130942,
      "rev_growth_yoy": 0.07653772986683577,
      "rev_growth_yoy_accel": 0.07107513824741937,
      "fcf_margin_change": -0.19592469424190562
    },
    {
      "date": "2025-09-30T00:00:00",
      "quarter_label": "2025-09 (Q3)",
      "revenue": 16331000000,
      "gross_profit": 9360000000,
      "operating_income": null,
      "net_income": 1744000000,
      "opex": null,
      "cogs": 6970000000,
      "rd": 2082000000,
      "sga": 4748000000,
      "fcf": 2827000000,
      "ocf": 3082000000,
      "capex": -255000000,
      "gross_margin": 0.5731431020758068,
      "op_margin": null,
      "fcf_margin": 0.173106362133366,
      "rev_growth_yoy": 0.0910609299839658,
      "rev_growth_yoy_accel": 0.014523200117130028,
      "fcf_margin_change": 0.08528165812205658
    }
  ],
  "signals": [
    {
      "quarter": "2025-09 (Q3)",
      "signal": "FCF MARGIN EXPANSION",
      "detail": "FCF margin: +8.8% -> +17.3% (+8.5%)",
      "severity": "MEDIUM"
    },
    {
      "quarter": "2025-06 (Q2)",
      "signal": "GROSS MARGIN INFLECTION",
      "detail": "GM: +59.5% -> +55.2% -> +58.8% (reversal +3.5%)",
      "severity": "MEDIUM"
    },
    {
      "quarter": "2025-06 (Q2)",
      "signal": "YoY REVENUE GROWTH ACCELERATION",
      "detail": "YoY growth: +7.7% vs prior quarter YoY: +0.5% (accel: +7.1%)",
      "severity": "MEDIUM"
    },
    {
      "quarter": "2025-03 (Q1)",
      "signal": "FCF MARGIN EXPANSION",
      "detail": "FCF margin: +22.9% -> +28.4% (+5.4%)",
      "severity": "MEDIUM"
    },
    {
      "quarter": "2024-12 (Q4)",
      "signal": "FCF MARGIN EXPANSION",
      "detail": "FCF margin: +17.3% -> +22.9% (+5.6%)",
      "severity": "MEDIUM"
    },
    {
      "quarter": "2024-12 (Q4)",
      "signal": "GROSS MARGIN INFLECTION",
      "detail": "GM: +56.8% -> +56.3% -> +59.5% (reversal +3.2%)",
      "severity": "MEDIUM"
    },
    {
      "quarter": "2024-09 (Q3)",
      "signal": "FCF MARGIN EXPANSION",
      "detail": "FCF margin: +11.7% -> +17.3% (+5.6%)",
      "severity": "MEDIUM"
    },
    {
      "quarter": "2024-06 (Q2)",
      "signal": "GROSS MARGIN INFLECTION",
      "detail": "GM: +59.1% -> +53.5% -> +56.8% (reversal +3.2%)",
      "severity": "MEDIUM"
    },
    {
      "quarter": "2023-12 (Q4)",
      "signal": "FCF MARGIN EXPANSION",
      "detail": "FCF margin: +18.8% -> +24.0% (+5.1%)",
      "severity": "MEDIUM"
    },
    {
      "quarter": "2023-12 (Q4)",
      "signal": "GROSS MARGIN INFLECTION",
      "detail": "GM: +54.9% -> +54.4% -> +59.1% (reversal +4.7%)",
      "severity": "MEDIUM"
    },
    {
      "quarter": "2023-06 (Q2)",
      "signal": "GROSS MARGIN INFLECTION",
      "detail": "GM: +57.7% -> +52.7% -> +54.9% (reversal +2.2%)",
      "severity": "MEDIUM"
    },
    {
      "quarter": "2023-03 (Q1)",
      "signal": "YoY REVENUE GROWTH DECELERATION",
      "detail": "YoY growth: +0.4% vs prior quarter YoY: +412.4% (decel: -412.0%)",
      "severity": "WARNING"
    },
    {
      "quarter": "2022-12 (Q4)",
      "signal": "FCF MARGIN EXPANSION",
      "detail": "FCF margin: +11.2% -> +21.3% (+10.1%)",
      "severity": "MEDIUM"
    },
    {
      "quarter": "2022-12 (Q4)",
      "signal": "GROSS MARGIN INFLECTION",
      "detail": "GM: +53.4% -> +52.7% -> +57.7% (reversal +5.0%)",
      "severity": "HIGH"
    },
    {
      "quarter": "2022-12 (Q4)",
      "signal": "YoY REVENUE GROWTH ACCELERATION",
      "detail": "YoY growth: +412.4% vs prior quarter YoY: -19.9% (accel: +432.4%)",
      "severity": "HIGH"
    },
    {
      "quarter": "2022-03 (Q1)",
      "signal": "YoY REVENUE GROWTH ACCELERATION",
      "detail": "YoY growth: -19.9% vs prior quarter YoY: -84.0% (accel: +64.1%)",
      "severity": "HIGH"
    },
    {
      "quarter": "2021-12 (Q4)",
      "signal": "FCF MARGIN EXPANSION",
      "detail": "FCF margin: +12.2% -> +64.3% (+52.1%)",
      "severity": "MEDIUM"
    },
    {
      "quarter": "2021-12 (Q4)",
      "signal": "GROSS MARGIN INFLECTION",
      "detail": "GM: +48.0% -> +46.4% -> +187.5% (reversal +141.1%)",
      "severity": "HIGH"
    }
  ],
  "data_quality": {
    "n_quarters": 20,
    "coverage": {
      "revenue": [
        20,
        20
      ],
      "gross_profit": [
        20,
        20
      ],
      "op_income": [
        0,
        20
      ],
      "fcf": [
        20,
        20
      ]
    },
    "gaps": [],
    "warnings": [
      "op_income: no data"
    ]
  },
  "market_cap": null,
  "source": "SEC EDGAR",
  "last_updated": "2026-02-02T19:46:06.828557"
}