{
  "ticker": "IBP",
  "name": "Installed Building Products, Inc.",
  "quarters": [
    {
      "date": "2020-12-31T00:00:00",
      "quarter_label": "2020-12 (Q4)",
      "revenue": 441469000,
      "gross_profit": 134928000,
      "operating_income": 44903000,
      "net_income": 27837000,
      "opex": 90025000,
      "cogs": 306541000,
      "rd": null,
      "sga": null,
      "fcf": 28833000,
      "ocf": 36905000,
      "capex": -8072000,
      "gross_margin": 0.3056341441867945,
      "op_margin": 0.10171269103832885,
      "fcf_margin": 0.06531149412529533
    },
    {
      "date": "2021-03-31T00:00:00",
      "quarter_label": "2021-03 (Q1)",
      "revenue": 437066000,
      "gross_profit": 125427000,
      "operating_income": 31096000,
      "net_income": 17291000,
      "opex": 94331000,
      "cogs": 311639000,
      "rd": null,
      "sga": null,
      "fcf": 26772000,
      "ocf": 37618000,
      "capex": -10846000,
      "gross_margin": 0.2869749648794461,
      "op_margin": 0.071147149400777,
      "fcf_margin": 0.06125390673262162,
      "fcf_margin_change": -0.0040575873926737074
    },
    {
      "date": "2021-06-30T00:00:00",
      "quarter_label": "2021-06 (Q2)",
      "revenue": 488098000,
      "gross_profit": 151886000,
      "operating_income": 53603000,
      "net_income": 37213000,
      "opex": 98283000,
      "cogs": 336212000,
      "rd": null,
      "sga": null,
      "fcf": 36385000,
      "ocf": 45817000,
      "capex": -9432000,
      "gross_margin": 0.31117931235120816,
      "op_margin": 0.10982015906641698,
      "fcf_margin": 0.07454445623624764,
      "op_leverage_ratio": 2.7869749695109927,
      "fcf_margin_change": 0.013290549503626022
    },
    {
      "date": "2021-09-30T00:00:00",
      "quarter_label": "2021-09 (Q3)",
      "revenue": 509763000,
      "gross_profit": 155884000,
      "operating_income": 54416000,
      "net_income": 34892000,
      "opex": 101468000,
      "cogs": 353879000,
      "rd": null,
      "sga": null,
      "fcf": 25423000,
      "ocf": 33043000,
      "capex": -7620000,
      "gross_margin": 0.30579700762903544,
      "op_margin": 0.10674764547446558,
      "fcf_margin": 0.04987219551046271,
      "op_leverage_ratio": 1.369684789926217,
      "fcf_margin_change": -0.024672260725784934
    },
    {
      "date": "2021-12-31T00:00:00",
      "quarter_label": "2021-12 (Q4)",
      "revenue": 533723000,
      "gross_profit": 156322000,
      "operating_income": 48765000,
      "net_income": 29367000,
      "opex": 107557000,
      "cogs": 377401000,
      "rd": null,
      "sga": null,
      "fcf": 12720000,
      "ocf": 21822000,
      "capex": -9102000,
      "gross_margin": 0.2928897574209843,
      "op_margin": 0.09136761953297871,
      "fcf_margin": 0.023832587315892325,
      "incr_op_margin_yoy": 0.04186268346087974,
      "rev_growth_yoy": 0.20897050529029218,
      "op_leverage_ratio": 0.7832522117299219,
      "fcf_margin_change": -0.026039608194570383
    },
    {
      "date": "2022-03-31T00:00:00",
      "quarter_label": "2022-03 (Q1)",
      "revenue": 587492000,
      "gross_profit": 172403000,
      "operating_income": 56970000,
      "net_income": 33822000,
      "opex": 115433000,
      "cogs": 415089000,
      "rd": null,
      "sga": null,
      "fcf": 37863000,
      "ocf": 48225000,
      "capex": -10362000,
      "gross_margin": 0.29345591088899936,
      "op_margin": 0.09697153322938866,
      "fcf_margin": 0.06444853717157,
      "incr_op_margin_yoy": 0.17200483958890087,
      "rev_growth_yoy": 0.3441722760406895,
      "rev_growth_yoy_accel": 0.13520177075039733,
      "op_leverage_ratio": 1.3757800700990568,
      "fcf_margin_change": 0.040615949855677666
    },
    {
      "date": "2022-06-30T00:00:00",
      "quarter_label": "2022-06 (Q2)",
      "revenue": 676749000,
      "gross_profit": 216709000,
      "operating_income": 92047000,
      "net_income": 59904000,
      "opex": 124662000,
      "cogs": 460040000,
      "rd": null,
      "sga": null,
      "fcf": 37084000,
      "ocf": 51234000,
      "capex": -14150000,
      "gross_margin": 0.32022064310401643,
      "op_margin": 0.13601349983524172,
      "fcf_margin": 0.054797273435202715,
      "incr_op_margin_yoy": 0.2037837064208512,
      "rev_growth_yoy": 0.38650230076746883,
      "rev_growth_yoy_accel": 0.042330024726779325,
      "op_leverage_ratio": 1.9002715458623765,
      "fcf_margin_change": -0.00965126373636728
    },
    {
      "date": "2022-09-30T00:00:00",
      "quarter_label": "2022-09 (Q3)",
      "revenue": 719114000,
      "gross_profit": 221277000,
      "operating_income": 93911000,
      "net_income": 60978000,
      "opex": 127366000,
      "cogs": 497837000,
      "rd": null,
      "sga": null,
      "fcf": 88508000,
      "ocf": 99208000,
      "capex": -10700000,
      "gross_margin": 0.30770781823187976,
      "op_margin": 0.13059264595043346,
      "fcf_margin": 0.12307923361247312,
      "incr_op_margin_yoy": 0.18865446069041944,
      "rev_growth_yoy": 0.41068300367033306,
      "rev_growth_yoy_accel": 0.024180702902864226,
      "op_leverage_ratio": 2.886070867079009,
      "fcf_margin_change": 0.06828196017727041
    },
    {
      "date": "2022-12-31T00:00:00",
      "quarter_label": "2022-12 (Q4)",
      "revenue": 686489000,
      "gross_profit": 217395000,
      "operating_income": 102483000,
      "net_income": 68724000,
      "opex": 114912000,
      "cogs": 469094000,
      "rd": null,
      "sga": null,
      "fcf": 68845000,
      "ocf": 79233000,
      "capex": -10388000,
      "gross_margin": 0.31667659642033597,
      "op_margin": 0.14928571324522316,
      "fcf_margin": 0.10028565643440754,
      "incr_op_margin_yoy": 0.3516358351989317,
      "rev_growth_yoy": 0.2862271253065729,
      "rev_growth_yoy_accel": -0.12445587836376015,
      "fcf_margin_change": -0.022793577178065585
    },
    {
      "date": "2023-03-31T00:00:00",
      "quarter_label": "2023-03 (Q1)",
      "revenue": 659309000,
      "gross_profit": 210422000,
      "operating_income": 76876000,
      "net_income": 49274000,
      "opex": 133500000,
      "cogs": 448887000,
      "rd": null,
      "sga": null,
      "fcf": 58900000,
      "ocf": 73800000,
      "capex": -14900000,
      "gross_margin": 0.3191553581097786,
      "op_margin": 0.1166008654515561,
      "fcf_margin": 0.08933595628150079,
      "incr_op_margin_yoy": 0.2771767130345183,
      "rev_growth_yoy": 0.1222433667181851,
      "rev_growth_yoy_accel": -0.16398375858838782,
      "fcf_margin_change": -0.01094970015290675
    },
    {
      "date": "2023-06-30T00:00:00",
      "quarter_label": "2023-06 (Q2)",
      "revenue": 692100000,
      "gross_profit": 232475000,
      "operating_income": 92333000,
      "net_income": 61597000,
      "opex": 140200000,
      "cogs": 459625000,
      "rd": null,
      "sga": null,
      "fcf": 50900000,
      "ocf": 64300000,
      "capex": -13400000,
      "gross_margin": 0.3358979916197081,
      "op_margin": 0.13340991186244763,
      "fcf_margin": 0.07354428550787459,
      "incr_op_margin_yoy": 0.018630708097192365,
      "rev_growth_yoy": 0.022683446890944797,
      "rev_growth_yoy_accel": -0.0995599198272403,
      "op_leverage_ratio": 0.9909964985276422,
      "fcf_margin_change": -0.0157916707736262
    },
    {
      "date": "2023-09-30T00:00:00",
      "quarter_label": "2023-09 (Q3)",
      "revenue": 706465000,
      "gross_profit": 242094000,
      "operating_income": 102308000,
      "net_income": 67992000,
      "opex": 139800000,
      "cogs": 464371000,
      "rd": null,
      "sga": null,
      "fcf": 93800000,
      "ocf": 112400000,
      "capex": -18600000,
      "gross_margin": 0.34268364320950084,
      "op_margin": 0.14481679913371504,
      "fcf_margin": 0.13277373967570935,
      "incr_op_margin_yoy": -0.663846944422484,
      "rev_growth_yoy": -0.01758970065942257,
      "rev_growth_yoy_accel": -0.040273147550367365,
      "op_leverage_ratio": Infinity,
      "fcf_margin_change": 0.05922945416783476
    },
    {
      "date": "2023-12-31T00:00:00",
      "quarter_label": "2023-12 (Q4)",
      "revenue": 720726000,
      "gross_profit": 245709000,
      "operating_income": 97583000,
      "net_income": 64837000,
      "opex": 148100000,
      "cogs": 475017000,
      "rd": null,
      "sga": null,
      "fcf": 75000000,
      "ocf": 89700000,
      "capex": -14700000,
      "gross_margin": 0.3409187402702275,
      "op_margin": 0.13539542072854316,
      "fcf_margin": 0.104061737747771,
      "incr_op_margin_yoy": -0.1431200163565733,
      "rev_growth_yoy": 0.04987261267114258,
      "rev_growth_yoy_accel": 0.06746231333056515,
      "op_leverage_ratio": 0.34000743051331683,
      "fcf_margin_change": -0.028712001927938352
    },
    {
      "date": "2024-03-31T00:00:00",
      "quarter_label": "2024-03 (Q1)",
      "revenue": 692900000,
      "gross_profit": 234500000,
      "operating_income": 87900000,
      "net_income": 55900000,
      "opex": 146600000,
      "cogs": 458400000,
      "rd": null,
      "sga": null,
      "fcf": 63000000,
      "ocf": 84800000,
      "capex": -21800000,
      "gross_margin": 0.33843267426757107,
      "op_margin": 0.12685813248665032,
      "fcf_margin": 0.0909222109972579,
      "incr_op_margin_yoy": 0.3281831442946027,
      "rev_growth_yoy": 0.05094879639137339,
      "rev_growth_yoy_accel": 0.001076183720230807,
      "fcf_margin_change": -0.013139526750513095
    },
    {
      "date": "2024-06-30T00:00:00",
      "quarter_label": "2024-06 (Q2)",
      "revenue": 737600000,
      "gross_profit": 251400000,
      "operating_income": 94800000,
      "net_income": 65200000,
      "opex": 156600000,
      "cogs": 486200000,
      "rd": null,
      "sga": null,
      "fcf": 58200000,
      "ocf": 79000000,
      "capex": -20800000,
      "gross_margin": 0.3408351409978308,
      "op_margin": 0.12852494577006507,
      "fcf_margin": 0.07890455531453362,
      "incr_op_margin_yoy": 0.05421978021978022,
      "rev_growth_yoy": 0.06574194480566392,
      "rev_growth_yoy_accel": 0.014793148414290531,
      "op_leverage_ratio": 0.9457382017607159,
      "fcf_margin_change": -0.012017655682724282
    },
    {
      "date": "2024-09-30T00:00:00",
      "quarter_label": "2024-09 (Q3)",
      "revenue": 760600000,
      "gross_profit": 256800000,
      "operating_income": 101300000,
      "net_income": 68600000,
      "opex": 155500000,
      "cogs": 503800000,
      "rd": null,
      "sga": null,
      "fcf": 77300000,
      "ocf": 101400000,
      "capex": -24100000,
      "gross_margin": 0.33762818827241653,
      "op_margin": 0.1331843281619774,
      "fcf_margin": 0.10163029187483566,
      "incr_op_margin_yoy": -0.018620116375727348,
      "rev_growth_yoy": 0.07662799997169004,
      "rev_growth_yoy_accel": 0.010886055166026115,
      "op_leverage_ratio": Infinity,
      "fcf_margin_change": 0.022725736560302037
    },
    {
      "date": "2024-12-31T00:00:00",
      "quarter_label": "2024-12 (Q4)",
      "revenue": 750200000,
      "gross_profit": 251800000,
      "operating_income": 98500000,
      "net_income": 66900000,
      "opex": 153300000,
      "cogs": 498400000,
      "rd": null,
      "sga": null,
      "fcf": 52900000,
      "ocf": 74800000,
      "capex": -21900000,
      "gross_margin": 0.33564382831245,
      "op_margin": 0.13129832044788056,
      "fcf_margin": 0.07051452945881098,
      "incr_op_margin_yoy": 0.031112166655357265,
      "rev_growth_yoy": 0.040894875445037365,
      "rev_growth_yoy_accel": -0.03573312452665267,
      "fcf_margin_change": -0.031115762416024678
    },
    {
      "date": "2025-03-31T00:00:00",
      "quarter_label": "2025-03 (Q1)",
      "revenue": 684800000,
      "gross_profit": 223700000,
      "operating_income": 69800000,
      "net_income": 45400000,
      "opex": 153900000,
      "cogs": 461100000,
      "rd": null,
      "sga": null,
      "fcf": 71900000,
      "ocf": 92100000,
      "capex": -20200000,
      "gross_margin": 0.3266647196261682,
      "op_margin": 0.10192757009345794,
      "fcf_margin": 0.10499415887850468,
      "incr_op_margin_yoy": 2.234567901234568,
      "rev_growth_yoy": -0.011689998556790301,
      "rev_growth_yoy_accel": -0.05258487400182767,
      "fcf_margin_change": 0.034479629419693694
    },
    {
      "date": "2025-06-30T00:00:00",
      "quarter_label": "2025-06 (Q2)",
      "revenue": 760300000,
      "gross_profit": 259900000,
      "operating_income": 101000000,
      "net_income": 69000000,
      "opex": 158900000,
      "cogs": 500400000,
      "rd": null,
      "sga": null,
      "fcf": 74800000,
      "ocf": 90400000,
      "capex": -15600000,
      "gross_margin": 0.34183874786268575,
      "op_margin": 0.1328422990924635,
      "fcf_margin": 0.09838221754570564,
      "incr_op_margin_yoy": 0.27312775330396477,
      "rev_growth_yoy": 0.030775488069414318,
      "rev_growth_yoy_accel": 0.04246548662620462,
      "op_leverage_ratio": 3.3935309579439252,
      "fcf_margin_change": -0.0066119413327990345
    },
    {
      "date": "2025-09-30T00:00:00",
      "quarter_label": "2025-09 (Q3)",
      "revenue": 778200000,
      "gross_profit": 264200000,
      "operating_income": 106800000,
      "net_income": 74400000,
      "opex": 157400000,
      "cogs": 514000000,
      "rd": null,
      "sga": null,
      "fcf": 104800000,
      "ocf": 124000000,
      "capex": -19200000,
      "gross_margin": 0.33950141351837576,
      "op_margin": 0.13723978411719354,
      "fcf_margin": 0.13466975070675918,
      "incr_op_margin_yoy": 0.3125,
      "rev_growth_yoy": 0.0231396266105706,
      "rev_growth_yoy_accel": -0.007635861458843717,
      "op_leverage_ratio": Infinity,
      "fcf_margin_change": 0.03628753316105354
    }
  ],
  "signals": [
    {
      "quarter": "2025-09 (Q3)",
      "signal": "INCREMENTAL MARGIN (YoY)",
      "detail": "YoY Incr OPM: +31.2% vs year-ago OPM: +13.3%",
      "severity": "MEDIUM"
    },
    {
      "quarter": "2025-06 (Q2)",
      "signal": "OPERATING LEVERAGE",
      "detail": "Rev growth +11.0% vs OpEx growth +3.2% (leverage: 3.4x)",
      "severity": "MEDIUM"
    },
    {
      "quarter": "2025-06 (Q2)",
      "signal": "INCREMENTAL MARGIN (YoY)",
      "detail": "YoY Incr OPM: +27.3% vs year-ago OPM: +12.9%",
      "severity": "MEDIUM"
    },
    {
      "quarter": "2025-03 (Q1)",
      "signal": "YoY REVENUE GROWTH DECELERATION",
      "detail": "YoY growth: -1.2% vs prior quarter YoY: +4.1% (decel: -5.3%)",
      "severity": "WARNING"
    },
    {
      "quarter": "2025-03 (Q1)",
      "signal": "INCREMENTAL MARGIN (YoY)",
      "detail": "YoY Incr OPM: +223.5% vs year-ago OPM: +12.7%",
      "severity": "HIGH"
    },
    {
      "quarter": "2024-03 (Q1)",
      "signal": "INCREMENTAL MARGIN (YoY)",
      "detail": "YoY Incr OPM: +32.8% vs year-ago OPM: +11.7%",
      "severity": "HIGH"
    },
    {
      "quarter": "2023-12 (Q4)",
      "signal": "YoY REVENUE GROWTH ACCELERATION",
      "detail": "YoY growth: +5.0% vs prior quarter YoY: -1.8% (accel: +6.7%)",
      "severity": "MEDIUM"
    },
    {
      "quarter": "2023-09 (Q3)",
      "signal": "FCF MARGIN EXPANSION",
      "detail": "FCF margin: +7.4% -> +13.3% (+5.9%)",
      "severity": "MEDIUM"
    },
    {
      "quarter": "2023-06 (Q2)",
      "signal": "YoY REVENUE GROWTH DECELERATION",
      "detail": "YoY growth: +2.3% vs prior quarter YoY: +12.2% (decel: -10.0%)",
      "severity": "WARNING"
    },
    {
      "quarter": "2023-03 (Q1)",
      "signal": "YoY REVENUE GROWTH DECELERATION",
      "detail": "YoY growth: +12.2% vs prior quarter YoY: +28.6% (decel: -16.4%)",
      "severity": "WARNING"
    },
    {
      "quarter": "2023-03 (Q1)",
      "signal": "INCREMENTAL MARGIN (YoY)",
      "detail": "YoY Incr OPM: +27.7% vs year-ago OPM: +9.7%",
      "severity": "MEDIUM"
    },
    {
      "quarter": "2022-12 (Q4)",
      "signal": "YoY REVENUE GROWTH DECELERATION",
      "detail": "YoY growth: +28.6% vs prior quarter YoY: +41.1% (decel: -12.4%)",
      "severity": "WARNING"
    },
    {
      "quarter": "2022-12 (Q4)",
      "signal": "INCREMENTAL MARGIN (YoY)",
      "detail": "YoY Incr OPM: +35.2% vs year-ago OPM: +9.1%",
      "severity": "HIGH"
    },
    {
      "quarter": "2022-09 (Q3)",
      "signal": "FCF MARGIN EXPANSION",
      "detail": "FCF margin: +5.5% -> +12.3% (+6.8%)",
      "severity": "MEDIUM"
    },
    {
      "quarter": "2022-09 (Q3)",
      "signal": "OPERATING LEVERAGE",
      "detail": "Rev growth +6.3% vs OpEx growth +2.2% (leverage: 2.9x)",
      "severity": "MEDIUM"
    },
    {
      "quarter": "2022-06 (Q2)",
      "signal": "OPERATING LEVERAGE",
      "detail": "Rev growth +15.2% vs OpEx growth +8.0% (leverage: 1.9x)",
      "severity": "MEDIUM"
    },
    {
      "quarter": "2022-03 (Q1)",
      "signal": "YoY REVENUE GROWTH ACCELERATION",
      "detail": "YoY growth: +34.4% vs prior quarter YoY: +20.9% (accel: +13.5%)",
      "severity": "MEDIUM"
    },
    {
      "quarter": "2022-03 (Q1)",
      "signal": "INCREMENTAL MARGIN (YoY)",
      "detail": "YoY Incr OPM: +17.2% vs year-ago OPM: +7.1%",
      "severity": "MEDIUM"
    },
    {
      "quarter": "2021-06 (Q2)",
      "signal": "OPERATING LEVERAGE",
      "detail": "Rev growth +11.7% vs OpEx growth +4.2% (leverage: 2.8x)",
      "severity": "MEDIUM"
    },
    {
      "quarter": "2021-06 (Q2)",
      "signal": "GROSS MARGIN INFLECTION",
      "detail": "GM: +30.6% -> +28.7% -> +31.1% (reversal +2.4%)",
      "severity": "MEDIUM"
    }
  ],
  "data_quality": {
    "n_quarters": 20,
    "coverage": {
      "revenue": [
        20,
        20
      ],
      "gross_profit": [
        20,
        20
      ],
      "op_income": [
        20,
        20
      ],
      "fcf": [
        20,
        20
      ]
    },
    "gaps": [],
    "warnings": []
  },
  "market_cap": null,
  "source": "SEC EDGAR",
  "last_updated": "2026-02-02T20:46:19.877009",
  "sector": "Consumer Cyclical",
  "industry": "Residential Construction"
}