{
  "ticker": "ICE",
  "name": "INTERCONTINENTAL EXCHANGE, INC.",
  "quarters": [
    {
      "date": "2020-12-31T00:00:00",
      "quarter_label": "2020-12 (Q4)",
      "revenue": 2233000000,
      "gross_profit": null,
      "operating_income": 780000000,
      "net_income": 526000000,
      "opex": 891000000,
      "cogs": null,
      "rd": null,
      "sga": 53000000,
      "fcf": 973000000,
      "ocf": 1066000000,
      "capex": -93000000,
      "gross_margin": null,
      "op_margin": 0.3493058665472459,
      "fcf_margin": 0.43573667711598746
    },
    {
      "date": "2021-03-31T00:00:00",
      "quarter_label": "2021-03 (Q1)",
      "revenue": 2429000000,
      "gross_profit": null,
      "operating_income": 892000000,
      "net_income": 646000000,
      "opex": 905000000,
      "cogs": null,
      "rd": null,
      "sga": 51000000,
      "fcf": 694000000,
      "ocf": 734000000,
      "capex": -40000000,
      "gross_margin": null,
      "op_margin": 0.36722931247426926,
      "fcf_margin": 0.2857142857142857,
      "op_leverage_ratio": 5.586206896551723,
      "fcf_margin_change": -0.15002239140170176
    },
    {
      "date": "2021-06-30T00:00:00",
      "quarter_label": "2021-06 (Q2)",
      "revenue": 2134000000,
      "gross_profit": null,
      "operating_income": 799000000,
      "net_income": 1252000000,
      "opex": 908000000,
      "cogs": null,
      "rd": null,
      "sga": 60000000,
      "fcf": 818000000,
      "ocf": 873000000,
      "capex": -55000000,
      "gross_margin": null,
      "op_margin": 0.3744142455482662,
      "fcf_margin": 0.38331771321462044,
      "fcf_margin_change": 0.09760342750033474
    },
    {
      "date": "2021-09-30T00:00:00",
      "quarter_label": "2021-09 (Q3)",
      "revenue": 2277000000,
      "gross_profit": null,
      "operating_income": 878000000,
      "net_income": 633000000,
      "opex": 924000000,
      "cogs": null,
      "rd": null,
      "sga": 52000000,
      "fcf": 501000000,
      "ocf": 523000000,
      "capex": -22000000,
      "gross_margin": null,
      "op_margin": 0.38559508124725517,
      "fcf_margin": 0.22002635046113306,
      "op_leverage_ratio": 3.802835051546391,
      "fcf_margin_change": -0.16329136275348738
    },
    {
      "date": "2021-12-31T00:00:00",
      "quarter_label": "2021-12 (Q4)",
      "revenue": 2328000000,
      "gross_profit": null,
      "operating_income": 880000000,
      "net_income": 1527000000,
      "opex": 960000000,
      "cogs": null,
      "rd": null,
      "sga": 52000000,
      "fcf": 931000000,
      "ocf": 993000000,
      "capex": -62000000,
      "gross_margin": null,
      "op_margin": 0.37800687285223367,
      "fcf_margin": 0.39991408934707906,
      "incr_op_margin_yoy": 1.0526315789473684,
      "rev_growth_yoy": 0.04254366323331841,
      "op_leverage_ratio": 0.5748792270531401,
      "fcf_margin_change": 0.179887738885946
    },
    {
      "date": "2022-03-31T00:00:00",
      "quarter_label": "2022-03 (Q1)",
      "revenue": 2459000000,
      "gross_profit": null,
      "operating_income": 992000000,
      "net_income": 657000000,
      "opex": 907000000,
      "cogs": null,
      "rd": null,
      "sga": 55000000,
      "fcf": 720000000,
      "ocf": 756000000,
      "capex": -36000000,
      "gross_margin": null,
      "op_margin": 0.40341602277348515,
      "fcf_margin": 0.2928019520130134,
      "incr_op_margin_yoy": 3.3333333333333335,
      "rev_growth_yoy": 0.012350761630300536,
      "rev_growth_yoy_accel": -0.030192901603017873,
      "op_leverage_ratio": Infinity,
      "fcf_margin_change": -0.10711213733406566
    },
    {
      "date": "2022-06-30T00:00:00",
      "quarter_label": "2022-06 (Q2)",
      "revenue": 2413000000,
      "gross_profit": null,
      "operating_income": 869000000,
      "net_income": 555000000,
      "opex": 945000000,
      "cogs": null,
      "rd": null,
      "sga": 57000000,
      "fcf": 935000000,
      "ocf": 969000000,
      "capex": -34000000,
      "gross_margin": null,
      "op_margin": 0.3601326150020721,
      "fcf_margin": 0.3874844591794447,
      "incr_op_margin_yoy": 0.25089605734767023,
      "rev_growth_yoy": 0.13074039362699155,
      "rev_growth_yoy_accel": 0.11838963199669102,
      "fcf_margin_change": 0.09468250716643128
    },
    {
      "date": "2022-09-30T00:00:00",
      "quarter_label": "2022-09 (Q3)",
      "revenue": 2387000000,
      "gross_profit": null,
      "operating_income": 913000000,
      "net_income": -191000000,
      "opex": 898000000,
      "cogs": null,
      "rd": null,
      "sga": 54000000,
      "fcf": 682000000,
      "ocf": 737000000,
      "capex": -55000000,
      "gross_margin": null,
      "op_margin": 0.3824884792626728,
      "fcf_margin": 0.2857142857142857,
      "incr_op_margin_yoy": 0.3181818181818182,
      "rev_growth_yoy": 0.04830917874396135,
      "rev_growth_yoy_accel": -0.08243121488303021,
      "fcf_margin_change": -0.10177017346515899
    },
    {
      "date": "2022-12-31T00:00:00",
      "quarter_label": "2022-12 (Q4)",
      "revenue": 2377000000,
      "gross_profit": null,
      "operating_income": 864000000,
      "net_income": 425000000,
      "opex": 904000000,
      "cogs": null,
      "rd": null,
      "sga": 60000000,
      "fcf": 992000000,
      "ocf": 1092000000,
      "capex": -100000000,
      "gross_margin": null,
      "op_margin": 0.3634833824148086,
      "fcf_margin": 0.41733277240218764,
      "incr_op_margin_yoy": -0.32653061224489793,
      "rev_growth_yoy": 0.02104810996563574,
      "rev_growth_yoy_accel": -0.02726106877832561,
      "fcf_margin_change": 0.13161848668790194
    },
    {
      "date": "2023-03-31T00:00:00",
      "quarter_label": "2023-03 (Q1)",
      "revenue": 2472000000,
      "gross_profit": null,
      "operating_income": 969000000,
      "net_income": 655000000,
      "opex": 927000000,
      "cogs": null,
      "rd": null,
      "sga": 74000000,
      "fcf": 632000000,
      "ocf": 653000000,
      "capex": -21000000,
      "gross_margin": null,
      "op_margin": 0.3919902912621359,
      "fcf_margin": 0.255663430420712,
      "incr_op_margin_yoy": -1.7692307692307692,
      "rev_growth_yoy": 0.005286701911346075,
      "rev_growth_yoy_accel": -0.015761408054289664,
      "op_leverage_ratio": 1.570851091072049,
      "fcf_margin_change": -0.16166934198147564
    },
    {
      "date": "2023-06-30T00:00:00",
      "quarter_label": "2023-06 (Q2)",
      "revenue": 2336000000,
      "gross_profit": null,
      "operating_income": 955000000,
      "net_income": 799000000,
      "opex": 933000000,
      "cogs": null,
      "rd": null,
      "sga": 63000000,
      "fcf": 1112000000,
      "ocf": 1152000000,
      "capex": -40000000,
      "gross_margin": null,
      "op_margin": 0.4088184931506849,
      "fcf_margin": 0.476027397260274,
      "incr_op_margin_yoy": -1.1168831168831168,
      "rev_growth_yoy": -0.031910484873601326,
      "rev_growth_yoy_accel": -0.0371971867849474,
      "fcf_margin_change": 0.220363966839562
    },
    {
      "date": "2023-09-30T00:00:00",
      "quarter_label": "2023-09 (Q3)",
      "revenue": 2429000000,
      "gross_profit": null,
      "operating_income": 845000000,
      "net_income": 541000000,
      "opex": 1158000000,
      "cogs": null,
      "rd": null,
      "sga": 59000000,
      "fcf": 725000000,
      "ocf": 768000000,
      "capex": -43000000,
      "gross_margin": null,
      "op_margin": 0.34787978592013175,
      "fcf_margin": 0.2984767393989296,
      "incr_op_margin_yoy": -1.619047619047619,
      "rev_growth_yoy": 0.017595307917888565,
      "rev_growth_yoy_accel": 0.049505792791489894,
      "op_leverage_ratio": 0.16508561643835615,
      "fcf_margin_change": -0.17755065786134439
    },
    {
      "date": "2023-12-31T00:00:00",
      "quarter_label": "2023-12 (Q4)",
      "revenue": 2666000000,
      "gross_profit": null,
      "operating_income": 925000000,
      "net_income": 373000000,
      "opex": 1276000000,
      "cogs": null,
      "rd": null,
      "sga": 70000000,
      "fcf": 883000000,
      "ocf": 969000000,
      "capex": -86000000,
      "gross_margin": null,
      "op_margin": 0.3469617404351088,
      "fcf_margin": 0.3312078019504876,
      "incr_op_margin_yoy": 0.21107266435986158,
      "rev_growth_yoy": 0.12158182583087926,
      "rev_growth_yoy_accel": 0.1039865179129907,
      "op_leverage_ratio": 0.9575189622569098,
      "fcf_margin_change": 0.032731062551558
    },
    {
      "date": "2024-03-31T00:00:00",
      "quarter_label": "2024-03 (Q1)",
      "revenue": 2801000000,
      "gross_profit": null,
      "operating_income": 1063000000,
      "net_income": 767000000,
      "opex": 1227000000,
      "cogs": null,
      "rd": null,
      "sga": 78000000,
      "fcf": 951000000,
      "ocf": 1009000000,
      "capex": -58000000,
      "gross_margin": null,
      "op_margin": 0.379507318814709,
      "fcf_margin": 0.3395215994287754,
      "incr_op_margin_yoy": 0.2857142857142857,
      "rev_growth_yoy": 0.13309061488673138,
      "rev_growth_yoy_accel": 0.01150878905585212,
      "op_leverage_ratio": Infinity,
      "fcf_margin_change": 0.00831379747828781
    },
    {
      "date": "2024-06-30T00:00:00",
      "quarter_label": "2024-06 (Q2)",
      "revenue": 2897000000,
      "gross_profit": null,
      "operating_income": 1066000000,
      "net_income": 632000000,
      "opex": 1251000000,
      "cogs": null,
      "rd": null,
      "sga": 100000000,
      "fcf": 1121000000,
      "ocf": 1196000000,
      "capex": -75000000,
      "gross_margin": null,
      "op_margin": 0.36796686227131514,
      "fcf_margin": 0.38695201933034173,
      "incr_op_margin_yoy": 0.19786096256684493,
      "rev_growth_yoy": 0.2401541095890411,
      "rev_growth_yoy_accel": 0.10706349470230972,
      "op_leverage_ratio": 1.7522313459478758,
      "fcf_margin_change": 0.04743041990156632
    },
    {
      "date": "2024-09-30T00:00:00",
      "quarter_label": "2024-09 (Q3)",
      "revenue": 3033000000,
      "gross_profit": null,
      "operating_income": 1103000000,
      "net_income": 657000000,
      "opex": 1246000000,
      "cogs": null,
      "rd": null,
      "sga": 54000000,
      "fcf": 819000000,
      "ocf": 898000000,
      "capex": -79000000,
      "gross_margin": null,
      "op_margin": 0.36366633696010553,
      "fcf_margin": 0.27002967359050445,
      "incr_op_margin_yoy": 0.4271523178807947,
      "rev_growth_yoy": 0.2486620008233841,
      "rev_growth_yoy_accel": 0.008507891234343007,
      "op_leverage_ratio": Infinity,
      "fcf_margin_change": -0.11692234573983729
    },
    {
      "date": "2024-12-31T00:00:00",
      "quarter_label": "2024-12 (Q4)",
      "revenue": 3030000000,
      "gross_profit": null,
      "operating_income": 1077000000,
      "net_income": 698000000,
      "opex": 1246000000,
      "cogs": null,
      "rd": null,
      "sga": 75000000,
      "fcf": 1312000000,
      "ocf": 1506000000,
      "capex": -194000000,
      "gross_margin": null,
      "op_margin": 0.35544554455445543,
      "fcf_margin": 0.433003300330033,
      "incr_op_margin_yoy": 0.4175824175824176,
      "rev_growth_yoy": 0.13653413353338334,
      "rev_growth_yoy_accel": -0.11212786729000077,
      "fcf_margin_change": 0.16297362673952853
    },
    {
      "date": "2025-03-31T00:00:00",
      "quarter_label": "2025-03 (Q1)",
      "revenue": 3229000000,
      "gross_profit": null,
      "operating_income": 1221000000,
      "net_income": 797000000,
      "opex": 1252000000,
      "cogs": null,
      "rd": null,
      "sga": 76000000,
      "fcf": 881000000,
      "ocf": 966000000,
      "capex": -85000000,
      "gross_margin": null,
      "op_margin": 0.37813564571074637,
      "fcf_margin": 0.2728398885103747,
      "incr_op_margin_yoy": 0.3691588785046729,
      "rev_growth_yoy": 0.15280257051053195,
      "rev_growth_yoy_accel": 0.01626843697714861,
      "op_leverage_ratio": 13.638833883388338,
      "fcf_margin_change": -0.16016341181965826
    },
    {
      "date": "2025-06-30T00:00:00",
      "quarter_label": "2025-06 (Q2)",
      "revenue": 3262000000,
      "gross_profit": null,
      "operating_income": 1297000000,
      "net_income": 851000000,
      "opex": 1246000000,
      "cogs": null,
      "rd": null,
      "sga": 66000000,
      "fcf": 1446000000,
      "ocf": 1506000000,
      "capex": -60000000,
      "gross_margin": null,
      "op_margin": 0.39760882893930105,
      "fcf_margin": 0.4432863274064991,
      "incr_op_margin_yoy": 0.6328767123287671,
      "rev_growth_yoy": 0.1259924059371764,
      "rev_growth_yoy_accel": -0.026810164573355555,
      "op_leverage_ratio": Infinity,
      "fcf_margin_change": 0.17044643889612437
    },
    {
      "date": "2025-09-30T00:00:00",
      "quarter_label": "2025-09 (Q3)",
      "revenue": 3007000000,
      "gross_profit": null,
      "operating_income": 1174000000,
      "net_income": 816000000,
      "opex": 1237000000,
      "cogs": null,
      "rd": null,
      "sga": 77000000,
      "fcf": 853000000,
      "ocf": 915000000,
      "capex": -62000000,
      "gross_margin": null,
      "op_margin": 0.390422347855005,
      "fcf_margin": 0.2836714333222481,
      "incr_op_margin_yoy": -2.730769230769231,
      "rev_growth_yoy": -0.008572370590174745,
      "rev_growth_yoy_accel": -0.13456477652735113,
      "fcf_margin_change": -0.159614894084251
    }
  ],
  "signals": [
    {
      "quarter": "2025-09 (Q3)",
      "signal": "YoY REVENUE GROWTH DECELERATION",
      "detail": "YoY growth: -0.9% vs prior quarter YoY: +12.6% (decel: -13.5%)",
      "severity": "WARNING"
    },
    {
      "quarter": "2025-06 (Q2)",
      "signal": "FCF MARGIN EXPANSION",
      "detail": "FCF margin: +27.3% -> +44.3% (+17.0%)",
      "severity": "MEDIUM"
    },
    {
      "quarter": "2025-06 (Q2)",
      "signal": "INCREMENTAL MARGIN (YoY)",
      "detail": "YoY Incr OPM: +63.3% vs year-ago OPM: +36.8%",
      "severity": "HIGH"
    },
    {
      "quarter": "2025-03 (Q1)",
      "signal": "OPERATING LEVERAGE",
      "detail": "Rev growth +6.6% vs OpEx growth +0.5% (leverage: 13.6x)",
      "severity": "MEDIUM"
    },
    {
      "quarter": "2024-12 (Q4)",
      "signal": "FCF MARGIN EXPANSION",
      "detail": "FCF margin: +27.0% -> +43.3% (+16.3%)",
      "severity": "MEDIUM"
    },
    {
      "quarter": "2024-12 (Q4)",
      "signal": "YoY REVENUE GROWTH DECELERATION",
      "detail": "YoY growth: +13.7% vs prior quarter YoY: +24.9% (decel: -11.2%)",
      "severity": "WARNING"
    },
    {
      "quarter": "2024-06 (Q2)",
      "signal": "OPERATING LEVERAGE",
      "detail": "Rev growth +3.4% vs OpEx growth +2.0% (leverage: 1.8x)",
      "severity": "MEDIUM"
    },
    {
      "quarter": "2024-06 (Q2)",
      "signal": "YoY REVENUE GROWTH ACCELERATION",
      "detail": "YoY growth: +24.0% vs prior quarter YoY: +13.3% (accel: +10.7%)",
      "severity": "MEDIUM"
    },
    {
      "quarter": "2023-12 (Q4)",
      "signal": "YoY REVENUE GROWTH ACCELERATION",
      "detail": "YoY growth: +12.2% vs prior quarter YoY: +1.8% (accel: +10.4%)",
      "severity": "MEDIUM"
    },
    {
      "quarter": "2023-06 (Q2)",
      "signal": "FCF MARGIN EXPANSION",
      "detail": "FCF margin: +25.6% -> +47.6% (+22.0%)",
      "severity": "MEDIUM"
    },
    {
      "quarter": "2023-03 (Q1)",
      "signal": "OPERATING LEVERAGE",
      "detail": "Rev growth +4.0% vs OpEx growth +2.5% (leverage: 1.6x)",
      "severity": "MEDIUM"
    },
    {
      "quarter": "2022-12 (Q4)",
      "signal": "FCF MARGIN EXPANSION",
      "detail": "FCF margin: +28.6% -> +41.7% (+13.2%)",
      "severity": "MEDIUM"
    },
    {
      "quarter": "2022-09 (Q3)",
      "signal": "YoY REVENUE GROWTH DECELERATION",
      "detail": "YoY growth: +4.8% vs prior quarter YoY: +13.1% (decel: -8.2%)",
      "severity": "WARNING"
    },
    {
      "quarter": "2022-06 (Q2)",
      "signal": "FCF MARGIN EXPANSION",
      "detail": "FCF margin: +29.3% -> +38.7% (+9.5%)",
      "severity": "MEDIUM"
    },
    {
      "quarter": "2022-06 (Q2)",
      "signal": "YoY REVENUE GROWTH ACCELERATION",
      "detail": "YoY growth: +13.1% vs prior quarter YoY: +1.2% (accel: +11.8%)",
      "severity": "MEDIUM"
    },
    {
      "quarter": "2022-03 (Q1)",
      "signal": "INCREMENTAL MARGIN (YoY)",
      "detail": "YoY Incr OPM: +333.3% vs year-ago OPM: +36.7%",
      "severity": "HIGH"
    },
    {
      "quarter": "2021-12 (Q4)",
      "signal": "FCF MARGIN EXPANSION",
      "detail": "FCF margin: +22.0% -> +40.0% (+18.0%)",
      "severity": "MEDIUM"
    },
    {
      "quarter": "2021-12 (Q4)",
      "signal": "INCREMENTAL MARGIN (YoY)",
      "detail": "YoY Incr OPM: +105.3% vs year-ago OPM: +34.9%",
      "severity": "HIGH"
    },
    {
      "quarter": "2021-09 (Q3)",
      "signal": "OPERATING LEVERAGE",
      "detail": "Rev growth +6.7% vs OpEx growth +1.8% (leverage: 3.8x)",
      "severity": "MEDIUM"
    },
    {
      "quarter": "2021-06 (Q2)",
      "signal": "FCF MARGIN EXPANSION",
      "detail": "FCF margin: +28.6% -> +38.3% (+9.8%)",
      "severity": "MEDIUM"
    },
    {
      "quarter": "2021-03 (Q1)",
      "signal": "OPERATING LEVERAGE",
      "detail": "Rev growth +8.8% vs OpEx growth +1.6% (leverage: 5.6x)",
      "severity": "MEDIUM"
    }
  ],
  "data_quality": {
    "n_quarters": 20,
    "coverage": {
      "revenue": [
        20,
        20
      ],
      "gross_profit": [
        0,
        20
      ],
      "op_income": [
        20,
        20
      ],
      "fcf": [
        20,
        20
      ]
    },
    "gaps": [],
    "warnings": [
      "gross_profit: no data"
    ]
  },
  "market_cap": null,
  "source": "SEC EDGAR",
  "last_updated": "2026-02-02T19:50:16.100830"
}