{
  "ticker": "ICR-PA",
  "name": "InPoint Commercial Real Estate Income, Inc.",
  "quarters": [
    {
      "date": "2020-12-31T00:00:00",
      "quarter_label": "2020-12 (Q4)",
      "revenue": 5626000,
      "gross_profit": null,
      "operating_income": null,
      "net_income": 2012000,
      "opex": 4507000,
      "cogs": null,
      "rd": null,
      "sga": null,
      "fcf": 1748000,
      "ocf": 1748000,
      "capex": null,
      "gross_margin": null,
      "op_margin": null,
      "fcf_margin": 0.31070031994312125
    },
    {
      "date": "2021-03-31T00:00:00",
      "quarter_label": "2021-03 (Q1)",
      "revenue": 5425000,
      "gross_profit": null,
      "operating_income": null,
      "net_income": 1365000,
      "opex": 4060000,
      "cogs": null,
      "rd": null,
      "sga": null,
      "fcf": 2155000,
      "ocf": 2155000,
      "capex": null,
      "gross_margin": null,
      "op_margin": null,
      "fcf_margin": 0.3972350230414747,
      "fcf_margin_change": 0.08653470309835343
    },
    {
      "date": "2021-06-30T00:00:00",
      "quarter_label": "2021-06 (Q2)",
      "revenue": 6736000,
      "gross_profit": null,
      "operating_income": null,
      "net_income": 3298000,
      "opex": 3438000,
      "cogs": null,
      "rd": null,
      "sga": null,
      "fcf": 2539000,
      "ocf": 2539000,
      "capex": null,
      "gross_margin": null,
      "op_margin": null,
      "fcf_margin": 0.37692992874109266,
      "op_leverage_ratio": Infinity,
      "fcf_margin_change": -0.02030509430038202
    },
    {
      "date": "2021-09-30T00:00:00",
      "quarter_label": "2021-09 (Q3)",
      "revenue": 7636000,
      "gross_profit": null,
      "operating_income": null,
      "net_income": 2462000,
      "opex": 5174000,
      "cogs": null,
      "rd": null,
      "sga": null,
      "fcf": 5807000,
      "ocf": 5807000,
      "capex": null,
      "gross_margin": null,
      "op_margin": null,
      "fcf_margin": 0.7604766893661603,
      "op_leverage_ratio": 0.26460410805959045,
      "fcf_margin_change": 0.38354676062506765
    },
    {
      "date": "2021-12-31T00:00:00",
      "quarter_label": "2021-12 (Q4)",
      "revenue": 8499000,
      "gross_profit": null,
      "operating_income": null,
      "net_income": 2748000,
      "opex": 5751000,
      "cogs": null,
      "rd": null,
      "sga": null,
      "fcf": 1143000,
      "ocf": 1143000,
      "capex": null,
      "gross_margin": null,
      "op_margin": null,
      "fcf_margin": 0.13448641016590188,
      "rev_growth_yoy": 0.5106647707074298,
      "op_leverage_ratio": 1.0134340390724226,
      "fcf_margin_change": -0.6259902792002584
    },
    {
      "date": "2022-03-31T00:00:00",
      "quarter_label": "2022-03 (Q1)",
      "revenue": 7590000,
      "gross_profit": null,
      "operating_income": null,
      "net_income": 2362000,
      "opex": 5228000,
      "cogs": null,
      "rd": null,
      "sga": null,
      "fcf": 4457000,
      "ocf": 4457000,
      "capex": null,
      "gross_margin": null,
      "op_margin": null,
      "fcf_margin": 0.5872200263504611,
      "rev_growth_yoy": 0.3990783410138249,
      "rev_growth_yoy_accel": -0.11158642969360488,
      "fcf_margin_change": 0.4527336161845592
    },
    {
      "date": "2022-06-30T00:00:00",
      "quarter_label": "2022-06 (Q2)",
      "revenue": 9447000,
      "gross_profit": null,
      "operating_income": null,
      "net_income": 3277000,
      "opex": 6170000,
      "cogs": null,
      "rd": null,
      "sga": null,
      "fcf": 3345000,
      "ocf": 3345000,
      "capex": null,
      "gross_margin": null,
      "op_margin": null,
      "fcf_margin": 0.3540806605271515,
      "rev_growth_yoy": 0.4024643705463183,
      "rev_growth_yoy_accel": 0.0033860295324933953,
      "op_leverage_ratio": 1.3578594026669353,
      "fcf_margin_change": -0.23313936582330963
    },
    {
      "date": "2022-09-30T00:00:00",
      "quarter_label": "2022-09 (Q3)",
      "revenue": 10472000,
      "gross_profit": null,
      "operating_income": null,
      "net_income": 3976000,
      "opex": 6496000,
      "cogs": null,
      "rd": null,
      "sga": null,
      "fcf": 5334000,
      "ocf": 5334000,
      "capex": null,
      "gross_margin": null,
      "op_margin": null,
      "fcf_margin": 0.5093582887700535,
      "rev_growth_yoy": 0.3713986380303824,
      "rev_growth_yoy_accel": -0.031065732515935862,
      "op_leverage_ratio": 2.0535132716524416,
      "fcf_margin_change": 0.15527762824290203
    },
    {
      "date": "2022-12-31T00:00:00",
      "quarter_label": "2022-12 (Q4)",
      "revenue": 10535000,
      "gross_profit": null,
      "operating_income": null,
      "net_income": 564000,
      "opex": 6383000,
      "cogs": null,
      "rd": null,
      "sga": null,
      "fcf": 5380000,
      "ocf": 5380000,
      "capex": null,
      "gross_margin": null,
      "op_margin": null,
      "fcf_margin": 0.5106786900806835,
      "rev_growth_yoy": 0.2395575950111778,
      "rev_growth_yoy_accel": -0.13184104301920463,
      "fcf_margin_change": 0.0013204013106299373
    },
    {
      "date": "2023-03-31T00:00:00",
      "quarter_label": "2023-03 (Q1)",
      "revenue": 9546000,
      "gross_profit": null,
      "operating_income": null,
      "net_income": 4621000,
      "opex": 5324000,
      "cogs": null,
      "rd": null,
      "sga": null,
      "fcf": 1198000,
      "ocf": 1198000,
      "capex": null,
      "gross_margin": null,
      "op_margin": null,
      "fcf_margin": 0.1254975906138697,
      "rev_growth_yoy": 0.25770750988142294,
      "rev_growth_yoy_accel": 0.018149914870245143,
      "fcf_margin_change": -0.3851810994668138
    },
    {
      "date": "2023-06-30T00:00:00",
      "quarter_label": "2023-06 (Q2)",
      "revenue": 11950000,
      "gross_profit": null,
      "operating_income": null,
      "net_income": -15335000,
      "opex": 13899000,
      "cogs": null,
      "rd": null,
      "sga": null,
      "fcf": 5146000,
      "ocf": 5146000,
      "capex": null,
      "gross_margin": null,
      "op_margin": null,
      "fcf_margin": 0.4306276150627615,
      "rev_growth_yoy": 0.2649518365618715,
      "rev_growth_yoy_accel": 0.007244326680448554,
      "op_leverage_ratio": 0.15635686401704438,
      "fcf_margin_change": 0.3051300244488918
    },
    {
      "date": "2023-09-30T00:00:00",
      "quarter_label": "2023-09 (Q3)",
      "revenue": 11091000,
      "gross_profit": null,
      "operating_income": null,
      "net_income": 4992000,
      "opex": 5567000,
      "cogs": null,
      "rd": null,
      "sga": null,
      "fcf": 5982000,
      "ocf": 5982000,
      "capex": null,
      "gross_margin": null,
      "op_margin": null,
      "fcf_margin": 0.5393562347849608,
      "rev_growth_yoy": 0.059110007639419405,
      "rev_growth_yoy_accel": -0.2058418289224521,
      "fcf_margin_change": 0.10872861972219927
    },
    {
      "date": "2023-12-31T00:00:00",
      "quarter_label": "2023-12 (Q4)",
      "revenue": 6190000,
      "gross_profit": null,
      "operating_income": null,
      "net_income": 1284000,
      "opex": 1698000,
      "cogs": null,
      "rd": null,
      "sga": null,
      "fcf": 3869000,
      "ocf": 3869000,
      "capex": null,
      "gross_margin": null,
      "op_margin": null,
      "fcf_margin": 0.6250403877221324,
      "rev_growth_yoy": -0.4124347413383958,
      "rev_growth_yoy_accel": -0.47154474897781523,
      "fcf_margin_change": 0.08568415293717169
    },
    {
      "date": "2024-03-31T00:00:00",
      "quarter_label": "2024-03 (Q1)",
      "revenue": 5636000,
      "gross_profit": null,
      "operating_income": null,
      "net_income": 3399000,
      "opex": 1900000,
      "cogs": null,
      "rd": null,
      "sga": null,
      "fcf": 4164000,
      "ocf": 4164000,
      "capex": null,
      "gross_margin": null,
      "op_margin": null,
      "fcf_margin": 0.7388218594748048,
      "rev_growth_yoy": -0.4095956421537817,
      "rev_growth_yoy_accel": 0.0028390991846141134,
      "fcf_margin_change": 0.11378147175267239
    },
    {
      "date": "2024-06-30T00:00:00",
      "quarter_label": "2024-06 (Q2)",
      "revenue": 5627000,
      "gross_profit": null,
      "operating_income": null,
      "net_income": 4990000,
      "opex": 1723000,
      "cogs": null,
      "rd": null,
      "sga": null,
      "fcf": 3752000,
      "ocf": 3752000,
      "capex": null,
      "gross_margin": null,
      "op_margin": null,
      "fcf_margin": 0.6667851430602453,
      "rev_growth_yoy": -0.5291213389121339,
      "rev_growth_yoy_accel": -0.11952569675835217,
      "fcf_margin_change": -0.07203671641455955
    },
    {
      "date": "2024-09-30T00:00:00",
      "quarter_label": "2024-09 (Q3)",
      "revenue": 6549000,
      "gross_profit": null,
      "operating_income": null,
      "net_income": 615000,
      "opex": 3209000,
      "cogs": null,
      "rd": null,
      "sga": null,
      "fcf": 5486000,
      "ocf": 5486000,
      "capex": null,
      "gross_margin": null,
      "op_margin": null,
      "fcf_margin": 0.8376851427698885,
      "rev_growth_yoy": -0.40952123343251284,
      "rev_growth_yoy_accel": 0.11960010547962102,
      "op_leverage_ratio": 0.18998550776981105,
      "fcf_margin_change": 0.1708999997096432
    },
    {
      "date": "2024-12-31T00:00:00",
      "quarter_label": "2024-12 (Q4)",
      "revenue": 6577000,
      "gross_profit": null,
      "operating_income": null,
      "net_income": 3665000,
      "opex": 3529000,
      "cogs": null,
      "rd": null,
      "sga": null,
      "fcf": 4574000,
      "ocf": 4574000,
      "capex": null,
      "gross_margin": null,
      "op_margin": null,
      "fcf_margin": 0.6954538543408849,
      "rev_growth_yoy": 0.06252019386106623,
      "rev_growth_yoy_accel": 0.47204142729357906,
      "fcf_margin_change": -0.14223128842900357
    },
    {
      "date": "2025-03-31T00:00:00",
      "quarter_label": "2025-03 (Q1)",
      "revenue": 5787000,
      "gross_profit": null,
      "operating_income": null,
      "net_income": 3948000,
      "opex": 3335000,
      "cogs": null,
      "rd": null,
      "sga": null,
      "fcf": 2828000,
      "ocf": 2828000,
      "capex": null,
      "gross_margin": null,
      "op_margin": null,
      "fcf_margin": 0.4886815275617764,
      "rev_growth_yoy": 0.026792051100070973,
      "rev_growth_yoy_accel": -0.03572814276099526,
      "fcf_margin_change": -0.2067723267791085
    },
    {
      "date": "2025-06-30T00:00:00",
      "quarter_label": "2025-06 (Q2)",
      "revenue": 5927000,
      "gross_profit": null,
      "operating_income": null,
      "net_income": 3073000,
      "opex": 4406000,
      "cogs": null,
      "rd": null,
      "sga": null,
      "fcf": 3244000,
      "ocf": 3244000,
      "capex": null,
      "gross_margin": null,
      "op_margin": null,
      "fcf_margin": 0.5473257971992577,
      "rev_growth_yoy": 0.05331437711036076,
      "rev_growth_yoy_accel": 0.026522326010289785,
      "op_leverage_ratio": 0.07533224683226207,
      "fcf_margin_change": 0.05864426963748126
    },
    {
      "date": "2025-09-30T00:00:00",
      "quarter_label": "2025-09 (Q3)",
      "revenue": 5229000,
      "gross_profit": null,
      "operating_income": null,
      "net_income": -7641000,
      "opex": 5344000,
      "cogs": null,
      "rd": null,
      "sga": null,
      "fcf": 2860000,
      "ocf": 2860000,
      "capex": null,
      "gross_margin": null,
      "op_margin": null,
      "fcf_margin": 0.5469497035762096,
      "rev_growth_yoy": -0.2015574896930829,
      "rev_growth_yoy_accel": -0.25487186680344365,
      "fcf_margin_change": -0.00037609362304802385
    }
  ],
  "signals": [
    {
      "quarter": "2025-09 (Q3)",
      "signal": "YoY REVENUE GROWTH DECELERATION",
      "detail": "YoY growth: -20.2% vs prior quarter YoY: +5.3% (decel: -25.5%)",
      "severity": "WARNING"
    },
    {
      "quarter": "2025-06 (Q2)",
      "signal": "FCF MARGIN EXPANSION",
      "detail": "FCF margin: +48.9% -> +54.7% (+5.9%)",
      "severity": "MEDIUM"
    },
    {
      "quarter": "2024-12 (Q4)",
      "signal": "YoY REVENUE GROWTH ACCELERATION",
      "detail": "YoY growth: +6.3% vs prior quarter YoY: -41.0% (accel: +47.2%)",
      "severity": "HIGH"
    },
    {
      "quarter": "2024-09 (Q3)",
      "signal": "FCF MARGIN EXPANSION",
      "detail": "FCF margin: +66.7% -> +83.8% (+17.1%)",
      "severity": "MEDIUM"
    },
    {
      "quarter": "2024-09 (Q3)",
      "signal": "YoY REVENUE GROWTH ACCELERATION",
      "detail": "YoY growth: -41.0% vs prior quarter YoY: -52.9% (accel: +12.0%)",
      "severity": "MEDIUM"
    },
    {
      "quarter": "2024-06 (Q2)",
      "signal": "YoY REVENUE GROWTH DECELERATION",
      "detail": "YoY growth: -52.9% vs prior quarter YoY: -41.0% (decel: -12.0%)",
      "severity": "WARNING"
    },
    {
      "quarter": "2024-03 (Q1)",
      "signal": "FCF MARGIN EXPANSION",
      "detail": "FCF margin: +62.5% -> +73.9% (+11.4%)",
      "severity": "MEDIUM"
    },
    {
      "quarter": "2023-12 (Q4)",
      "signal": "FCF MARGIN EXPANSION",
      "detail": "FCF margin: +53.9% -> +62.5% (+8.6%)",
      "severity": "MEDIUM"
    },
    {
      "quarter": "2023-12 (Q4)",
      "signal": "YoY REVENUE GROWTH DECELERATION",
      "detail": "YoY growth: -41.2% vs prior quarter YoY: +5.9% (decel: -47.2%)",
      "severity": "WARNING"
    },
    {
      "quarter": "2023-09 (Q3)",
      "signal": "FCF MARGIN EXPANSION",
      "detail": "FCF margin: +43.1% -> +53.9% (+10.9%)",
      "severity": "MEDIUM"
    },
    {
      "quarter": "2023-09 (Q3)",
      "signal": "YoY REVENUE GROWTH DECELERATION",
      "detail": "YoY growth: +5.9% vs prior quarter YoY: +26.5% (decel: -20.6%)",
      "severity": "WARNING"
    },
    {
      "quarter": "2023-06 (Q2)",
      "signal": "FCF MARGIN EXPANSION",
      "detail": "FCF margin: +12.5% -> +43.1% (+30.5%)",
      "severity": "MEDIUM"
    },
    {
      "quarter": "2022-12 (Q4)",
      "signal": "YoY REVENUE GROWTH DECELERATION",
      "detail": "YoY growth: +24.0% vs prior quarter YoY: +37.1% (decel: -13.2%)",
      "severity": "WARNING"
    },
    {
      "quarter": "2022-09 (Q3)",
      "signal": "FCF MARGIN EXPANSION",
      "detail": "FCF margin: +35.4% -> +50.9% (+15.5%)",
      "severity": "MEDIUM"
    },
    {
      "quarter": "2022-09 (Q3)",
      "signal": "OPERATING LEVERAGE",
      "detail": "Rev growth +10.9% vs OpEx growth +5.3% (leverage: 2.1x)",
      "severity": "MEDIUM"
    },
    {
      "quarter": "2022-03 (Q1)",
      "signal": "FCF MARGIN EXPANSION",
      "detail": "FCF margin: +13.4% -> +58.7% (+45.3%)",
      "severity": "MEDIUM"
    },
    {
      "quarter": "2022-03 (Q1)",
      "signal": "YoY REVENUE GROWTH DECELERATION",
      "detail": "YoY growth: +39.9% vs prior quarter YoY: +51.1% (decel: -11.2%)",
      "severity": "WARNING"
    },
    {
      "quarter": "2021-09 (Q3)",
      "signal": "FCF MARGIN EXPANSION",
      "detail": "FCF margin: +37.7% -> +76.0% (+38.4%)",
      "severity": "MEDIUM"
    },
    {
      "quarter": "2021-03 (Q1)",
      "signal": "FCF MARGIN EXPANSION",
      "detail": "FCF margin: +31.1% -> +39.7% (+8.7%)",
      "severity": "MEDIUM"
    }
  ],
  "data_quality": {
    "n_quarters": 20,
    "coverage": {
      "revenue": [
        20,
        20
      ],
      "gross_profit": [
        0,
        20
      ],
      "op_income": [
        0,
        20
      ],
      "fcf": [
        20,
        20
      ]
    },
    "gaps": [],
    "warnings": [
      "gross_profit: no data",
      "op_income: no data"
    ]
  },
  "market_cap": null,
  "source": "SEC EDGAR",
  "last_updated": "2026-02-03T00:50:35.138466"
}