{
  "ticker": "IDA",
  "name": "IDACORP, Inc.",
  "quarters": [
    {
      "date": "2020-12-31T00:00:00",
      "quarter_label": "2020-12 (Q4)",
      "revenue": 302541000,
      "gross_profit": null,
      "operating_income": 53742000,
      "net_income": 37507000,
      "opex": 261952000,
      "cogs": null,
      "rd": null,
      "sga": null,
      "fcf": 6563000,
      "ocf": 104101000,
      "capex": -97538000,
      "gross_margin": null,
      "op_margin": 0.17763542792547127,
      "fcf_margin": 0.021692927570147517
    },
    {
      "date": "2021-03-31T00:00:00",
      "quarter_label": "2021-03 (Q1)",
      "revenue": 291327000,
      "gross_profit": null,
      "operating_income": 61109000,
      "net_income": 44831000,
      "opex": 254945000,
      "cogs": null,
      "rd": null,
      "sga": null,
      "fcf": 6369000,
      "ocf": 83662000,
      "capex": -77293000,
      "gross_margin": null,
      "op_margin": 0.20976085292472033,
      "fcf_margin": 0.021862031325623782,
      "fcf_margin_change": 0.0001691037554762652
    },
    {
      "date": "2021-06-30T00:00:00",
      "quarter_label": "2021-06 (Q2)",
      "revenue": 357461000,
      "gross_profit": null,
      "operating_income": 92404000,
      "net_income": 70023000,
      "opex": 267670000,
      "cogs": null,
      "rd": null,
      "sga": null,
      "fcf": 32561000,
      "ocf": 83533000,
      "capex": -50972000,
      "gross_margin": null,
      "op_margin": 0.25850092737389535,
      "fcf_margin": 0.09108965733324755,
      "op_leverage_ratio": 4.548128876008416,
      "fcf_margin_change": 0.06922762600762376
    },
    {
      "date": "2021-09-30T00:00:00",
      "quarter_label": "2021-09 (Q3)",
      "revenue": 434725000,
      "gross_profit": null,
      "operating_income": 124192000,
      "net_income": 97897000,
      "opex": 322752000,
      "cogs": null,
      "rd": null,
      "sga": null,
      "fcf": 67536000,
      "ocf": 136212000,
      "capex": -68676000,
      "gross_margin": null,
      "op_margin": 0.2856794525274599,
      "fcf_margin": 0.15535338432342286,
      "op_leverage_ratio": 1.050360835862356,
      "fcf_margin_change": 0.06426372699017531
    },
    {
      "date": "2021-12-31T00:00:00",
      "quarter_label": "2021-12 (Q4)",
      "revenue": 299139000,
      "gross_profit": null,
      "operating_income": 51946000,
      "net_income": 32798000,
      "opex": 283066000,
      "cogs": null,
      "rd": null,
      "sga": null,
      "fcf": -43201000,
      "ocf": 59857000,
      "capex": -103058000,
      "gross_margin": null,
      "op_margin": 0.173651713751801,
      "fcf_margin": -0.14441781245507943,
      "incr_op_margin_yoy": 0.5279247501469724,
      "rev_growth_yoy": -0.011244756908980932,
      "fcf_margin_change": -0.2997711967785023
    },
    {
      "date": "2022-03-31T00:00:00",
      "quarter_label": "2022-03 (Q1)",
      "revenue": 318182000,
      "gross_profit": null,
      "operating_income": 60668000,
      "net_income": 46260000,
      "opex": 283620000,
      "cogs": null,
      "rd": null,
      "sga": null,
      "fcf": -9536000,
      "ocf": 92999000,
      "capex": -102535000,
      "gross_margin": null,
      "op_margin": 0.1906707481881439,
      "fcf_margin": -0.02997026858841795,
      "incr_op_margin_yoy": -0.016421522993855894,
      "rev_growth_yoy": 0.09218163781592506,
      "rev_growth_yoy_accel": 0.10342639472490599,
      "op_leverage_ratio": 32.5267201465076,
      "fcf_margin_change": 0.11444754386666148
    },
    {
      "date": "2022-06-30T00:00:00",
      "quarter_label": "2022-06 (Q2)",
      "revenue": 345483000,
      "gross_profit": null,
      "operating_income": 81506000,
      "net_income": 64287000,
      "opex": 277217000,
      "cogs": null,
      "rd": null,
      "sga": null,
      "fcf": -28603000,
      "ocf": 62956000,
      "capex": -91559000,
      "gross_margin": null,
      "op_margin": 0.2359189887780296,
      "fcf_margin": -0.08279133850290753,
      "incr_op_margin_yoy": 0.9098346969443981,
      "rev_growth_yoy": -0.03350855058314054,
      "rev_growth_yoy_accel": -0.1256901883990656,
      "op_leverage_ratio": Infinity,
      "fcf_margin_change": -0.05282106991448958
    },
    {
      "date": "2022-09-30T00:00:00",
      "quarter_label": "2022-09 (Q3)",
      "revenue": 515395000,
      "gross_profit": null,
      "operating_income": 128224000,
      "net_income": 106380000,
      "opex": 389788000,
      "cogs": null,
      "rd": null,
      "sga": null,
      "fcf": 1843000,
      "ocf": 113020000,
      "capex": -111177000,
      "gross_margin": null,
      "op_margin": 0.248787822931926,
      "fcf_margin": 0.003575898097575646,
      "incr_op_margin_yoy": 0.04998140572703607,
      "rev_growth_yoy": 0.18556558744033586,
      "rev_growth_yoy_accel": 0.2190741380234764,
      "op_leverage_ratio": 1.2111298416099356,
      "fcf_margin_change": 0.08636723660048318
    },
    {
      "date": "2022-12-31T00:00:00",
      "quarter_label": "2022-12 (Q4)",
      "revenue": 378915000,
      "gross_profit": null,
      "operating_income": 56780000,
      "net_income": 42054000,
      "opex": 366178000,
      "cogs": null,
      "rd": null,
      "sga": null,
      "fcf": -45008000,
      "ocf": 82310000,
      "capex": -127318000,
      "gross_margin": null,
      "op_margin": 0.14984891070556722,
      "fcf_margin": -0.1187812570101474,
      "incr_op_margin_yoy": 0.060594665062174084,
      "rev_growth_yoy": 0.2666853870608647,
      "rev_growth_yoy_accel": 0.08111979962052884,
      "fcf_margin_change": -0.12235715510772305
    },
    {
      "date": "2023-03-31T00:00:00",
      "quarter_label": "2023-03 (Q1)",
      "revenue": 385666000,
      "gross_profit": null,
      "operating_income": 68103000,
      "net_income": 56098000,
      "opex": 361556000,
      "cogs": null,
      "rd": null,
      "sga": null,
      "fcf": -208774000,
      "ocf": -90399000,
      "capex": -118375000,
      "gross_margin": null,
      "op_margin": 0.17658543921424238,
      "fcf_margin": -0.5413336928845166,
      "incr_op_margin_yoy": 0.11017426352913283,
      "rev_growth_yoy": 0.2120924502328856,
      "rev_growth_yoy_accel": -0.05459293682797911,
      "op_leverage_ratio": Infinity,
      "fcf_margin_change": -0.4225524358743692
    },
    {
      "date": "2023-06-30T00:00:00",
      "quarter_label": "2023-06 (Q2)",
      "revenue": 385229000,
      "gross_profit": null,
      "operating_income": 82294000,
      "net_income": 68574000,
      "opex": 331544000,
      "cogs": null,
      "rd": null,
      "sga": null,
      "fcf": -58614000,
      "ocf": 97178000,
      "capex": -155792000,
      "gross_margin": null,
      "op_margin": 0.21362358493259853,
      "fcf_margin": -0.15215365406031217,
      "incr_op_margin_yoy": 0.01982589442962814,
      "rev_growth_yoy": 0.11504473447318682,
      "rev_growth_yoy_accel": -0.09704771575969877,
      "fcf_margin_change": 0.38918003882420443
    },
    {
      "date": "2023-09-30T00:00:00",
      "quarter_label": "2023-09 (Q3)",
      "revenue": 496632000,
      "gross_profit": null,
      "operating_income": 126288000,
      "net_income": 105264000,
      "opex": 384618000,
      "cogs": null,
      "rd": null,
      "sga": null,
      "fcf": 2208000,
      "ocf": 155252000,
      "capex": -153044000,
      "gross_margin": null,
      "op_margin": 0.25428888996278937,
      "fcf_margin": 0.004445947905088677,
      "incr_op_margin_yoy": 0.10318179395619037,
      "rev_growth_yoy": -0.036405087360180055,
      "rev_growth_yoy_accel": -0.15144982183336686,
      "op_leverage_ratio": 1.8064970870837251,
      "fcf_margin_change": 0.15659960196540085
    },
    {
      "date": "2023-12-31T00:00:00",
      "quarter_label": "2023-12 (Q4)",
      "revenue": 372085000,
      "gross_profit": null,
      "operating_income": 36792000,
      "net_income": 31259000,
      "opex": 375161000,
      "cogs": null,
      "rd": null,
      "sga": null,
      "fcf": -78930000,
      "ocf": 104996000,
      "capex": -183926000,
      "gross_margin": null,
      "op_margin": 0.09888063211362995,
      "fcf_margin": -0.21212894903046348,
      "incr_op_margin_yoy": 2.926500732064422,
      "rev_growth_yoy": -0.018025150759405143,
      "rev_growth_yoy_accel": 0.018379936600774912,
      "fcf_margin_change": -0.21657489693555215
    },
    {
      "date": "2024-03-31T00:00:00",
      "quarter_label": "2024-03 (Q1)",
      "revenue": 417897000,
      "gross_profit": null,
      "operating_income": 49596000,
      "net_income": 48173000,
      "opex": 399340000,
      "cogs": null,
      "rd": null,
      "sga": null,
      "fcf": -150293000,
      "ocf": 109685000,
      "capex": -259978000,
      "gross_margin": null,
      "op_margin": 0.11867996180877106,
      "fcf_margin": -0.35964125131312263,
      "incr_op_margin_yoy": -0.5741987527535602,
      "rev_growth_yoy": 0.0835723138674397,
      "rev_growth_yoy_accel": 0.10159746462684484,
      "op_leverage_ratio": 1.9103653797612559,
      "fcf_margin_change": -0.14751230228265916
    },
    {
      "date": "2024-06-30T00:00:00",
      "quarter_label": "2024-06 (Q2)",
      "revenue": 442631000,
      "gross_profit": null,
      "operating_income": 103269000,
      "net_income": 89520000,
      "opex": 347770000,
      "cogs": null,
      "rd": null,
      "sga": null,
      "fcf": -199562000,
      "ocf": 146362000,
      "capex": -345924000,
      "gross_margin": null,
      "op_margin": 0.2333072017097763,
      "fcf_margin": -0.450854097431043,
      "incr_op_margin_yoy": 0.3654053865718965,
      "rev_growth_yoy": 0.1490074734768151,
      "rev_growth_yoy_accel": 0.06543515960937539,
      "op_leverage_ratio": Infinity,
      "fcf_margin_change": -0.09121284611792035
    },
    {
      "date": "2024-09-30T00:00:00",
      "quarter_label": "2024-09 (Q3)",
      "revenue": 532477000,
      "gross_profit": null,
      "operating_income": 133709000,
      "net_income": 113605000,
      "opex": 394818000,
      "cogs": null,
      "rd": null,
      "sga": null,
      "fcf": -16132000,
      "ocf": 201935000,
      "capex": -218067000,
      "gross_margin": null,
      "op_margin": 0.25110755957534314,
      "fcf_margin": -0.03029614424660596,
      "incr_op_margin_yoy": 0.2070302692146743,
      "rev_growth_yoy": 0.07217617873999259,
      "rev_growth_yoy_accel": -0.0768312947368225,
      "op_leverage_ratio": 1.500402810418084,
      "fcf_margin_change": 0.420557953184437
    },
    {
      "date": "2024-12-31T00:00:00",
      "quarter_label": "2024-12 (Q4)",
      "revenue": 375875000,
      "gross_profit": null,
      "operating_income": 41264000,
      "net_income": 37876000,
      "opex": 356867000,
      "cogs": null,
      "rd": null,
      "sga": null,
      "fcf": -48875000,
      "ocf": 136435000,
      "capex": -185310000,
      "gross_margin": null,
      "op_margin": 0.10978117725307615,
      "fcf_margin": -0.1300299301629531,
      "incr_op_margin_yoy": 1.1799472295514513,
      "rev_growth_yoy": 0.010185844632274883,
      "rev_growth_yoy_accel": -0.061990334107717704,
      "fcf_margin_change": -0.09973378591634716
    },
    {
      "date": "2025-03-31T00:00:00",
      "quarter_label": "2025-03 (Q1)",
      "revenue": 411142000,
      "gross_profit": null,
      "operating_income": 54929000,
      "net_income": 59647000,
      "opex": 377528000,
      "cogs": null,
      "rd": null,
      "sga": null,
      "fcf": -77037000,
      "ocf": 124287000,
      "capex": -201324000,
      "gross_margin": null,
      "op_margin": 0.13360104294866493,
      "fcf_margin": -0.18737321898516815,
      "incr_op_margin_yoy": -0.7894892672094744,
      "rev_growth_yoy": -0.01616427014312139,
      "rev_growth_yoy_accel": -0.026350114775396276,
      "op_leverage_ratio": 1.6206160250092927,
      "fcf_margin_change": -0.05734328882221504
    },
    {
      "date": "2025-06-30T00:00:00",
      "quarter_label": "2025-06 (Q2)",
      "revenue": 449313000,
      "gross_profit": null,
      "operating_income": 100573000,
      "net_income": 95781000,
      "opex": 350307000,
      "cogs": null,
      "rd": null,
      "sga": null,
      "fcf": -156364000,
      "ocf": 176941000,
      "capex": -333305000,
      "gross_margin": null,
      "op_margin": 0.22383728047040705,
      "fcf_margin": -0.34800684600712645,
      "incr_op_margin_yoy": -0.403472014366956,
      "rev_growth_yoy": 0.015096095845071855,
      "rev_growth_yoy_accel": 0.03126036598819325,
      "op_leverage_ratio": Infinity,
      "fcf_margin_change": -0.1606336270219583
    },
    {
      "date": "2025-09-30T00:00:00",
      "quarter_label": "2025-09 (Q3)",
      "revenue": 526424000,
      "gross_profit": null,
      "operating_income": 144821000,
      "net_income": 124437000,
      "opex": 379596000,
      "cogs": null,
      "rd": null,
      "sga": null,
      "fcf": -127886000,
      "ocf": 162837000,
      "capex": -290723000,
      "gross_margin": null,
      "op_margin": 0.27510333875355225,
      "fcf_margin": -0.24293345288208745,
      "incr_op_margin_yoy": -1.835783908805551,
      "rev_growth_yoy": -0.011367627146336837,
      "rev_growth_yoy_accel": -0.026463722991408693,
      "op_leverage_ratio": 2.052634493056956,
      "fcf_margin_change": 0.105073393125039
    }
  ],
  "signals": [
    {
      "quarter": "2025-09 (Q3)",
      "signal": "FCF MARGIN EXPANSION",
      "detail": "FCF margin: -34.8% -> -24.3% (+10.5%)",
      "severity": "MEDIUM"
    },
    {
      "quarter": "2025-09 (Q3)",
      "signal": "OPERATING LEVERAGE",
      "detail": "Rev growth +17.2% vs OpEx growth +8.4% (leverage: 2.1x)",
      "severity": "MEDIUM"
    },
    {
      "quarter": "2025-03 (Q1)",
      "signal": "OPERATING LEVERAGE",
      "detail": "Rev growth +9.4% vs OpEx growth +5.8% (leverage: 1.6x)",
      "severity": "MEDIUM"
    },
    {
      "quarter": "2024-12 (Q4)",
      "signal": "YoY REVENUE GROWTH DECELERATION",
      "detail": "YoY growth: +1.0% vs prior quarter YoY: +7.2% (decel: -6.2%)",
      "severity": "WARNING"
    },
    {
      "quarter": "2024-12 (Q4)",
      "signal": "INCREMENTAL MARGIN (YoY)",
      "detail": "YoY Incr OPM: +118.0% vs year-ago OPM: +9.9%",
      "severity": "HIGH"
    },
    {
      "quarter": "2024-09 (Q3)",
      "signal": "FCF MARGIN EXPANSION",
      "detail": "FCF margin: -45.1% -> -3.0% (+42.1%)",
      "severity": "MEDIUM"
    },
    {
      "quarter": "2024-09 (Q3)",
      "signal": "OPERATING LEVERAGE",
      "detail": "Rev growth +20.3% vs OpEx growth +13.5% (leverage: 1.5x)",
      "severity": "MEDIUM"
    },
    {
      "quarter": "2024-09 (Q3)",
      "signal": "YoY REVENUE GROWTH DECELERATION",
      "detail": "YoY growth: +7.2% vs prior quarter YoY: +14.9% (decel: -7.7%)",
      "severity": "WARNING"
    },
    {
      "quarter": "2024-06 (Q2)",
      "signal": "YoY REVENUE GROWTH ACCELERATION",
      "detail": "YoY growth: +14.9% vs prior quarter YoY: +8.4% (accel: +6.5%)",
      "severity": "MEDIUM"
    },
    {
      "quarter": "2024-06 (Q2)",
      "signal": "INCREMENTAL MARGIN (YoY)",
      "detail": "YoY Incr OPM: +36.5% vs year-ago OPM: +21.4%",
      "severity": "MEDIUM"
    },
    {
      "quarter": "2024-03 (Q1)",
      "signal": "OPERATING LEVERAGE",
      "detail": "Rev growth +12.3% vs OpEx growth +6.4% (leverage: 1.9x)",
      "severity": "MEDIUM"
    },
    {
      "quarter": "2024-03 (Q1)",
      "signal": "YoY REVENUE GROWTH ACCELERATION",
      "detail": "YoY growth: +8.4% vs prior quarter YoY: -1.8% (accel: +10.2%)",
      "severity": "MEDIUM"
    },
    {
      "quarter": "2023-12 (Q4)",
      "signal": "INCREMENTAL MARGIN (YoY)",
      "detail": "YoY Incr OPM: +292.7% vs year-ago OPM: +15.0%",
      "severity": "HIGH"
    },
    {
      "quarter": "2023-09 (Q3)",
      "signal": "FCF TURNED POSITIVE",
      "detail": "FCF margin: -15.2% -> +0.4%",
      "severity": "HIGH"
    },
    {
      "quarter": "2023-09 (Q3)",
      "signal": "OPERATING LEVERAGE",
      "detail": "Rev growth +28.9% vs OpEx growth +16.0% (leverage: 1.8x)",
      "severity": "MEDIUM"
    },
    {
      "quarter": "2023-09 (Q3)",
      "signal": "YoY REVENUE GROWTH DECELERATION",
      "detail": "YoY growth: -3.6% vs prior quarter YoY: +11.5% (decel: -15.1%)",
      "severity": "WARNING"
    },
    {
      "quarter": "2023-06 (Q2)",
      "signal": "FCF MARGIN EXPANSION",
      "detail": "FCF margin: -54.1% -> -15.2% (+38.9%)",
      "severity": "MEDIUM"
    },
    {
      "quarter": "2023-06 (Q2)",
      "signal": "YoY REVENUE GROWTH DECELERATION",
      "detail": "YoY growth: +11.5% vs prior quarter YoY: +21.2% (decel: -9.7%)",
      "severity": "WARNING"
    },
    {
      "quarter": "2023-03 (Q1)",
      "signal": "YoY REVENUE GROWTH DECELERATION",
      "detail": "YoY growth: +21.2% vs prior quarter YoY: +26.7% (decel: -5.5%)",
      "severity": "WARNING"
    },
    {
      "quarter": "2022-12 (Q4)",
      "signal": "YoY REVENUE GROWTH ACCELERATION",
      "detail": "YoY growth: +26.7% vs prior quarter YoY: +18.6% (accel: +8.1%)",
      "severity": "MEDIUM"
    },
    {
      "quarter": "2022-09 (Q3)",
      "signal": "FCF TURNED POSITIVE",
      "detail": "FCF margin: -8.3% -> +0.4%",
      "severity": "HIGH"
    },
    {
      "quarter": "2022-09 (Q3)",
      "signal": "YoY REVENUE GROWTH ACCELERATION",
      "detail": "YoY growth: +18.6% vs prior quarter YoY: -3.4% (accel: +21.9%)",
      "severity": "HIGH"
    },
    {
      "quarter": "2022-06 (Q2)",
      "signal": "YoY REVENUE GROWTH DECELERATION",
      "detail": "YoY growth: -3.4% vs prior quarter YoY: +9.2% (decel: -12.6%)",
      "severity": "WARNING"
    },
    {
      "quarter": "2022-06 (Q2)",
      "signal": "INCREMENTAL MARGIN (YoY)",
      "detail": "YoY Incr OPM: +91.0% vs year-ago OPM: +25.9%",
      "severity": "HIGH"
    },
    {
      "quarter": "2022-03 (Q1)",
      "signal": "FCF MARGIN EXPANSION",
      "detail": "FCF margin: -14.4% -> -3.0% (+11.4%)",
      "severity": "MEDIUM"
    },
    {
      "quarter": "2022-03 (Q1)",
      "signal": "OPERATING LEVERAGE",
      "detail": "Rev growth +6.4% vs OpEx growth +0.2% (leverage: 32.5x)",
      "severity": "MEDIUM"
    },
    {
      "quarter": "2022-03 (Q1)",
      "signal": "YoY REVENUE GROWTH ACCELERATION",
      "detail": "YoY growth: +9.2% vs prior quarter YoY: -1.1% (accel: +10.3%)",
      "severity": "MEDIUM"
    },
    {
      "quarter": "2021-12 (Q4)",
      "signal": "INCREMENTAL MARGIN (YoY)",
      "detail": "YoY Incr OPM: +52.8% vs year-ago OPM: +17.8%",
      "severity": "HIGH"
    },
    {
      "quarter": "2021-09 (Q3)",
      "signal": "FCF MARGIN EXPANSION",
      "detail": "FCF margin: +9.1% -> +15.5% (+6.4%)",
      "severity": "MEDIUM"
    },
    {
      "quarter": "2021-06 (Q2)",
      "signal": "FCF MARGIN EXPANSION",
      "detail": "FCF margin: +2.2% -> +9.1% (+6.9%)",
      "severity": "MEDIUM"
    },
    {
      "quarter": "2021-06 (Q2)",
      "signal": "OPERATING LEVERAGE",
      "detail": "Rev growth +22.7% vs OpEx growth +5.0% (leverage: 4.5x)",
      "severity": "MEDIUM"
    }
  ],
  "data_quality": {
    "n_quarters": 20,
    "coverage": {
      "revenue": [
        20,
        20
      ],
      "gross_profit": [
        0,
        20
      ],
      "op_income": [
        20,
        20
      ],
      "fcf": [
        20,
        20
      ]
    },
    "gaps": [],
    "warnings": [
      "gross_profit: no data"
    ]
  },
  "market_cap": null,
  "source": "SEC EDGAR",
  "last_updated": "2026-02-02T20:49:38.776541",
  "sector": "Utilities",
  "industry": "Utilities - Regulated Electric"
}