{
  "ticker": "IDT",
  "name": "IDT CORPORATION",
  "quarters": [
    {
      "date": "2021-01-31T00:00:00",
      "quarter_label": "2021-01 (Q1)",
      "revenue": 339766000,
      "gross_profit": null,
      "operating_income": 12923000,
      "net_income": 13108000,
      "opex": 328050000,
      "cogs": null,
      "rd": null,
      "sga": 54298000,
      "fcf": 2583000,
      "ocf": 6844000,
      "capex": -4261000,
      "gross_margin": null,
      "op_margin": 0.038035000559208394,
      "fcf_margin": 0.007602290988503853
    },
    {
      "date": "2021-04-30T00:00:00",
      "quarter_label": "2021-04 (Q2)",
      "revenue": 373831000,
      "gross_profit": null,
      "operating_income": 13872000,
      "net_income": 36348000,
      "opex": 360554000,
      "cogs": null,
      "rd": null,
      "sga": 55148000,
      "fcf": 7903000,
      "ocf": 12533000,
      "capex": -4630000,
      "gross_margin": null,
      "op_margin": 0.03710767699842977,
      "fcf_margin": 0.0211405688666804,
      "op_leverage_ratio": 1.011886282983058,
      "fcf_margin_change": 0.013538277878176547
    },
    {
      "date": "2021-07-31T00:00:00",
      "quarter_label": "2021-07 (Q3)",
      "revenue": 389968000,
      "gross_profit": null,
      "operating_income": 16945000,
      "net_income": 38731000,
      "opex": 372204000,
      "cogs": null,
      "rd": null,
      "sga": 56876000,
      "fcf": 25166000,
      "ocf": 28476000,
      "capex": -3310000,
      "gross_margin": null,
      "op_margin": 0.04345228326426784,
      "fcf_margin": 0.06453350018463054,
      "op_leverage_ratio": 1.335955152119816,
      "fcf_margin_change": 0.04339293131795014
    },
    {
      "date": "2021-10-31T00:00:00",
      "quarter_label": "2021-10 (Q4)",
      "revenue": 370083000,
      "gross_profit": null,
      "operating_income": 13773000,
      "net_income": -2478000,
      "opex": 356222000,
      "cogs": null,
      "rd": null,
      "sga": 60113000,
      "fcf": -10206000,
      "ocf": -5853000,
      "capex": -4353000,
      "gross_margin": null,
      "op_margin": 0.03721597587568194,
      "fcf_margin": -0.02757759745786756,
      "fcf_margin_change": -0.0921110976424981
    },
    {
      "date": "2022-01-31T00:00:00",
      "quarter_label": "2022-01 (Q1)",
      "revenue": 337058000,
      "gross_profit": null,
      "operating_income": 13814000,
      "net_income": 7487000,
      "opex": 322802000,
      "cogs": null,
      "rd": null,
      "sga": 61070000,
      "fcf": 12879000,
      "ocf": 17517000,
      "capex": -4638000,
      "gross_margin": null,
      "op_margin": 0.040984044289113446,
      "fcf_margin": 0.03821004100184538,
      "incr_op_margin_yoy": -0.32902511078286556,
      "rev_growth_yoy": -0.007970191249271558,
      "fcf_margin_change": 0.06578763845971294
    },
    {
      "date": "2022-04-30T00:00:00",
      "quarter_label": "2022-04 (Q2)",
      "revenue": 328353000,
      "gross_profit": null,
      "operating_income": 13328000,
      "net_income": 4771000,
      "opex": 314846000,
      "cogs": null,
      "rd": null,
      "sga": 62772000,
      "fcf": -3206000,
      "ocf": 1597000,
      "capex": -4803000,
      "gross_margin": null,
      "op_margin": 0.040590462094148676,
      "fcf_margin": -0.00976388216340341,
      "incr_op_margin_yoy": 0.011961827696908395,
      "rev_growth_yoy": -0.12165390243184755,
      "rev_growth_yoy_accel": -0.11368371118257599,
      "fcf_margin_change": -0.04797392316524879
    },
    {
      "date": "2022-07-31T00:00:00",
      "quarter_label": "2022-07 (Q3)",
      "revenue": 328563000,
      "gross_profit": null,
      "operating_income": 19168000,
      "net_income": 17242000,
      "opex": 309278000,
      "cogs": null,
      "rd": null,
      "sga": 66533000,
      "fcf": 8061000,
      "ocf": 16146000,
      "capex": -8085000,
      "gross_margin": null,
      "op_margin": 0.05833888782364417,
      "fcf_margin": 0.02453410761406488,
      "incr_op_margin_yoy": -0.03620226365931113,
      "rev_growth_yoy": -0.15746163787797973,
      "rev_growth_yoy_accel": -0.03580773544613218,
      "fcf_margin_change": 0.03429798977746829
    },
    {
      "date": "2022-10-31T00:00:00",
      "quarter_label": "2022-10 (Q4)",
      "revenue": 321816000,
      "gross_profit": 89146000,
      "operating_income": 20226000,
      "net_income": 11002000,
      "opex": 302390000,
      "cogs": 232670000,
      "rd": null,
      "sga": 65864000,
      "fcf": 13012000,
      "ocf": 18184000,
      "capex": -5172000,
      "gross_margin": 0.27700922266139655,
      "op_margin": 0.06284957864121113,
      "fcf_margin": 0.04043304248390384,
      "incr_op_margin_yoy": -0.1336938280812978,
      "rev_growth_yoy": -0.13042209450312497,
      "rev_growth_yoy_accel": 0.027039543374854758,
      "fcf_margin_change": 0.01589893486983896
    },
    {
      "date": "2023-01-31T00:00:00",
      "quarter_label": "2023-01 (Q1)",
      "revenue": 313936000,
      "gross_profit": 90437000,
      "operating_income": 18181000,
      "net_income": 14623000,
      "opex": 295772000,
      "cogs": 223499000,
      "rd": null,
      "sga": 68153000,
      "fcf": 12026000,
      "ocf": 17432000,
      "capex": -5406000,
      "gross_margin": 0.2880746394169512,
      "op_margin": 0.05791307782477957,
      "fcf_margin": 0.03830717088833393,
      "incr_op_margin_yoy": -0.18886774500475736,
      "rev_growth_yoy": -0.06859946952749972,
      "rev_growth_yoy_accel": 0.061822624975625254,
      "fcf_margin_change": -0.0021258715955699142
    },
    {
      "date": "2023-04-30T00:00:00",
      "quarter_label": "2023-04 (Q2)",
      "revenue": 299295000,
      "gross_profit": 87561000,
      "operating_income": 10377000,
      "net_income": 6890000,
      "opex": 284154000,
      "cogs": 211734000,
      "rd": 12145000,
      "sga": 68574000,
      "fcf": -12372000,
      "ocf": -6917000,
      "capex": -5455000,
      "gross_margin": 0.2925575101488498,
      "op_margin": 0.03467147797323711,
      "fcf_margin": -0.041337142284368265,
      "incr_op_margin_yoy": 0.10155550967031454,
      "rev_growth_yoy": -0.0884962220537044,
      "rev_growth_yoy_accel": -0.01989675252620468,
      "fcf_margin_change": -0.0796443131727022
    },
    {
      "date": "2023-07-31T00:00:00",
      "quarter_label": "2023-07 (Q3)",
      "revenue": 303807000,
      "gross_profit": 90706000,
      "operating_income": 11960000,
      "net_income": 7977000,
      "opex": 291380000,
      "cogs": 213101000,
      "rd": 12118000,
      "sga": 74300000,
      "fcf": 17779000,
      "ocf": 23704000,
      "capex": -5925000,
      "gross_margin": 0.2985645492039354,
      "op_margin": 0.0393670981906276,
      "fcf_margin": 0.05852070557952911,
      "incr_op_margin_yoy": 0.29116173856842786,
      "rev_growth_yoy": -0.07534628062198118,
      "rev_growth_yoy_accel": 0.013149941431723225,
      "op_leverage_ratio": 0.5928235477368494,
      "fcf_margin_change": 0.09985784786389737
    },
    {
      "date": "2023-10-31T00:00:00",
      "quarter_label": "2023-10 (Q4)",
      "revenue": 301205000,
      "gross_profit": 94428000,
      "operating_income": 17165000,
      "net_income": 7659000,
      "opex": 77263000,
      "cogs": 206777000,
      "rd": 12410000,
      "sga": 77222000,
      "fcf": 10553000,
      "ocf": 14875000,
      "capex": -4322000,
      "gross_margin": 0.31350077189953685,
      "op_margin": 0.05698776580734052,
      "fcf_margin": 0.03503593897843661,
      "incr_op_margin_yoy": 0.1485129299888409,
      "rev_growth_yoy": -0.0640459144355781,
      "rev_growth_yoy_accel": 0.01130036618640308,
      "fcf_margin_change": -0.0234847666010925
    },
    {
      "date": "2024-01-31T00:00:00",
      "quarter_label": "2024-01 (Q1)",
      "revenue": 296098000,
      "gross_profit": 97399000,
      "operating_income": 16017000,
      "net_income": 14425000,
      "opex": 81382000,
      "cogs": 198699000,
      "rd": 12925000,
      "sga": 80743000,
      "fcf": 23868000,
      "ocf": 28431000,
      "capex": -4563000,
      "gross_margin": 0.32894176927909,
      "op_margin": 0.054093577126491904,
      "fcf_margin": 0.0806084472032908,
      "incr_op_margin_yoy": 0.1213140486601637,
      "rev_growth_yoy": -0.056820498445543044,
      "rev_growth_yoy_accel": 0.007225415990035053,
      "fcf_margin_change": 0.04557250822485419
    },
    {
      "date": "2024-04-30T00:00:00",
      "quarter_label": "2024-04 (Q2)",
      "revenue": 299643000,
      "gross_profit": 97044000,
      "operating_income": 11432000,
      "net_income": 5551000,
      "opex": 85612000,
      "cogs": 202599000,
      "rd": 12640000,
      "sga": 68962000,
      "fcf": 4736000,
      "ocf": 9472000,
      "capex": -4736000,
      "gross_margin": 0.3238653998257927,
      "op_margin": 0.03815206762714297,
      "fcf_margin": 0.015805475182133405,
      "rev_growth_yoy": 0.001162732421189796,
      "rev_growth_yoy_accel": 0.05798323086673284,
      "op_leverage_ratio": 0.2303396787661845,
      "fcf_margin_change": -0.0648029720211574
    },
    {
      "date": "2024-07-31T00:00:00",
      "quarter_label": "2024-07 (Q3)",
      "revenue": 308832000,
      "gross_profit": 102193000,
      "operating_income": 20138000,
      "net_income": 36819000,
      "opex": 82055000,
      "cogs": 206639000,
      "rd": 12579000,
      "sga": 69522000,
      "fcf": 20112000,
      "ocf": 25413000,
      "capex": -5301000,
      "gross_margin": 0.33090159050875556,
      "op_margin": 0.06520697337063516,
      "fcf_margin": 0.06512278520360584,
      "incr_op_margin_yoy": 1.6274626865671642,
      "rev_growth_yoy": 0.01654010605417255,
      "rev_growth_yoy_accel": 0.015377373632982754,
      "op_leverage_ratio": Infinity,
      "fcf_margin_change": 0.04931731002147244
    },
    {
      "date": "2024-10-31T00:00:00",
      "quarter_label": "2024-10 (Q4)",
      "revenue": 309566000,
      "gross_profit": 107627000,
      "operating_income": 23640000,
      "net_income": 17249000,
      "opex": 83987000,
      "cogs": 201939000,
      "rd": 12759000,
      "sga": 71051000,
      "fcf": -5114000,
      "ocf": 164000,
      "capex": -5278000,
      "gross_margin": 0.347670609821492,
      "op_margin": 0.07636497548180356,
      "fcf_margin": -0.016519902056427387,
      "incr_op_margin_yoy": 0.774428896065064,
      "rev_growth_yoy": 0.027758503344897992,
      "rev_growth_yoy_accel": 0.011218397290725442,
      "fcf_margin_change": -0.08164268726003324
    },
    {
      "date": "2025-01-31T00:00:00",
      "quarter_label": "2025-01 (Q1)",
      "revenue": 303349000,
      "gross_profit": 112110000,
      "operating_income": 28317000,
      "net_income": 20269000,
      "opex": 83793000,
      "cogs": 191239000,
      "rd": 12612000,
      "sga": 70721000,
      "fcf": 15331000,
      "ocf": 20153000,
      "capex": -4822000,
      "gross_margin": 0.36957431868903473,
      "op_margin": 0.09334792598624027,
      "fcf_margin": 0.050539147978071464,
      "incr_op_margin_yoy": 1.696317749275962,
      "rev_growth_yoy": 0.024488513937952976,
      "rev_growth_yoy_accel": -0.003269989406945017,
      "fcf_margin_change": 0.06705905003449886
    },
    {
      "date": "2025-04-30T00:00:00",
      "quarter_label": "2025-04 (Q2)",
      "revenue": 301985000,
      "gross_profit": 111962000,
      "operating_income": 26586000,
      "net_income": 21692000,
      "opex": 85376000,
      "cogs": 190023000,
      "rd": 12744000,
      "sga": 72267000,
      "fcf": 70335000,
      "ocf": 75742000,
      "capex": -5407000,
      "gross_margin": 0.3707535142473964,
      "op_margin": 0.08803748530556153,
      "fcf_margin": 0.23290891931718463,
      "incr_op_margin_yoy": 6.470538001707942,
      "rev_growth_yoy": 0.007815967668191814,
      "rev_growth_yoy_accel": -0.01667254626976116,
      "fcf_margin_change": 0.18236977133911317
    },
    {
      "date": "2025-07-31T00:00:00",
      "quarter_label": "2025-07 (Q3)",
      "revenue": 316594000,
      "gross_profit": 114495000,
      "operating_income": 21881000,
      "net_income": 16885000,
      "opex": 92614000,
      "cogs": 202099000,
      "rd": 12849000,
      "sga": 73528000,
      "fcf": 25739000,
      "ocf": 31002000,
      "capex": -5263000,
      "gross_margin": 0.3616461461682786,
      "op_margin": 0.06911375452472251,
      "fcf_margin": 0.08129970877527685,
      "incr_op_margin_yoy": 0.22455552692605,
      "rev_growth_yoy": 0.025133405864677237,
      "rev_growth_yoy_accel": 0.017317438196485423,
      "op_leverage_ratio": 0.5706270332704152,
      "fcf_margin_change": -0.1516092105419078
    },
    {
      "date": "2025-10-31T00:00:00",
      "quarter_label": "2025-10 (Q4)",
      "revenue": 322752000,
      "gross_profit": 118179000,
      "operating_income": 30926000,
      "net_income": 22362000,
      "opex": 87253000,
      "cogs": 204573000,
      "rd": 13631000,
      "sga": 74007000,
      "fcf": -15960000,
      "ocf": -10139000,
      "capex": -5821000,
      "gross_margin": 0.3661603955978584,
      "op_margin": 0.09581970057505453,
      "fcf_margin": -0.04944973230220107,
      "incr_op_margin_yoy": 0.5525557409373578,
      "rev_growth_yoy": 0.042595117034816485,
      "rev_growth_yoy_accel": 0.017461711170139248,
      "op_leverage_ratio": Infinity,
      "fcf_margin_change": -0.13074944107747793
    }
  ],
  "signals": [
    {
      "quarter": "2025-10 (Q4)",
      "signal": "INCREMENTAL MARGIN (YoY)",
      "detail": "YoY Incr OPM: +55.3% vs year-ago OPM: +7.6%",
      "severity": "HIGH"
    },
    {
      "quarter": "2025-07 (Q3)",
      "signal": "INCREMENTAL MARGIN (YoY)",
      "detail": "YoY Incr OPM: +22.5% vs year-ago OPM: +6.5%",
      "severity": "MEDIUM"
    },
    {
      "quarter": "2025-04 (Q2)",
      "signal": "FCF MARGIN EXPANSION",
      "detail": "FCF margin: +5.1% -> +23.3% (+18.2%)",
      "severity": "MEDIUM"
    },
    {
      "quarter": "2025-04 (Q2)",
      "signal": "INCREMENTAL MARGIN (YoY)",
      "detail": "YoY Incr OPM: +647.1% vs year-ago OPM: +3.8%",
      "severity": "HIGH"
    },
    {
      "quarter": "2025-01 (Q1)",
      "signal": "FCF TURNED POSITIVE",
      "detail": "FCF margin: -1.7% -> +5.1%",
      "severity": "HIGH"
    },
    {
      "quarter": "2025-01 (Q1)",
      "signal": "INCREMENTAL MARGIN (YoY)",
      "detail": "YoY Incr OPM: +169.6% vs year-ago OPM: +5.4%",
      "severity": "HIGH"
    },
    {
      "quarter": "2024-10 (Q4)",
      "signal": "INCREMENTAL MARGIN (YoY)",
      "detail": "YoY Incr OPM: +77.4% vs year-ago OPM: +5.7%",
      "severity": "HIGH"
    },
    {
      "quarter": "2024-07 (Q3)",
      "signal": "INCREMENTAL MARGIN (YoY)",
      "detail": "YoY Incr OPM: +162.7% vs year-ago OPM: +3.9%",
      "severity": "HIGH"
    },
    {
      "quarter": "2024-04 (Q2)",
      "signal": "YoY REVENUE GROWTH ACCELERATION",
      "detail": "YoY growth: +0.1% vs prior quarter YoY: -5.7% (accel: +5.8%)",
      "severity": "MEDIUM"
    },
    {
      "quarter": "2023-07 (Q3)",
      "signal": "FCF TURNED POSITIVE",
      "detail": "FCF margin: -4.1% -> +5.9%",
      "severity": "HIGH"
    },
    {
      "quarter": "2023-07 (Q3)",
      "signal": "INCREMENTAL MARGIN (YoY)",
      "detail": "YoY Incr OPM: +29.1% vs year-ago OPM: +5.8%",
      "severity": "HIGH"
    },
    {
      "quarter": "2023-01 (Q1)",
      "signal": "YoY REVENUE GROWTH ACCELERATION",
      "detail": "YoY growth: -6.9% vs prior quarter YoY: -13.0% (accel: +6.2%)",
      "severity": "MEDIUM"
    },
    {
      "quarter": "2022-07 (Q3)",
      "signal": "FCF TURNED POSITIVE",
      "detail": "FCF margin: -1.0% -> +2.5%",
      "severity": "HIGH"
    },
    {
      "quarter": "2022-04 (Q2)",
      "signal": "YoY REVENUE GROWTH DECELERATION",
      "detail": "YoY growth: -12.2% vs prior quarter YoY: -0.8% (decel: -11.4%)",
      "severity": "WARNING"
    },
    {
      "quarter": "2022-01 (Q1)",
      "signal": "FCF TURNED POSITIVE",
      "detail": "FCF margin: -2.8% -> +3.8%",
      "severity": "HIGH"
    }
  ],
  "data_quality": {
    "n_quarters": 20,
    "coverage": {
      "revenue": [
        20,
        20
      ],
      "gross_profit": [
        13,
        20
      ],
      "op_income": [
        20,
        20
      ],
      "fcf": [
        20,
        20
      ]
    },
    "gaps": [],
    "warnings": [
      "gross_profit: 13/20Q"
    ]
  },
  "market_cap": null,
  "source": "SEC EDGAR",
  "last_updated": "2026-02-02T21:55:38.339054"
}