{
  "ticker": "IEP",
  "name": "Icahn Enterprises L.P.",
  "quarters": [
    {
      "date": "2020-12-31T00:00:00",
      "quarter_label": "2020-12 (Q4)",
      "revenue": 2752000000,
      "gross_profit": null,
      "operating_income": null,
      "net_income": 146000000,
      "opex": 2376000000,
      "cogs": null,
      "rd": null,
      "sga": 303000000,
      "fcf": -1184000000,
      "ocf": -1140000000,
      "capex": -44000000,
      "gross_margin": null,
      "op_margin": null,
      "fcf_margin": -0.43023255813953487
    },
    {
      "date": "2021-03-31T00:00:00",
      "quarter_label": "2021-03 (Q1)",
      "revenue": 3384000000,
      "gross_profit": null,
      "operating_income": null,
      "net_income": 162000000,
      "opex": 2768000000,
      "cogs": null,
      "rd": null,
      "sga": 316000000,
      "fcf": -598000000,
      "ocf": -551000000,
      "capex": -47000000,
      "gross_margin": null,
      "op_margin": null,
      "fcf_margin": -0.17671394799054374,
      "op_leverage_ratio": 1.3919672520170858,
      "fcf_margin_change": 0.25351861014899113
    },
    {
      "date": "2021-06-30T00:00:00",
      "quarter_label": "2021-06 (Q2)",
      "revenue": 2988000000,
      "gross_profit": null,
      "operating_income": null,
      "net_income": -136000000,
      "opex": 2991000000,
      "cogs": null,
      "rd": null,
      "sga": 304000000,
      "fcf": 76000000,
      "ocf": 187000000,
      "capex": -111000000,
      "gross_margin": null,
      "op_margin": null,
      "fcf_margin": 0.025435073627844713,
      "fcf_margin_change": 0.20214902161838846
    },
    {
      "date": "2021-09-30T00:00:00",
      "quarter_label": "2021-09 (Q3)",
      "revenue": 2646000000,
      "gross_profit": null,
      "operating_income": null,
      "net_income": -148000000,
      "opex": 2876000000,
      "cogs": null,
      "rd": null,
      "sga": 317000000,
      "fcf": 349000000,
      "ocf": 430000000,
      "capex": -81000000,
      "gross_margin": null,
      "op_margin": null,
      "fcf_margin": 0.13189720332577476,
      "fcf_margin_change": 0.10646212969793005
    },
    {
      "date": "2021-12-31T00:00:00",
      "quarter_label": "2021-12 (Q4)",
      "revenue": 2310000000,
      "gross_profit": null,
      "operating_income": null,
      "net_income": -396000000,
      "opex": 3271000000,
      "cogs": null,
      "rd": null,
      "sga": 304000000,
      "fcf": 189000000,
      "ocf": 255000000,
      "capex": -66000000,
      "gross_margin": null,
      "op_margin": null,
      "fcf_margin": 0.08181818181818182,
      "rev_growth_yoy": -0.16061046511627908,
      "fcf_margin_change": -0.05007902150759294
    },
    {
      "date": "2022-03-31T00:00:00",
      "quarter_label": "2022-03 (Q1)",
      "revenue": 4084000000,
      "gross_profit": null,
      "operating_income": null,
      "net_income": 323000000,
      "opex": 3101000000,
      "cogs": null,
      "rd": null,
      "sga": 301000000,
      "fcf": 1865000000,
      "ocf": 1920000000,
      "capex": -55000000,
      "gross_margin": null,
      "op_margin": null,
      "fcf_margin": 0.4566601371204701,
      "rev_growth_yoy": 0.20685579196217493,
      "rev_growth_yoy_accel": 0.36746625707845404,
      "op_leverage_ratio": Infinity,
      "fcf_margin_change": 0.37484195530228825
    },
    {
      "date": "2022-06-30T00:00:00",
      "quarter_label": "2022-06 (Q2)",
      "revenue": 3503000000,
      "gross_profit": null,
      "operating_income": null,
      "net_income": -128000000,
      "opex": 3788000000,
      "cogs": null,
      "rd": null,
      "sga": 315000000,
      "fcf": 610000000,
      "ocf": 709000000,
      "capex": -99000000,
      "gross_margin": null,
      "op_margin": null,
      "fcf_margin": 0.1741364544675992,
      "rev_growth_yoy": 0.17235609103078983,
      "rev_growth_yoy_accel": -0.0344997009313851,
      "fcf_margin_change": -0.28252368265287087
    },
    {
      "date": "2022-09-30T00:00:00",
      "quarter_label": "2022-09 (Q3)",
      "revenue": 3404000000,
      "gross_profit": null,
      "operating_income": null,
      "net_income": -123000000,
      "opex": 3626000000,
      "cogs": null,
      "rd": null,
      "sga": 305000000,
      "fcf": 611000000,
      "ocf": 711000000,
      "capex": -100000000,
      "gross_margin": null,
      "op_margin": null,
      "fcf_margin": 0.17949471210340776,
      "rev_growth_yoy": 0.28647014361300077,
      "rev_growth_yoy_accel": 0.11411405258221094,
      "fcf_margin_change": 0.00535825763580855
    },
    {
      "date": "2022-12-31T00:00:00",
      "quarter_label": "2022-12 (Q4)",
      "revenue": 3101000000,
      "gross_profit": null,
      "operating_income": null,
      "net_income": -255000000,
      "opex": 3568000000,
      "cogs": null,
      "rd": null,
      "sga": 329000000,
      "fcf": -2369000000,
      "ocf": -2285000000,
      "capex": -84000000,
      "gross_margin": null,
      "op_margin": null,
      "fcf_margin": -0.7639471138342471,
      "rev_growth_yoy": 0.3424242424242424,
      "rev_growth_yoy_accel": 0.05595409881124164,
      "fcf_margin_change": -0.9434418259376548
    },
    {
      "date": "2023-03-31T00:00:00",
      "quarter_label": "2023-03 (Q1)",
      "revenue": 2641000000,
      "gross_profit": null,
      "operating_income": null,
      "net_income": -270000000,
      "opex": 3015000000,
      "cogs": null,
      "rd": null,
      "sga": 229000000,
      "fcf": 207000000,
      "ocf": 265000000,
      "capex": -58000000,
      "gross_margin": null,
      "op_margin": null,
      "fcf_margin": 0.07837940174176448,
      "rev_growth_yoy": -0.3533300685602351,
      "rev_growth_yoy_accel": -0.6957543109844775,
      "fcf_margin_change": 0.8423265155760116
    },
    {
      "date": "2023-06-30T00:00:00",
      "quarter_label": "2023-06 (Q2)",
      "revenue": 2540000000,
      "gross_profit": null,
      "operating_income": null,
      "net_income": -269000000,
      "opex": 2957000000,
      "cogs": null,
      "rd": null,
      "sga": 215000000,
      "fcf": 1656000000,
      "ocf": 1729000000,
      "capex": -73000000,
      "gross_margin": null,
      "op_margin": null,
      "fcf_margin": 0.6519685039370079,
      "rev_growth_yoy": -0.27490722238081644,
      "rev_growth_yoy_accel": 0.07842284617941864,
      "fcf_margin_change": 0.5735891021952434
    },
    {
      "date": "2023-09-30T00:00:00",
      "quarter_label": "2023-09 (Q3)",
      "revenue": 2989000000,
      "gross_profit": null,
      "operating_income": null,
      "net_income": -6000000,
      "opex": 2923000000,
      "cogs": null,
      "rd": null,
      "sga": 209000000,
      "fcf": 1557000000,
      "ocf": 1627000000,
      "capex": -70000000,
      "gross_margin": null,
      "op_margin": null,
      "fcf_margin": 0.5209100033456006,
      "rev_growth_yoy": -0.12191539365452408,
      "rev_growth_yoy_accel": 0.15299182872629236,
      "op_leverage_ratio": Infinity,
      "fcf_margin_change": -0.13105850059140733
    },
    {
      "date": "2023-12-31T00:00:00",
      "quarter_label": "2023-12 (Q4)",
      "revenue": 2677000000,
      "gross_profit": null,
      "operating_income": null,
      "net_income": -139000000,
      "opex": 2874000000,
      "cogs": null,
      "rd": null,
      "sga": 199000000,
      "fcf": 13000000,
      "ocf": 115000000,
      "capex": -102000000,
      "gross_margin": null,
      "op_margin": null,
      "fcf_margin": 0.004856182293612252,
      "rev_growth_yoy": -0.13673008706868753,
      "rev_growth_yoy_accel": -0.014814693414163443,
      "fcf_margin_change": -0.5160538210519883
    },
    {
      "date": "2024-03-31T00:00:00",
      "quarter_label": "2024-03 (Q1)",
      "revenue": 2468000000,
      "gross_profit": null,
      "operating_income": null,
      "net_income": -38000000,
      "opex": 2487000000,
      "cogs": null,
      "rd": null,
      "sga": 193000000,
      "fcf": -319000000,
      "ocf": -251000000,
      "capex": -68000000,
      "gross_margin": null,
      "op_margin": null,
      "fcf_margin": -0.1292544570502431,
      "rev_growth_yoy": -0.06550549034456646,
      "rev_growth_yoy_accel": 0.07122459672412107,
      "fcf_margin_change": -0.13411063934385536
    },
    {
      "date": "2024-06-30T00:00:00",
      "quarter_label": "2024-06 (Q2)",
      "revenue": 2201000000,
      "gross_profit": null,
      "operating_income": null,
      "net_income": -331000000,
      "opex": 2683000000,
      "cogs": null,
      "rd": null,
      "sga": 183000000,
      "fcf": 827000000,
      "ocf": 893000000,
      "capex": -66000000,
      "gross_margin": null,
      "op_margin": null,
      "fcf_margin": 0.3757383007723762,
      "rev_growth_yoy": -0.13346456692913386,
      "rev_growth_yoy_accel": -0.0679590765845674,
      "fcf_margin_change": 0.5049927578226193
    },
    {
      "date": "2024-09-30T00:00:00",
      "quarter_label": "2024-09 (Q3)",
      "revenue": 2791000000,
      "gross_profit": null,
      "operating_income": null,
      "net_income": 22000000,
      "opex": 2724000000,
      "cogs": null,
      "rd": null,
      "sga": 202000000,
      "fcf": -112000000,
      "ocf": -54000000,
      "capex": -58000000,
      "gross_margin": null,
      "op_margin": null,
      "fcf_margin": -0.0401289860265138,
      "rev_growth_yoy": -0.0662428905988625,
      "rev_growth_yoy_accel": 0.06722167633027136,
      "op_leverage_ratio": 17.541583094158977,
      "fcf_margin_change": -0.41586728679888996
    },
    {
      "date": "2024-12-31T00:00:00",
      "quarter_label": "2024-12 (Q4)",
      "revenue": 2558000000,
      "gross_profit": null,
      "operating_income": null,
      "net_income": -98000000,
      "opex": 2691000000,
      "cogs": null,
      "rd": null,
      "sga": 205000000,
      "fcf": 156000000,
      "ocf": 244000000,
      "capex": -88000000,
      "gross_margin": null,
      "op_margin": null,
      "fcf_margin": 0.06098514464425332,
      "rev_growth_yoy": -0.044452745610758314,
      "rev_growth_yoy_accel": 0.021790144988104186,
      "fcf_margin_change": 0.10111413067076712
    },
    {
      "date": "2025-03-31T00:00:00",
      "quarter_label": "2025-03 (Q1)",
      "revenue": 1867000000,
      "gross_profit": null,
      "operating_income": null,
      "net_income": -422000000,
      "opex": 2521000000,
      "cogs": null,
      "rd": null,
      "sga": 201000000,
      "fcf": -270000000,
      "ocf": -182000000,
      "capex": -88000000,
      "gross_margin": null,
      "op_margin": null,
      "fcf_margin": -0.144617032672737,
      "rev_growth_yoy": -0.24351701782820098,
      "rev_growth_yoy_accel": -0.19906427221744266,
      "fcf_margin_change": -0.20560217731699032
    },
    {
      "date": "2025-06-30T00:00:00",
      "quarter_label": "2025-06 (Q2)",
      "revenue": 2369000000,
      "gross_profit": null,
      "operating_income": null,
      "net_income": -165000000,
      "opex": 2615000000,
      "cogs": null,
      "rd": null,
      "sga": 207000000,
      "fcf": 179000000,
      "ocf": 275000000,
      "capex": -96000000,
      "gross_margin": null,
      "op_margin": null,
      "fcf_margin": 0.07555930772477838,
      "rev_growth_yoy": 0.07632894139027714,
      "rev_growth_yoy_accel": 0.31984595921847814,
      "op_leverage_ratio": 7.2111477053869555,
      "fcf_margin_change": 0.22017634039751538
    },
    {
      "date": "2025-09-30T00:00:00",
      "quarter_label": "2025-09 (Q3)",
      "revenue": 2725000000,
      "gross_profit": null,
      "operating_income": null,
      "net_income": 287000000,
      "opex": 2187000000,
      "cogs": null,
      "rd": null,
      "sga": 218000000,
      "fcf": -67000000,
      "ocf": 15000000,
      "capex": -82000000,
      "gross_margin": null,
      "op_margin": null,
      "fcf_margin": -0.024587155963302753,
      "rev_growth_yoy": -0.023647438194195628,
      "rev_growth_yoy_accel": -0.09997637958447277,
      "op_leverage_ratio": Infinity,
      "fcf_margin_change": -0.10014646368808114
    }
  ],
  "signals": [
    {
      "quarter": "2025-09 (Q3)",
      "signal": "YoY REVENUE GROWTH DECELERATION",
      "detail": "YoY growth: -2.4% vs prior quarter YoY: +7.6% (decel: -10.0%)",
      "severity": "WARNING"
    },
    {
      "quarter": "2025-06 (Q2)",
      "signal": "FCF TURNED POSITIVE",
      "detail": "FCF margin: -14.5% -> +7.6%",
      "severity": "HIGH"
    },
    {
      "quarter": "2025-06 (Q2)",
      "signal": "OPERATING LEVERAGE",
      "detail": "Rev growth +26.9% vs OpEx growth +3.7% (leverage: 7.2x)",
      "severity": "MEDIUM"
    },
    {
      "quarter": "2025-06 (Q2)",
      "signal": "YoY REVENUE GROWTH ACCELERATION",
      "detail": "YoY growth: +7.6% vs prior quarter YoY: -24.4% (accel: +32.0%)",
      "severity": "HIGH"
    },
    {
      "quarter": "2025-03 (Q1)",
      "signal": "YoY REVENUE GROWTH DECELERATION",
      "detail": "YoY growth: -24.4% vs prior quarter YoY: -4.4% (decel: -19.9%)",
      "severity": "WARNING"
    },
    {
      "quarter": "2024-12 (Q4)",
      "signal": "FCF TURNED POSITIVE",
      "detail": "FCF margin: -4.0% -> +6.1%",
      "severity": "HIGH"
    },
    {
      "quarter": "2024-09 (Q3)",
      "signal": "OPERATING LEVERAGE",
      "detail": "Rev growth +26.8% vs OpEx growth +1.5% (leverage: 17.5x)",
      "severity": "MEDIUM"
    },
    {
      "quarter": "2024-09 (Q3)",
      "signal": "YoY REVENUE GROWTH ACCELERATION",
      "detail": "YoY growth: -6.6% vs prior quarter YoY: -13.3% (accel: +6.7%)",
      "severity": "MEDIUM"
    },
    {
      "quarter": "2024-06 (Q2)",
      "signal": "FCF TURNED POSITIVE",
      "detail": "FCF margin: -12.9% -> +37.6%",
      "severity": "HIGH"
    },
    {
      "quarter": "2024-06 (Q2)",
      "signal": "YoY REVENUE GROWTH DECELERATION",
      "detail": "YoY growth: -13.3% vs prior quarter YoY: -6.6% (decel: -6.8%)",
      "severity": "WARNING"
    },
    {
      "quarter": "2024-03 (Q1)",
      "signal": "YoY REVENUE GROWTH ACCELERATION",
      "detail": "YoY growth: -6.6% vs prior quarter YoY: -13.7% (accel: +7.1%)",
      "severity": "MEDIUM"
    },
    {
      "quarter": "2023-09 (Q3)",
      "signal": "YoY REVENUE GROWTH ACCELERATION",
      "detail": "YoY growth: -12.2% vs prior quarter YoY: -27.5% (accel: +15.3%)",
      "severity": "HIGH"
    },
    {
      "quarter": "2023-06 (Q2)",
      "signal": "FCF MARGIN EXPANSION",
      "detail": "FCF margin: +7.8% -> +65.2% (+57.4%)",
      "severity": "MEDIUM"
    },
    {
      "quarter": "2023-06 (Q2)",
      "signal": "YoY REVENUE GROWTH ACCELERATION",
      "detail": "YoY growth: -27.5% vs prior quarter YoY: -35.3% (accel: +7.8%)",
      "severity": "MEDIUM"
    },
    {
      "quarter": "2023-03 (Q1)",
      "signal": "FCF TURNED POSITIVE",
      "detail": "FCF margin: -76.4% -> +7.8%",
      "severity": "HIGH"
    },
    {
      "quarter": "2023-03 (Q1)",
      "signal": "YoY REVENUE GROWTH DECELERATION",
      "detail": "YoY growth: -35.3% vs prior quarter YoY: +34.2% (decel: -69.6%)",
      "severity": "WARNING"
    },
    {
      "quarter": "2022-12 (Q4)",
      "signal": "YoY REVENUE GROWTH ACCELERATION",
      "detail": "YoY growth: +34.2% vs prior quarter YoY: +28.6% (accel: +5.6%)",
      "severity": "MEDIUM"
    },
    {
      "quarter": "2022-09 (Q3)",
      "signal": "YoY REVENUE GROWTH ACCELERATION",
      "detail": "YoY growth: +28.6% vs prior quarter YoY: +17.2% (accel: +11.4%)",
      "severity": "MEDIUM"
    },
    {
      "quarter": "2022-03 (Q1)",
      "signal": "FCF MARGIN EXPANSION",
      "detail": "FCF margin: +8.2% -> +45.7% (+37.5%)",
      "severity": "MEDIUM"
    },
    {
      "quarter": "2022-03 (Q1)",
      "signal": "YoY REVENUE GROWTH ACCELERATION",
      "detail": "YoY growth: +20.7% vs prior quarter YoY: -16.1% (accel: +36.7%)",
      "severity": "HIGH"
    },
    {
      "quarter": "2021-09 (Q3)",
      "signal": "FCF MARGIN EXPANSION",
      "detail": "FCF margin: +2.5% -> +13.2% (+10.6%)",
      "severity": "MEDIUM"
    },
    {
      "quarter": "2021-06 (Q2)",
      "signal": "FCF TURNED POSITIVE",
      "detail": "FCF margin: -17.7% -> +2.5%",
      "severity": "HIGH"
    },
    {
      "quarter": "2021-03 (Q1)",
      "signal": "FCF MARGIN EXPANSION",
      "detail": "FCF margin: -43.0% -> -17.7% (+25.4%)",
      "severity": "MEDIUM"
    }
  ],
  "data_quality": {
    "n_quarters": 20,
    "coverage": {
      "revenue": [
        20,
        20
      ],
      "gross_profit": [
        0,
        20
      ],
      "op_income": [
        0,
        20
      ],
      "fcf": [
        20,
        20
      ]
    },
    "gaps": [],
    "warnings": [
      "gross_profit: no data",
      "op_income: no data"
    ]
  },
  "market_cap": null,
  "source": "SEC EDGAR",
  "last_updated": "2026-02-02T21:06:29.525481"
}