{
  "ticker": "IHRT",
  "name": "IHEARTMEDIA, INC.",
  "quarters": [
    {
      "date": "2020-12-31T00:00:00",
      "quarter_label": "2020-12 (Q4)",
      "revenue": 935530000,
      "gross_profit": null,
      "operating_income": 112847000,
      "net_income": 3466000,
      "opex": 670037000,
      "cogs": null,
      "rd": null,
      "sga": 327156000,
      "fcf": 53102000,
      "ocf": 79784000,
      "capex": -26682000,
      "gross_margin": null,
      "op_margin": 0.12062360373264353,
      "fcf_margin": 0.05676140797195173
    },
    {
      "date": "2021-03-31T00:00:00",
      "quarter_label": "2021-03 (Q1)",
      "revenue": 706665000,
      "gross_profit": null,
      "operating_income": -76356000,
      "net_income": -241723000,
      "opex": 604418000,
      "cogs": null,
      "rd": null,
      "sga": 342330000,
      "fcf": 52778000,
      "ocf": 71728000,
      "capex": -18950000,
      "gross_margin": null,
      "op_margin": -0.1080511982339581,
      "fcf_margin": 0.07468602520288962,
      "fcf_margin_change": 0.017924617230937898
    },
    {
      "date": "2021-06-30T00:00:00",
      "quarter_label": "2021-06 (Q2)",
      "revenue": 861605000,
      "gross_profit": null,
      "operating_income": 28126000,
      "net_income": -32286000,
      "opex": 677097000,
      "cogs": null,
      "rd": null,
      "sga": 372640000,
      "fcf": -2982000,
      "ocf": 29129000,
      "capex": -32111000,
      "gross_margin": null,
      "op_margin": 0.03264372885486969,
      "fcf_margin": -0.003460982700889619,
      "op_leverage_ratio": 1.823385160496715,
      "fcf_margin_change": -0.07814700790377925
    },
    {
      "date": "2021-09-30T00:00:00",
      "quarter_label": "2021-09 (Q3)",
      "revenue": 928051000,
      "gross_profit": null,
      "operating_income": 80111000,
      "net_income": 3180000,
      "opex": 697838000,
      "cogs": null,
      "rd": null,
      "sga": 390086000,
      "fcf": 45462000,
      "ocf": 95736000,
      "capex": -50274000,
      "gross_margin": null,
      "op_margin": 0.08632176464439993,
      "fcf_margin": 0.04898653199016002,
      "op_leverage_ratio": 2.517571591904684,
      "fcf_margin_change": 0.05244751469104964
    },
    {
      "date": "2021-12-31T00:00:00",
      "quarter_label": "2021-12 (Q4)",
      "revenue": 1062019000,
      "gross_profit": null,
      "operating_income": 122976000,
      "net_income": 111630000,
      "opex": 767854000,
      "cogs": null,
      "rd": null,
      "sga": 414299000,
      "fcf": 51943000,
      "ocf": 133980000,
      "capex": -82037000,
      "gross_margin": null,
      "op_margin": 0.11579453851578926,
      "fcf_margin": 0.04890967110757905,
      "incr_op_margin_yoy": 0.08007810955893398,
      "rev_growth_yoy": 0.13520571227005013,
      "op_leverage_ratio": 1.4387540184492755,
      "fcf_margin_change": -7.686088258097162e-05
    },
    {
      "date": "2022-03-31T00:00:00",
      "quarter_label": "2022-03 (Q1)",
      "revenue": 843458000,
      "gross_profit": null,
      "operating_income": 12335000,
      "net_income": -48582000,
      "opex": 698240000,
      "cogs": null,
      "rd": null,
      "sga": 384344000,
      "fcf": -74769000,
      "ocf": -52212000,
      "capex": -22557000,
      "gross_margin": null,
      "op_margin": 0.014624320357385904,
      "fcf_margin": -0.08864578912050156,
      "incr_op_margin_yoy": 0.6483591996666496,
      "rev_growth_yoy": 0.1935754565458881,
      "rev_growth_yoy_accel": 0.058369744275837965,
      "fcf_margin_change": -0.1375554602280806
    },
    {
      "date": "2022-06-30T00:00:00",
      "quarter_label": "2022-06 (Q2)",
      "revenue": 954005000,
      "gross_profit": null,
      "operating_income": 82869000,
      "net_income": 14401000,
      "opex": 716820000,
      "cogs": null,
      "rd": null,
      "sga": 379057000,
      "fcf": 106148000,
      "ocf": 155801000,
      "capex": -49653000,
      "gross_margin": null,
      "op_margin": 0.08686432461045801,
      "fcf_margin": 0.11126566422607848,
      "incr_op_margin_yoy": 0.59245670995671,
      "rev_growth_yoy": 0.10724171749235438,
      "rev_growth_yoy_accel": -0.08633373905353371,
      "op_leverage_ratio": 4.925411436283695,
      "fcf_margin_change": 0.19991145334658003
    },
    {
      "date": "2022-09-30T00:00:00",
      "quarter_label": "2022-09 (Q3)",
      "revenue": 988930000,
      "gross_profit": null,
      "operating_income": -211187000,
      "net_income": -310363000,
      "opex": 736688000,
      "cogs": null,
      "rd": null,
      "sga": 399892000,
      "fcf": 62753000,
      "ocf": 103110000,
      "capex": -40357000,
      "gross_margin": null,
      "op_margin": -0.21355100967712579,
      "fcf_margin": 0.06345545185200166,
      "incr_op_margin_yoy": -4.784868345406462,
      "rev_growth_yoy": 0.06559876558508099,
      "rev_growth_yoy_accel": -0.04164295190727339,
      "op_leverage_ratio": 1.3208141918168392,
      "fcf_margin_change": -0.047810212374076816
    },
    {
      "date": "2022-12-31T00:00:00",
      "quarter_label": "2022-12 (Q4)",
      "revenue": 1125890000,
      "gross_profit": null,
      "operating_income": 172843000,
      "net_income": 79881000,
      "opex": 810246000,
      "cogs": null,
      "rd": null,
      "sga": 429653000,
      "fcf": 164974000,
      "ocf": 213376000,
      "capex": -48402000,
      "gross_margin": null,
      "op_margin": 0.1535167733970459,
      "fcf_margin": 0.14652763591469858,
      "incr_op_margin_yoy": 0.7807455652800175,
      "rev_growth_yoy": 0.06014110858656954,
      "rev_growth_yoy_accel": -0.005457656998511445,
      "op_leverage_ratio": 1.3870173022817935,
      "fcf_margin_change": 0.08307218406269692
    },
    {
      "date": "2023-03-31T00:00:00",
      "quarter_label": "2023-03 (Q1)",
      "revenue": 811239000,
      "gross_profit": null,
      "operating_income": -48862000,
      "net_income": -222260000,
      "opex": 717815000,
      "cogs": null,
      "rd": null,
      "sga": 402801000,
      "fcf": -133148000,
      "ocf": -93983000,
      "capex": -39165000,
      "gross_margin": null,
      "op_margin": -0.06023132517051079,
      "fcf_margin": -0.1641291900414058,
      "incr_op_margin_yoy": 1.89940718209752,
      "rev_growth_yoy": -0.0381987010615822,
      "rev_growth_yoy_accel": -0.09833980964815174,
      "fcf_margin_change": -0.3106568259561044
    },
    {
      "date": "2023-06-30T00:00:00",
      "quarter_label": "2023-06 (Q2)",
      "revenue": 920014000,
      "gross_profit": null,
      "operating_income": -897194000,
      "net_income": -884470000,
      "opex": 728833000,
      "cogs": null,
      "rd": null,
      "sga": 393773000,
      "fcf": 33999000,
      "ocf": 56772000,
      "capex": -22773000,
      "gross_margin": null,
      "op_margin": -0.9751960296256361,
      "fcf_margin": 0.036954872425854386,
      "incr_op_margin_yoy": 28.83301462151746,
      "rev_growth_yoy": -0.03562979229668608,
      "rev_growth_yoy_accel": 0.0025689087648961204,
      "op_leverage_ratio": 8.735545544399697,
      "fcf_margin_change": 0.20108406246726018
    },
    {
      "date": "2023-09-30T00:00:00",
      "quarter_label": "2023-09 (Q3)",
      "revenue": 952989000,
      "gross_profit": null,
      "operating_income": 68965000,
      "net_income": -9053000,
      "opex": 749207000,
      "cogs": null,
      "rd": null,
      "sga": 393628000,
      "fcf": 67651000,
      "ocf": 96169000,
      "capex": -28518000,
      "gross_margin": null,
      "op_margin": 0.0723670472586777,
      "fcf_margin": 0.07098822756611042,
      "incr_op_margin_yoy": -7.7947747697615535,
      "rev_growth_yoy": -0.03634332055858352,
      "rev_growth_yoy_accel": -0.0007135282618974392,
      "op_leverage_ratio": 1.2821596182324837,
      "fcf_margin_change": 0.03403335514025604
    },
    {
      "date": "2023-12-31T00:00:00",
      "quarter_label": "2023-12 (Q4)",
      "revenue": 1066783000,
      "gross_profit": null,
      "operating_income": 79780000,
      "net_income": 13123000,
      "opex": 858571000,
      "cogs": null,
      "rd": null,
      "sga": 465969000,
      "fcf": 141890000,
      "ocf": 154104000,
      "capex": -12214000,
      "gross_margin": null,
      "op_margin": 0.07478559369618751,
      "fcf_margin": 0.1330073688838311,
      "incr_op_margin_yoy": 1.5744835637064984,
      "rev_growth_yoy": -0.052498023785627373,
      "rev_growth_yoy_accel": -0.016154703227043855,
      "op_leverage_ratio": 0.818010571203666,
      "fcf_margin_change": 0.06201914131772068
    },
    {
      "date": "2024-03-31T00:00:00",
      "quarter_label": "2024-03 (Q1)",
      "revenue": 799038000,
      "gross_profit": null,
      "operating_income": -34708000,
      "net_income": -18508000,
      "opex": 694421000,
      "cogs": null,
      "rd": null,
      "sga": 385144000,
      "fcf": -80859000,
      "ocf": -59277000,
      "capex": -21582000,
      "gross_margin": null,
      "op_margin": -0.04343723327301079,
      "fcf_margin": -0.10119543751361011,
      "incr_op_margin_yoy": -1.1600688468158347,
      "rev_growth_yoy": -0.015039957398497854,
      "rev_growth_yoy_accel": 0.03745806638712952,
      "fcf_margin_change": -0.23420280639744123
    },
    {
      "date": "2024-06-30T00:00:00",
      "quarter_label": "2024-06 (Q2)",
      "revenue": 929092000,
      "gross_profit": null,
      "operating_income": -909667000,
      "net_income": -981658000,
      "opex": 778885000,
      "cogs": null,
      "rd": null,
      "sga": 431614000,
      "fcf": 5557000,
      "ocf": 26729000,
      "capex": -21172000,
      "gross_margin": null,
      "op_margin": -0.9790924903023597,
      "fcf_margin": 0.005981108437054673,
      "incr_op_margin_yoy": -1.3739810530953955,
      "rev_growth_yoy": 0.009867241150678142,
      "rev_growth_yoy_accel": 0.024907198549175995,
      "op_leverage_ratio": 1.338158267698751,
      "fcf_margin_change": 0.10717654595066478
    },
    {
      "date": "2024-09-30T00:00:00",
      "quarter_label": "2024-09 (Q3)",
      "revenue": 1008133000,
      "gross_profit": null,
      "operating_income": 76720000,
      "net_income": -41265000,
      "opex": 803548000,
      "cogs": null,
      "rd": null,
      "sga": 418833000,
      "fcf": 73345000,
      "ocf": 102765000,
      "capex": -29420000,
      "gross_margin": null,
      "op_margin": 0.07610106999770863,
      "fcf_margin": 0.07275329743198566,
      "incr_op_margin_yoy": 0.14063180037719425,
      "rev_growth_yoy": 0.05786425656539582,
      "rev_growth_yoy_accel": 0.04799701541471768,
      "op_leverage_ratio": 2.686712171605185,
      "fcf_margin_change": 0.066772188994931
    },
    {
      "date": "2024-12-31T00:00:00",
      "quarter_label": "2024-12 (Q4)",
      "revenue": 1118269000,
      "gross_profit": null,
      "operating_income": 104547000,
      "net_income": 31490000,
      "opex": null,
      "cogs": null,
      "rd": null,
      "sga": 458088000,
      "fcf": -24208000,
      "ocf": 1212000,
      "capex": -25420000,
      "gross_margin": null,
      "op_margin": 0.09349002789132133,
      "fcf_margin": -0.021647743074340788,
      "incr_op_margin_yoy": 0.4810433904362351,
      "rev_growth_yoy": 0.048262861331686016,
      "rev_growth_yoy_accel": -0.009601395233709807,
      "fcf_margin_change": -0.09440104050632644
    },
    {
      "date": "2025-03-31T00:00:00",
      "quarter_label": "2025-03 (Q1)",
      "revenue": 807101000,
      "gross_profit": null,
      "operating_income": -25434000,
      "net_income": -281224000,
      "opex": null,
      "cogs": null,
      "rd": null,
      "sga": 380794000,
      "fcf": -80674000,
      "ocf": -60944000,
      "capex": -19730000,
      "gross_margin": null,
      "op_margin": -0.031512784645292224,
      "fcf_margin": -0.09995527201676123,
      "incr_op_margin_yoy": 1.1501922361403945,
      "rev_growth_yoy": 0.01009088428835675,
      "rev_growth_yoy_accel": -0.03817197704332927,
      "fcf_margin_change": -0.07830752894242043
    },
    {
      "date": "2025-06-30T00:00:00",
      "quarter_label": "2025-06 (Q2)",
      "revenue": 933653000,
      "gross_profit": null,
      "operating_income": 35370000,
      "net_income": -83480000,
      "opex": null,
      "cogs": null,
      "rd": null,
      "sga": 413082000,
      "fcf": -13176000,
      "ocf": 6821000,
      "capex": -19997000,
      "gross_margin": null,
      "op_margin": 0.03788345348860872,
      "fcf_margin": -0.01411230939117638,
      "incr_op_margin_yoy": 207.19951764963824,
      "rev_growth_yoy": 0.004909094040202693,
      "rev_growth_yoy_accel": -0.005181790248154057,
      "fcf_margin_change": 0.08584296262558486
    },
    {
      "date": "2025-09-30T00:00:00",
      "quarter_label": "2025-09 (Q3)",
      "revenue": 997010000,
      "gross_profit": null,
      "operating_income": -116277000,
      "net_income": -66264000,
      "opex": null,
      "cogs": null,
      "rd": null,
      "sga": 414424000,
      "fcf": -32815000,
      "ocf": -9549000,
      "capex": -23266000,
      "gross_margin": null,
      "op_margin": -0.1166257108755178,
      "fcf_margin": -0.032913411099186565,
      "incr_op_margin_yoy": 17.351164254247955,
      "rev_growth_yoy": -0.01103326644401086,
      "rev_growth_yoy_accel": -0.015942360484213554,
      "fcf_margin_change": -0.018801101708010186
    }
  ],
  "signals": [
    {
      "quarter": "2025-06 (Q2)",
      "signal": "FCF MARGIN EXPANSION",
      "detail": "FCF margin: -10.0% -> -1.4% (+8.6%)",
      "severity": "MEDIUM"
    },
    {
      "quarter": "2025-06 (Q2)",
      "signal": "OP MARGIN TURNED POSITIVE (YoY)",
      "detail": "Op margin: -97.9% (year-ago) -> +3.8%",
      "severity": "HIGH"
    },
    {
      "quarter": "2025-06 (Q2)",
      "signal": "OP MARGIN TURNED POSITIVE (QoQ)",
      "detail": "Op margin: -3.2% -> +3.8%",
      "severity": "HIGH"
    },
    {
      "quarter": "2024-12 (Q4)",
      "signal": "INCREMENTAL MARGIN (YoY)",
      "detail": "YoY Incr OPM: +48.1% vs year-ago OPM: +7.5%",
      "severity": "HIGH"
    },
    {
      "quarter": "2024-09 (Q3)",
      "signal": "FCF MARGIN EXPANSION",
      "detail": "FCF margin: +0.6% -> +7.3% (+6.7%)",
      "severity": "MEDIUM"
    },
    {
      "quarter": "2024-09 (Q3)",
      "signal": "OPERATING LEVERAGE",
      "detail": "Rev growth +8.5% vs OpEx growth +3.2% (leverage: 2.7x)",
      "severity": "MEDIUM"
    },
    {
      "quarter": "2024-09 (Q3)",
      "signal": "OP MARGIN TURNED POSITIVE (QoQ)",
      "detail": "Op margin: -97.9% -> +7.6%",
      "severity": "HIGH"
    },
    {
      "quarter": "2024-06 (Q2)",
      "signal": "FCF TURNED POSITIVE",
      "detail": "FCF margin: -10.1% -> +0.6%",
      "severity": "HIGH"
    },
    {
      "quarter": "2023-12 (Q4)",
      "signal": "FCF MARGIN EXPANSION",
      "detail": "FCF margin: +7.1% -> +13.3% (+6.2%)",
      "severity": "MEDIUM"
    },
    {
      "quarter": "2023-12 (Q4)",
      "signal": "INCREMENTAL MARGIN (YoY)",
      "detail": "YoY Incr OPM: +157.4% vs year-ago OPM: +15.4%",
      "severity": "HIGH"
    },
    {
      "quarter": "2023-09 (Q3)",
      "signal": "OP MARGIN TURNED POSITIVE (YoY)",
      "detail": "Op margin: -21.4% (year-ago) -> +7.2%",
      "severity": "HIGH"
    },
    {
      "quarter": "2023-09 (Q3)",
      "signal": "OP MARGIN TURNED POSITIVE (QoQ)",
      "detail": "Op margin: -97.5% -> +7.2%",
      "severity": "HIGH"
    },
    {
      "quarter": "2023-06 (Q2)",
      "signal": "FCF TURNED POSITIVE",
      "detail": "FCF margin: -16.4% -> +3.7%",
      "severity": "HIGH"
    },
    {
      "quarter": "2023-06 (Q2)",
      "signal": "OPERATING LEVERAGE",
      "detail": "Rev growth +13.4% vs OpEx growth +1.5% (leverage: 8.7x)",
      "severity": "MEDIUM"
    },
    {
      "quarter": "2023-03 (Q1)",
      "signal": "YoY REVENUE GROWTH DECELERATION",
      "detail": "YoY growth: -3.8% vs prior quarter YoY: +6.0% (decel: -9.8%)",
      "severity": "WARNING"
    },
    {
      "quarter": "2022-12 (Q4)",
      "signal": "FCF MARGIN EXPANSION",
      "detail": "FCF margin: +6.3% -> +14.7% (+8.3%)",
      "severity": "MEDIUM"
    },
    {
      "quarter": "2022-12 (Q4)",
      "signal": "INCREMENTAL MARGIN (YoY)",
      "detail": "YoY Incr OPM: +78.1% vs year-ago OPM: +11.6%",
      "severity": "HIGH"
    },
    {
      "quarter": "2022-12 (Q4)",
      "signal": "OP MARGIN TURNED POSITIVE (QoQ)",
      "detail": "Op margin: -21.4% -> +15.4%",
      "severity": "HIGH"
    },
    {
      "quarter": "2022-06 (Q2)",
      "signal": "FCF TURNED POSITIVE",
      "detail": "FCF margin: -8.9% -> +11.1%",
      "severity": "HIGH"
    },
    {
      "quarter": "2022-06 (Q2)",
      "signal": "OPERATING LEVERAGE",
      "detail": "Rev growth +13.1% vs OpEx growth +2.7% (leverage: 4.9x)",
      "severity": "MEDIUM"
    },
    {
      "quarter": "2022-06 (Q2)",
      "signal": "YoY REVENUE GROWTH DECELERATION",
      "detail": "YoY growth: +10.7% vs prior quarter YoY: +19.4% (decel: -8.6%)",
      "severity": "WARNING"
    },
    {
      "quarter": "2022-06 (Q2)",
      "signal": "INCREMENTAL MARGIN (YoY)",
      "detail": "YoY Incr OPM: +59.2% vs year-ago OPM: +3.3%",
      "severity": "HIGH"
    },
    {
      "quarter": "2022-03 (Q1)",
      "signal": "YoY REVENUE GROWTH ACCELERATION",
      "detail": "YoY growth: +19.4% vs prior quarter YoY: +13.5% (accel: +5.8%)",
      "severity": "MEDIUM"
    },
    {
      "quarter": "2022-03 (Q1)",
      "signal": "OP MARGIN TURNED POSITIVE (YoY)",
      "detail": "Op margin: -10.8% (year-ago) -> +1.5%",
      "severity": "HIGH"
    },
    {
      "quarter": "2021-09 (Q3)",
      "signal": "FCF TURNED POSITIVE",
      "detail": "FCF margin: -0.3% -> +4.9%",
      "severity": "HIGH"
    },
    {
      "quarter": "2021-09 (Q3)",
      "signal": "OPERATING LEVERAGE",
      "detail": "Rev growth +7.7% vs OpEx growth +3.1% (leverage: 2.5x)",
      "severity": "MEDIUM"
    },
    {
      "quarter": "2021-06 (Q2)",
      "signal": "OPERATING LEVERAGE",
      "detail": "Rev growth +21.9% vs OpEx growth +12.0% (leverage: 1.8x)",
      "severity": "MEDIUM"
    },
    {
      "quarter": "2021-06 (Q2)",
      "signal": "OP MARGIN TURNED POSITIVE (QoQ)",
      "detail": "Op margin: -10.8% -> +3.3%",
      "severity": "HIGH"
    }
  ],
  "data_quality": {
    "n_quarters": 20,
    "coverage": {
      "revenue": [
        20,
        20
      ],
      "gross_profit": [
        0,
        20
      ],
      "op_income": [
        20,
        20
      ],
      "fcf": [
        20,
        20
      ]
    },
    "gaps": [],
    "warnings": [
      "gross_profit: no data"
    ]
  },
  "market_cap": null,
  "source": "SEC EDGAR",
  "last_updated": "2026-02-02T22:24:46.884856"
}