{
  "ticker": "IIIN",
  "name": "Insteel Industries Inc.",
  "quarters": [
    {
      "date": "2021-04-03T00:00:00",
      "quarter_label": "2021-04 (Q2)",
      "revenue": 138999000,
      "gross_profit": 30228000,
      "operating_income": null,
      "net_income": 14920000,
      "opex": null,
      "cogs": 108771000,
      "rd": null,
      "sga": 10330000,
      "fcf": 15289000,
      "ocf": 15289000,
      "capex": null,
      "gross_margin": 0.2174691904258304,
      "op_margin": null,
      "fcf_margin": 0.10999359707623796
    },
    {
      "date": "2021-07-03T00:00:00",
      "quarter_label": "2021-07 (Q3)",
      "revenue": 160739000,
      "gross_profit": 31550000,
      "operating_income": null,
      "net_income": 18395000,
      "opex": null,
      "cogs": 129189000,
      "rd": null,
      "sga": 6184000,
      "fcf": 36223000,
      "ocf": 36223000,
      "capex": null,
      "gross_margin": 0.1962809274662652,
      "op_margin": null,
      "fcf_margin": 0.22535290128717983,
      "fcf_margin_change": 0.11535930421094187
    },
    {
      "date": "2021-10-02T00:00:00",
      "quarter_label": "2021-10 (Q4)",
      "revenue": 171258000,
      "gross_profit": 39919000,
      "operating_income": null,
      "net_income": 25152000,
      "opex": null,
      "cogs": 131339000,
      "rd": null,
      "sga": 7321000,
      "fcf": 4416000,
      "ocf": 4416000,
      "capex": null,
      "gross_margin": 0.23309276063016035,
      "op_margin": null,
      "fcf_margin": 0.0257856567284448,
      "fcf_margin_change": -0.19956724455873504
    },
    {
      "date": "2022-01-01T00:00:00",
      "quarter_label": "2022-01 (Q1)",
      "revenue": 178459000,
      "gross_profit": 42364000,
      "operating_income": null,
      "net_income": 23129000,
      "opex": null,
      "cogs": 136095000,
      "rd": null,
      "sga": 12281000,
      "fcf": 13631000,
      "ocf": 13631000,
      "capex": null,
      "gross_margin": 0.2373878593962759,
      "op_margin": null,
      "fcf_margin": 0.07638168991196857,
      "fcf_margin_change": 0.05059603318352377
    },
    {
      "date": "2022-04-02T00:00:00",
      "quarter_label": "2022-04 (Q2)",
      "revenue": 213209000,
      "gross_profit": 57069000,
      "operating_income": null,
      "net_income": 39017000,
      "opex": null,
      "cogs": 156140000,
      "rd": null,
      "sga": 7202000,
      "fcf": 6435000,
      "ocf": 6435000,
      "capex": null,
      "gross_margin": 0.26766693713680006,
      "op_margin": null,
      "fcf_margin": 0.03018165274449015,
      "rev_growth_yoy": 0.5338887330124678,
      "fcf_margin_change": -0.04620003716747842
    },
    {
      "date": "2022-07-02T00:00:00",
      "quarter_label": "2022-07 (Q3)",
      "revenue": 227173000,
      "gross_profit": 58082000,
      "operating_income": null,
      "net_income": 38559000,
      "opex": null,
      "cogs": 169091000,
      "rd": null,
      "sga": 8235000,
      "fcf": -4952000,
      "ocf": -4952000,
      "capex": null,
      "gross_margin": 0.2556729893077082,
      "op_margin": null,
      "fcf_margin": -0.021798365122615803,
      "rev_growth_yoy": 0.41330355420899717,
      "rev_growth_yoy_accel": -0.12058517880347058,
      "fcf_margin_change": -0.05198001786710595
    },
    {
      "date": "2022-10-01T00:00:00",
      "quarter_label": "2022-10 (Q4)",
      "revenue": 207991000,
      "gross_profit": 39795000,
      "operating_income": null,
      "net_income": 24306000,
      "opex": null,
      "cogs": 168196000,
      "rd": null,
      "sga": 8330000,
      "fcf": -9444000,
      "ocf": -9444000,
      "capex": null,
      "gross_margin": 0.191330394103591,
      "op_margin": null,
      "fcf_margin": -0.04540581082835315,
      "rev_growth_yoy": 0.21448925013721987,
      "rev_growth_yoy_accel": -0.1988143040717773,
      "fcf_margin_change": -0.023607445705737345
    },
    {
      "date": "2022-12-31T00:00:00",
      "quarter_label": "2022-12 (Q4)",
      "revenue": 166899000,
      "gross_profit": 17786000,
      "operating_income": null,
      "net_income": 11123000,
      "opex": null,
      "cogs": 149113000,
      "rd": null,
      "sga": 7126000,
      "fcf": 33006000,
      "ocf": 33006000,
      "capex": null,
      "gross_margin": 0.10656744498169551,
      "op_margin": null,
      "fcf_margin": 0.1977603221109773,
      "rev_growth_yoy": -0.06477678346286822,
      "rev_growth_yoy_accel": -0.27926603360008806,
      "fcf_margin_change": 0.24316613293933045
    },
    {
      "date": "2023-04-01T00:00:00",
      "quarter_label": "2023-04 (Q2)",
      "revenue": 159051000,
      "gross_profit": 13262000,
      "operating_income": null,
      "net_income": 5101000,
      "opex": null,
      "cogs": 145789000,
      "rd": null,
      "sga": 7506000,
      "fcf": 46565000,
      "ocf": 46565000,
      "capex": null,
      "gross_margin": 0.08338205984244047,
      "op_margin": null,
      "fcf_margin": 0.2927677285902006,
      "rev_growth_yoy": -0.2540136673404969,
      "rev_growth_yoy_accel": -0.1892368838776287,
      "fcf_margin_change": 0.09500740647922332
    },
    {
      "date": "2023-07-01T00:00:00",
      "quarter_label": "2023-07 (Q3)",
      "revenue": 165714000,
      "gross_profit": 20367000,
      "operating_income": null,
      "net_income": 10565000,
      "opex": null,
      "cogs": 145347000,
      "rd": null,
      "sga": 7924000,
      "fcf": 23755000,
      "ocf": 23755000,
      "capex": null,
      "gross_margin": 0.12290452224917629,
      "op_margin": null,
      "fcf_margin": 0.1433493850851467,
      "rev_growth_yoy": -0.27053831221139835,
      "rev_growth_yoy_accel": -0.01652464487090144,
      "fcf_margin_change": -0.14941834350505392
    },
    {
      "date": "2023-09-30T00:00:00",
      "quarter_label": "2023-09 (Q3)",
      "revenue": 157524000,
      "gross_profit": 13983000,
      "operating_income": null,
      "net_income": 5626000,
      "opex": null,
      "cogs": 143541000,
      "rd": null,
      "sga": 8129000,
      "fcf": 38874000,
      "ocf": 38874000,
      "capex": null,
      "gross_margin": 0.08876742591605088,
      "op_margin": null,
      "fcf_margin": 0.24678144282775957,
      "rev_growth_yoy": -0.2426403065517258,
      "rev_growth_yoy_accel": 0.027898005659672542,
      "fcf_margin_change": 0.10343205774261288
    },
    {
      "date": "2023-12-30T00:00:00",
      "quarter_label": "2023-12 (Q4)",
      "revenue": 121725000,
      "gross_profit": 6270000,
      "operating_income": null,
      "net_income": 1132000,
      "opex": null,
      "cogs": 115455000,
      "rd": null,
      "sga": 6367000,
      "fcf": 21834000,
      "ocf": 21834000,
      "capex": null,
      "gross_margin": 0.051509550215650034,
      "op_margin": null,
      "fcf_margin": 0.17937153419593346,
      "rev_growth_yoy": -0.2706666906332572,
      "rev_growth_yoy_accel": -0.028026384081531408,
      "fcf_margin_change": -0.06740990863182611
    },
    {
      "date": "2024-03-30T00:00:00",
      "quarter_label": "2024-03 (Q1)",
      "revenue": 127394000,
      "gross_profit": 15715000,
      "operating_income": null,
      "net_income": 6939000,
      "opex": null,
      "cogs": 111679000,
      "rd": null,
      "sga": 7875000,
      "fcf": 1377000,
      "ocf": 1377000,
      "capex": null,
      "gross_margin": 0.1233574579650533,
      "op_margin": null,
      "fcf_margin": 0.010808986294487967,
      "rev_growth_yoy": -0.19903678694255303,
      "rev_growth_yoy_accel": 0.07162990369070418,
      "fcf_margin_change": -0.1685625479014455
    },
    {
      "date": "2024-06-29T00:00:00",
      "quarter_label": "2024-06 (Q2)",
      "revenue": 145775000,
      "gross_profit": 15388000,
      "operating_income": null,
      "net_income": 6565000,
      "opex": null,
      "cogs": 130387000,
      "rd": null,
      "sga": 7879000,
      "fcf": 18767000,
      "ocf": 18767000,
      "capex": null,
      "gross_margin": 0.1055599382610187,
      "op_margin": null,
      "fcf_margin": 0.12873949579831934,
      "rev_growth_yoy": -0.12032175917544685,
      "rev_growth_yoy_accel": 0.07871502776710618,
      "fcf_margin_change": 0.11793050950383137
    },
    {
      "date": "2024-09-28T00:00:00",
      "quarter_label": "2024-09 (Q3)",
      "revenue": 134304000,
      "gross_profit": 12259000,
      "operating_income": null,
      "net_income": 4669000,
      "opex": null,
      "cogs": 122045000,
      "rd": null,
      "sga": 7470000,
      "fcf": 16229000,
      "ocf": 16229000,
      "capex": null,
      "gross_margin": 0.09127799618775316,
      "op_margin": null,
      "fcf_margin": 0.12083780081010245,
      "rev_growth_yoy": -0.14740610954521216,
      "rev_growth_yoy_accel": -0.02708435036976531,
      "fcf_margin_change": -0.007901694988216884
    },
    {
      "date": "2024-12-28T00:00:00",
      "quarter_label": "2024-12 (Q4)",
      "revenue": 129720000,
      "gross_profit": 9529000,
      "operating_income": null,
      "net_income": 1081000,
      "opex": null,
      "cogs": 120191000,
      "rd": null,
      "sga": 7887000,
      "fcf": 18983000,
      "ocf": 18983000,
      "capex": null,
      "gross_margin": 0.07345821769966081,
      "op_margin": null,
      "fcf_margin": 0.14633826703669442,
      "rev_growth_yoy": 0.06568083795440542,
      "rev_growth_yoy_accel": 0.2130869474996176,
      "fcf_margin_change": 0.025500466226591967
    },
    {
      "date": "2025-03-29T00:00:00",
      "quarter_label": "2025-03 (Q1)",
      "revenue": 160656000,
      "gross_profit": 24529000,
      "operating_income": null,
      "net_income": 10230000,
      "opex": null,
      "cogs": 136127000,
      "rd": null,
      "sga": 10800000,
      "fcf": -3318000,
      "ocf": -3318000,
      "capex": null,
      "gross_margin": 0.15268026093018625,
      "op_margin": null,
      "fcf_margin": -0.020652823423961755,
      "rev_growth_yoy": 0.26109549900309276,
      "rev_growth_yoy_accel": 0.19541466104868732,
      "fcf_margin_change": -0.1669910904606562
    },
    {
      "date": "2025-06-28T00:00:00",
      "quarter_label": "2025-06 (Q2)",
      "revenue": 179886000,
      "gross_profit": 30772000,
      "operating_income": null,
      "net_income": 15159000,
      "opex": null,
      "cogs": 149114000,
      "rd": null,
      "sga": 10607000,
      "fcf": 28505000,
      "ocf": 28505000,
      "capex": null,
      "gross_margin": 0.17106389602303682,
      "op_margin": null,
      "fcf_margin": 0.1584614700421378,
      "rev_growth_yoy": 0.23399759903961584,
      "rev_growth_yoy_accel": -0.027097899963476918,
      "fcf_margin_change": 0.17911429346609953
    },
    {
      "date": "2025-09-27T00:00:00",
      "quarter_label": "2025-09 (Q3)",
      "revenue": 177444000,
      "gross_profit": 28608000,
      "operating_income": null,
      "net_income": 14550000,
      "opex": null,
      "cogs": 148836000,
      "rd": null,
      "sga": 9708000,
      "fcf": -17007000,
      "ocf": -17007000,
      "capex": null,
      "gross_margin": 0.16122269561100966,
      "op_margin": null,
      "fcf_margin": -0.0958443227158991,
      "rev_growth_yoy": 0.3212115796997856,
      "rev_growth_yoy_accel": 0.08721398066016975,
      "fcf_margin_change": -0.2543057927580369
    },
    {
      "date": "2025-12-27T00:00:00",
      "quarter_label": "2025-12 (Q4)",
      "revenue": 159924000,
      "gross_profit": 18060000,
      "operating_income": null,
      "net_income": 7593000,
      "opex": null,
      "cogs": 141864000,
      "rd": null,
      "sga": 8760000,
      "fcf": -701000,
      "ocf": -701000,
      "capex": null,
      "gross_margin": 0.11292864110452465,
      "op_margin": null,
      "fcf_margin": -0.004383332082739301,
      "rev_growth_yoy": 0.2328399629972248,
      "rev_growth_yoy_accel": -0.0883716167025608,
      "fcf_margin_change": 0.0914609906331598
    }
  ],
  "signals": [
    {
      "quarter": "2025-12 (Q4)",
      "signal": "FCF MARGIN EXPANSION",
      "detail": "FCF margin: -9.6% -> -0.4% (+9.1%)",
      "severity": "MEDIUM"
    },
    {
      "quarter": "2025-12 (Q4)",
      "signal": "YoY REVENUE GROWTH DECELERATION",
      "detail": "YoY growth: +23.3% vs prior quarter YoY: +32.1% (decel: -8.8%)",
      "severity": "WARNING"
    },
    {
      "quarter": "2025-09 (Q3)",
      "signal": "YoY REVENUE GROWTH ACCELERATION",
      "detail": "YoY growth: +32.1% vs prior quarter YoY: +23.4% (accel: +8.7%)",
      "severity": "MEDIUM"
    },
    {
      "quarter": "2025-06 (Q2)",
      "signal": "FCF TURNED POSITIVE",
      "detail": "FCF margin: -2.1% -> +15.8%",
      "severity": "HIGH"
    },
    {
      "quarter": "2025-03 (Q1)",
      "signal": "GROSS MARGIN INFLECTION",
      "detail": "GM: +9.1% -> +7.3% -> +15.3% (reversal +7.9%)",
      "severity": "HIGH"
    },
    {
      "quarter": "2025-03 (Q1)",
      "signal": "YoY REVENUE GROWTH ACCELERATION",
      "detail": "YoY growth: +26.1% vs prior quarter YoY: +6.6% (accel: +19.5%)",
      "severity": "HIGH"
    },
    {
      "quarter": "2024-12 (Q4)",
      "signal": "YoY REVENUE GROWTH ACCELERATION",
      "detail": "YoY growth: +6.6% vs prior quarter YoY: -14.7% (accel: +21.3%)",
      "severity": "HIGH"
    },
    {
      "quarter": "2024-06 (Q2)",
      "signal": "FCF MARGIN EXPANSION",
      "detail": "FCF margin: +1.1% -> +12.9% (+11.8%)",
      "severity": "MEDIUM"
    },
    {
      "quarter": "2024-06 (Q2)",
      "signal": "YoY REVENUE GROWTH ACCELERATION",
      "detail": "YoY growth: -12.0% vs prior quarter YoY: -19.9% (accel: +7.9%)",
      "severity": "MEDIUM"
    },
    {
      "quarter": "2024-03 (Q1)",
      "signal": "GROSS MARGIN INFLECTION",
      "detail": "GM: +8.9% -> +5.2% -> +12.3% (reversal +7.2%)",
      "severity": "HIGH"
    },
    {
      "quarter": "2024-03 (Q1)",
      "signal": "YoY REVENUE GROWTH ACCELERATION",
      "detail": "YoY growth: -19.9% vs prior quarter YoY: -27.1% (accel: +7.2%)",
      "severity": "MEDIUM"
    },
    {
      "quarter": "2023-09 (Q3)",
      "signal": "FCF MARGIN EXPANSION",
      "detail": "FCF margin: +14.3% -> +24.7% (+10.3%)",
      "severity": "MEDIUM"
    },
    {
      "quarter": "2023-07 (Q3)",
      "signal": "GROSS MARGIN INFLECTION",
      "detail": "GM: +10.7% -> +8.3% -> +12.3% (reversal +4.0%)",
      "severity": "MEDIUM"
    },
    {
      "quarter": "2023-04 (Q2)",
      "signal": "FCF MARGIN EXPANSION",
      "detail": "FCF margin: +19.8% -> +29.3% (+9.5%)",
      "severity": "MEDIUM"
    },
    {
      "quarter": "2023-04 (Q2)",
      "signal": "YoY REVENUE GROWTH DECELERATION",
      "detail": "YoY growth: -25.4% vs prior quarter YoY: -6.5% (decel: -18.9%)",
      "severity": "WARNING"
    },
    {
      "quarter": "2022-12 (Q4)",
      "signal": "FCF TURNED POSITIVE",
      "detail": "FCF margin: -4.5% -> +19.8%",
      "severity": "HIGH"
    },
    {
      "quarter": "2022-12 (Q4)",
      "signal": "YoY REVENUE GROWTH DECELERATION",
      "detail": "YoY growth: -6.5% vs prior quarter YoY: +21.4% (decel: -27.9%)",
      "severity": "WARNING"
    },
    {
      "quarter": "2022-10 (Q4)",
      "signal": "YoY REVENUE GROWTH DECELERATION",
      "detail": "YoY growth: +21.4% vs prior quarter YoY: +41.3% (decel: -19.9%)",
      "severity": "WARNING"
    },
    {
      "quarter": "2022-07 (Q3)",
      "signal": "YoY REVENUE GROWTH DECELERATION",
      "detail": "YoY growth: +41.3% vs prior quarter YoY: +53.4% (decel: -12.1%)",
      "severity": "WARNING"
    },
    {
      "quarter": "2022-01 (Q1)",
      "signal": "FCF MARGIN EXPANSION",
      "detail": "FCF margin: +2.6% -> +7.6% (+5.1%)",
      "severity": "MEDIUM"
    },
    {
      "quarter": "2021-10 (Q4)",
      "signal": "GROSS MARGIN INFLECTION",
      "detail": "GM: +21.7% -> +19.6% -> +23.3% (reversal +3.7%)",
      "severity": "MEDIUM"
    },
    {
      "quarter": "2021-07 (Q3)",
      "signal": "FCF MARGIN EXPANSION",
      "detail": "FCF margin: +11.0% -> +22.5% (+11.5%)",
      "severity": "MEDIUM"
    }
  ],
  "data_quality": {
    "n_quarters": 20,
    "coverage": {
      "revenue": [
        20,
        20
      ],
      "gross_profit": [
        20,
        20
      ],
      "op_income": [
        0,
        20
      ],
      "fcf": [
        20,
        20
      ]
    },
    "gaps": [],
    "warnings": [
      "op_income: no data"
    ]
  },
  "market_cap": null,
  "source": "SEC EDGAR",
  "last_updated": "2026-02-02T22:16:55.799593"
}