{
  "ticker": "IIPR",
  "name": "Innovative Industrial Properties, Inc.",
  "quarters": [
    {
      "date": "2020-12-31T00:00:00",
      "quarter_label": "2020-12 (Q4)",
      "revenue": 37093000,
      "gross_profit": null,
      "operating_income": 22861000,
      "net_income": 21333000,
      "opex": 14232000,
      "cogs": null,
      "rd": null,
      "sga": null,
      "fcf": 34236000,
      "ocf": 34236000,
      "capex": null,
      "gross_margin": null,
      "op_margin": 0.6163157469064244,
      "fcf_margin": 0.9229773811770415
    },
    {
      "date": "2021-03-31T00:00:00",
      "quarter_label": "2021-03 (Q1)",
      "revenue": 42885000,
      "gross_profit": null,
      "operating_income": 27676000,
      "net_income": 25927000,
      "opex": 15209000,
      "cogs": null,
      "rd": null,
      "sga": null,
      "fcf": 42608000,
      "ocf": 42608000,
      "capex": null,
      "gross_margin": null,
      "op_margin": 0.6453538533286697,
      "fcf_margin": 0.9935408651043488,
      "op_leverage_ratio": 2.274615346896612,
      "fcf_margin_change": 0.07056348392730727
    },
    {
      "date": "2021-06-30T00:00:00",
      "quarter_label": "2021-06 (Q2)",
      "revenue": 48867000,
      "gross_profit": null,
      "operating_income": 32940000,
      "net_income": 29339000,
      "opex": 15927000,
      "cogs": null,
      "rd": null,
      "sga": null,
      "fcf": 46784000,
      "ocf": 46784000,
      "capex": null,
      "gross_margin": null,
      "op_margin": 0.6740745288231321,
      "fcf_margin": 0.9573740970389015,
      "op_leverage_ratio": 2.954725974077852,
      "fcf_margin_change": -0.036166768065447275
    },
    {
      "date": "2021-09-30T00:00:00",
      "quarter_label": "2021-09 (Q3)",
      "revenue": 53856000,
      "gross_profit": null,
      "operating_income": 36293000,
      "net_income": 30094000,
      "opex": 17563000,
      "cogs": null,
      "rd": null,
      "sga": null,
      "fcf": 51567000,
      "ocf": 51567000,
      "capex": null,
      "gross_margin": null,
      "op_margin": 0.6738896316102199,
      "fcf_margin": 0.9574977718360071,
      "op_leverage_ratio": 0.9939133103309251,
      "fcf_margin_change": 0.0001236747971056218
    },
    {
      "date": "2021-12-31T00:00:00",
      "quarter_label": "2021-12 (Q4)",
      "revenue": 58943000,
      "gross_profit": null,
      "operating_income": 38462000,
      "net_income": 28630000,
      "opex": 20481000,
      "cogs": null,
      "rd": null,
      "sga": null,
      "fcf": 47788000,
      "ocf": 47788000,
      "capex": null,
      "gross_margin": null,
      "op_margin": 0.6525287141814974,
      "fcf_margin": 0.8107493680335239,
      "incr_op_margin_yoy": 0.7140045766590389,
      "rev_growth_yoy": 0.5890599304450974,
      "op_leverage_ratio": 0.5685138601777969,
      "fcf_margin_change": -0.14674840380248322
    },
    {
      "date": "2022-03-31T00:00:00",
      "quarter_label": "2022-03 (Q1)",
      "revenue": 64504000,
      "gross_profit": null,
      "operating_income": 39877000,
      "net_income": 35050000,
      "opex": 24627000,
      "cogs": null,
      "rd": null,
      "sga": null,
      "fcf": 59884000,
      "ocf": 59884000,
      "capex": null,
      "gross_margin": null,
      "op_margin": 0.6182097234280045,
      "fcf_margin": 0.9283765347885402,
      "incr_op_margin_yoy": 0.5643646792173551,
      "rev_growth_yoy": 0.5041156581555323,
      "rev_growth_yoy_accel": -0.08494427228956514,
      "op_leverage_ratio": 0.46606073816611027,
      "fcf_margin_change": 0.11762716675501628
    },
    {
      "date": "2022-06-30T00:00:00",
      "quarter_label": "2022-06 (Q2)",
      "revenue": 70511000,
      "gross_profit": null,
      "operating_income": 44144000,
      "net_income": 40214000,
      "opex": 26367000,
      "cogs": null,
      "rd": null,
      "sga": null,
      "fcf": 62097000,
      "ocf": 62097000,
      "capex": null,
      "gross_margin": null,
      "op_margin": 0.6260583455063748,
      "fcf_margin": 0.8806711009629703,
      "incr_op_margin_yoy": 0.5176492330437996,
      "rev_growth_yoy": 0.44291648760922503,
      "rev_growth_yoy_accel": -0.06119917054630725,
      "op_leverage_ratio": 1.3180541329701019,
      "fcf_margin_change": -0.04770543382556991
    },
    {
      "date": "2022-09-30T00:00:00",
      "quarter_label": "2022-09 (Q3)",
      "revenue": 70883000,
      "gross_profit": null,
      "operating_income": 41356000,
      "net_income": 37616000,
      "opex": 29527000,
      "cogs": null,
      "rd": null,
      "sga": null,
      "fcf": 56794000,
      "ocf": 56794000,
      "capex": null,
      "gross_margin": null,
      "op_margin": 0.5834403171423331,
      "fcf_margin": 0.8012358393408857,
      "incr_op_margin_yoy": 0.2973512656369296,
      "rev_growth_yoy": 0.3161579025549614,
      "rev_growth_yoy_accel": -0.12675858505426363,
      "fcf_margin_change": -0.07943526162208459
    },
    {
      "date": "2022-12-31T00:00:00",
      "quarter_label": "2022-12 (Q4)",
      "revenue": 70461000,
      "gross_profit": null,
      "operating_income": 44240000,
      "net_income": 41506000,
      "opex": 29822000,
      "cogs": null,
      "rd": null,
      "sga": null,
      "fcf": 55355000,
      "ocf": 55355000,
      "capex": null,
      "gross_margin": null,
      "op_margin": 0.6278650601041711,
      "fcf_margin": 0.7856118987808859,
      "incr_op_margin_yoy": 0.5016495919430457,
      "rev_growth_yoy": 0.19540912406901584,
      "rev_growth_yoy_accel": -0.12074877848594556,
      "fcf_margin_change": -0.015623940559999827
    },
    {
      "date": "2023-03-31T00:00:00",
      "quarter_label": "2023-03 (Q1)",
      "revenue": 76067000,
      "gross_profit": null,
      "operating_income": 43357000,
      "net_income": 41092000,
      "opex": 32710000,
      "cogs": null,
      "rd": null,
      "sga": null,
      "fcf": 64616000,
      "ocf": 64616000,
      "capex": null,
      "gross_margin": null,
      "op_margin": 0.5699843558967752,
      "fcf_margin": 0.849461658800794,
      "incr_op_margin_yoy": 0.3009599584882816,
      "rev_growth_yoy": 0.17926020091777253,
      "rev_growth_yoy_accel": -0.016148923151243305,
      "op_leverage_ratio": 0.8215686672272015,
      "fcf_margin_change": 0.06384976001990816
    },
    {
      "date": "2023-06-30T00:00:00",
      "quarter_label": "2023-06 (Q2)",
      "revenue": 76457000,
      "gross_profit": null,
      "operating_income": 43424000,
      "net_income": 41269000,
      "opex": 33033000,
      "cogs": null,
      "rd": null,
      "sga": null,
      "fcf": 61764000,
      "ocf": 61764000,
      "capex": null,
      "gross_margin": null,
      "op_margin": 0.5679532286121611,
      "fcf_margin": 0.8078266214996664,
      "incr_op_margin_yoy": -0.12108980827447023,
      "rev_growth_yoy": 0.08432726808583058,
      "rev_growth_yoy_accel": -0.09493293283194196,
      "fcf_margin_change": -0.04163503730112761
    },
    {
      "date": "2023-09-30T00:00:00",
      "quarter_label": "2023-09 (Q3)",
      "revenue": 77826000,
      "gross_profit": null,
      "operating_income": 43849000,
      "net_income": 41594000,
      "opex": 33977000,
      "cogs": null,
      "rd": null,
      "sga": null,
      "fcf": 63082000,
      "ocf": 63082000,
      "capex": null,
      "gross_margin": null,
      "op_margin": 0.5634235345514352,
      "fcf_margin": 0.8105517436332331,
      "incr_op_margin_yoy": 0.3590666858706611,
      "rev_growth_yoy": 0.09795014319371359,
      "rev_growth_yoy_accel": 0.013622875107883015,
      "op_leverage_ratio": 0.6265593538452876,
      "fcf_margin_change": 0.002725122133566682
    },
    {
      "date": "2023-12-31T00:00:00",
      "quarter_label": "2023-12 (Q4)",
      "revenue": 79156000,
      "gross_profit": null,
      "operating_income": 43957000,
      "net_income": 41633000,
      "opex": 35199000,
      "cogs": null,
      "rd": null,
      "sga": null,
      "fcf": 66081000,
      "ocf": 66081000,
      "capex": null,
      "gross_margin": null,
      "op_margin": 0.5553211380059629,
      "fcf_margin": 0.8348198494112891,
      "incr_op_margin_yoy": -0.03254744105807936,
      "rev_growth_yoy": 0.12340159804714665,
      "rev_growth_yoy_accel": 0.02545145485343306,
      "op_leverage_ratio": 0.4751609648499109,
      "fcf_margin_change": 0.024268105778055937
    },
    {
      "date": "2024-03-31T00:00:00",
      "quarter_label": "2024-03 (Q1)",
      "revenue": 75454000,
      "gross_profit": null,
      "operating_income": 42033000,
      "net_income": 39428000,
      "opex": 33421000,
      "cogs": null,
      "rd": null,
      "sga": null,
      "fcf": 71566000,
      "ocf": 71566000,
      "capex": null,
      "gross_margin": null,
      "op_margin": 0.5570678824184271,
      "fcf_margin": 0.9484719166644578,
      "rev_growth_yoy": -0.008058685106550804,
      "rev_growth_yoy_accel": -0.13146028315369745,
      "fcf_margin_change": 0.11365206725316879
    },
    {
      "date": "2024-06-30T00:00:00",
      "quarter_label": "2024-06 (Q2)",
      "revenue": 79793000,
      "gross_profit": null,
      "operating_income": 42347000,
      "net_income": 41993000,
      "opex": 33997000,
      "cogs": null,
      "rd": null,
      "sga": null,
      "fcf": 64205000,
      "ocf": 64205000,
      "capex": null,
      "gross_margin": null,
      "op_margin": 0.5307107139724035,
      "fcf_margin": 0.8046445176895216,
      "incr_op_margin_yoy": -0.322841726618705,
      "rev_growth_yoy": 0.04363236852086794,
      "rev_growth_yoy_accel": 0.05169105362741874,
      "op_leverage_ratio": 3.3366014899070224,
      "fcf_margin_change": -0.14382739897493624
    },
    {
      "date": "2024-09-30T00:00:00",
      "quarter_label": "2024-09 (Q3)",
      "revenue": 76526000,
      "gross_profit": null,
      "operating_income": 41957000,
      "net_income": 40215000,
      "opex": 34569000,
      "cogs": null,
      "rd": null,
      "sga": null,
      "fcf": 64869000,
      "ocf": 64869000,
      "capex": null,
      "gross_margin": null,
      "op_margin": 0.5482711758095288,
      "fcf_margin": 0.8476726864072341,
      "incr_op_margin_yoy": 1.4553846153846153,
      "rev_growth_yoy": -0.016703929278133273,
      "rev_growth_yoy_accel": -0.06033629779900121,
      "fcf_margin_change": 0.043028168717712534
    },
    {
      "date": "2024-12-31T00:00:00",
      "quarter_label": "2024-12 (Q4)",
      "revenue": 76744000,
      "gross_profit": null,
      "operating_income": 42008000,
      "net_income": 40025000,
      "opex": 34736000,
      "cogs": null,
      "rd": null,
      "sga": null,
      "fcf": 57806000,
      "ocf": 57806000,
      "capex": null,
      "gross_margin": null,
      "op_margin": 0.5473782966746586,
      "fcf_margin": 0.7532315229855102,
      "incr_op_margin_yoy": 0.8080431177446102,
      "rev_growth_yoy": -0.030471474051240587,
      "rev_growth_yoy_accel": -0.013767544773107314,
      "fcf_margin_change": -0.09444116342172393
    },
    {
      "date": "2025-03-31T00:00:00",
      "quarter_label": "2025-03 (Q1)",
      "revenue": 71722000,
      "gross_profit": null,
      "operating_income": 33964000,
      "net_income": 31077000,
      "opex": 37758000,
      "cogs": null,
      "rd": null,
      "sga": null,
      "fcf": 54242000,
      "ocf": 54242000,
      "capex": null,
      "gross_margin": null,
      "op_margin": 0.4735506539137224,
      "fcf_margin": 0.7562811968433675,
      "incr_op_margin_yoy": 2.162111468381565,
      "rev_growth_yoy": -0.04946059851035068,
      "rev_growth_yoy_accel": -0.018989124459110093,
      "fcf_margin_change": 0.00304967385785726
    },
    {
      "date": "2025-06-30T00:00:00",
      "quarter_label": "2025-06 (Q2)",
      "revenue": 62891000,
      "gross_profit": null,
      "operating_income": 28898000,
      "net_income": 26024000,
      "opex": 33993000,
      "cogs": null,
      "rd": null,
      "sga": null,
      "fcf": 48449000,
      "ocf": 48449000,
      "capex": null,
      "gross_margin": null,
      "op_margin": 0.45949340923184556,
      "fcf_margin": 0.7703645990682292,
      "incr_op_margin_yoy": 0.7957046503372383,
      "rev_growth_yoy": -0.21182309225119997,
      "rev_growth_yoy_accel": -0.1623624937408493,
      "fcf_margin_change": 0.014083402224861707
    },
    {
      "date": "2025-09-30T00:00:00",
      "quarter_label": "2025-09 (Q3)",
      "revenue": 64685000,
      "gross_profit": null,
      "operating_income": 29414000,
      "net_income": 29305000,
      "opex": 35271000,
      "cogs": null,
      "rd": null,
      "sga": null,
      "fcf": 45591000,
      "ocf": 45591000,
      "capex": null,
      "gross_margin": null,
      "op_margin": 0.454726752724743,
      "fcf_margin": 0.704815645049084,
      "incr_op_margin_yoy": 1.0592855333164428,
      "rev_growth_yoy": -0.15473172516530329,
      "rev_growth_yoy_accel": 0.05709136708589668,
      "op_leverage_ratio": 0.7587392987778319,
      "fcf_margin_change": -0.06554895401914518
    }
  ],
  "signals": [
    {
      "quarter": "2025-09 (Q3)",
      "signal": "YoY REVENUE GROWTH ACCELERATION",
      "detail": "YoY growth: -15.5% vs prior quarter YoY: -21.2% (accel: +5.7%)",
      "severity": "MEDIUM"
    },
    {
      "quarter": "2025-09 (Q3)",
      "signal": "INCREMENTAL MARGIN (YoY)",
      "detail": "YoY Incr OPM: +105.9% vs year-ago OPM: +54.8%",
      "severity": "HIGH"
    },
    {
      "quarter": "2025-06 (Q2)",
      "signal": "YoY REVENUE GROWTH DECELERATION",
      "detail": "YoY growth: -21.2% vs prior quarter YoY: -4.9% (decel: -16.2%)",
      "severity": "WARNING"
    },
    {
      "quarter": "2025-06 (Q2)",
      "signal": "INCREMENTAL MARGIN (YoY)",
      "detail": "YoY Incr OPM: +79.6% vs year-ago OPM: +53.1%",
      "severity": "HIGH"
    },
    {
      "quarter": "2025-03 (Q1)",
      "signal": "INCREMENTAL MARGIN (YoY)",
      "detail": "YoY Incr OPM: +216.2% vs year-ago OPM: +55.7%",
      "severity": "HIGH"
    },
    {
      "quarter": "2024-12 (Q4)",
      "signal": "INCREMENTAL MARGIN (YoY)",
      "detail": "YoY Incr OPM: +80.8% vs year-ago OPM: +55.5%",
      "severity": "HIGH"
    },
    {
      "quarter": "2024-09 (Q3)",
      "signal": "YoY REVENUE GROWTH DECELERATION",
      "detail": "YoY growth: -1.7% vs prior quarter YoY: +4.4% (decel: -6.0%)",
      "severity": "WARNING"
    },
    {
      "quarter": "2024-09 (Q3)",
      "signal": "INCREMENTAL MARGIN (YoY)",
      "detail": "YoY Incr OPM: +145.5% vs year-ago OPM: +56.3%",
      "severity": "HIGH"
    },
    {
      "quarter": "2024-06 (Q2)",
      "signal": "OPERATING LEVERAGE",
      "detail": "Rev growth +5.8% vs OpEx growth +1.7% (leverage: 3.3x)",
      "severity": "MEDIUM"
    },
    {
      "quarter": "2024-06 (Q2)",
      "signal": "YoY REVENUE GROWTH ACCELERATION",
      "detail": "YoY growth: +4.4% vs prior quarter YoY: -0.8% (accel: +5.2%)",
      "severity": "MEDIUM"
    },
    {
      "quarter": "2024-03 (Q1)",
      "signal": "FCF MARGIN EXPANSION",
      "detail": "FCF margin: +83.5% -> +94.8% (+11.4%)",
      "severity": "MEDIUM"
    },
    {
      "quarter": "2024-03 (Q1)",
      "signal": "YoY REVENUE GROWTH DECELERATION",
      "detail": "YoY growth: -0.8% vs prior quarter YoY: +12.3% (decel: -13.1%)",
      "severity": "WARNING"
    },
    {
      "quarter": "2023-06 (Q2)",
      "signal": "YoY REVENUE GROWTH DECELERATION",
      "detail": "YoY growth: +8.4% vs prior quarter YoY: +17.9% (decel: -9.5%)",
      "severity": "WARNING"
    },
    {
      "quarter": "2023-03 (Q1)",
      "signal": "FCF MARGIN EXPANSION",
      "detail": "FCF margin: +78.6% -> +84.9% (+6.4%)",
      "severity": "MEDIUM"
    },
    {
      "quarter": "2022-12 (Q4)",
      "signal": "YoY REVENUE GROWTH DECELERATION",
      "detail": "YoY growth: +19.5% vs prior quarter YoY: +31.6% (decel: -12.1%)",
      "severity": "WARNING"
    },
    {
      "quarter": "2022-09 (Q3)",
      "signal": "YoY REVENUE GROWTH DECELERATION",
      "detail": "YoY growth: +31.6% vs prior quarter YoY: +44.3% (decel: -12.7%)",
      "severity": "WARNING"
    },
    {
      "quarter": "2022-06 (Q2)",
      "signal": "YoY REVENUE GROWTH DECELERATION",
      "detail": "YoY growth: +44.3% vs prior quarter YoY: +50.4% (decel: -6.1%)",
      "severity": "WARNING"
    },
    {
      "quarter": "2022-03 (Q1)",
      "signal": "FCF MARGIN EXPANSION",
      "detail": "FCF margin: +81.1% -> +92.8% (+11.8%)",
      "severity": "MEDIUM"
    },
    {
      "quarter": "2022-03 (Q1)",
      "signal": "YoY REVENUE GROWTH DECELERATION",
      "detail": "YoY growth: +50.4% vs prior quarter YoY: +58.9% (decel: -8.5%)",
      "severity": "WARNING"
    },
    {
      "quarter": "2021-06 (Q2)",
      "signal": "OPERATING LEVERAGE",
      "detail": "Rev growth +13.9% vs OpEx growth +4.7% (leverage: 3.0x)",
      "severity": "MEDIUM"
    },
    {
      "quarter": "2021-03 (Q1)",
      "signal": "FCF MARGIN EXPANSION",
      "detail": "FCF margin: +92.3% -> +99.4% (+7.1%)",
      "severity": "MEDIUM"
    },
    {
      "quarter": "2021-03 (Q1)",
      "signal": "OPERATING LEVERAGE",
      "detail": "Rev growth +15.6% vs OpEx growth +6.9% (leverage: 2.3x)",
      "severity": "MEDIUM"
    }
  ],
  "data_quality": {
    "n_quarters": 20,
    "coverage": {
      "revenue": [
        20,
        20
      ],
      "gross_profit": [
        0,
        20
      ],
      "op_income": [
        20,
        20
      ],
      "fcf": [
        20,
        20
      ]
    },
    "gaps": [],
    "warnings": [
      "gross_profit: no data"
    ]
  },
  "market_cap": null,
  "source": "SEC EDGAR",
  "last_updated": "2026-02-02T21:52:09.832804",
  "sector": "Real Estate",
  "industry": "REIT - Industrial"
}