{
  "ticker": "ILLR",
  "name": "Triller Group Inc.",
  "sector": "Technology",
  "industry": "Software - Application",
  "quarters": [
    {
      "date": "2022-03-31T00:00:00",
      "quarter_label": "2022-03 (Q1)",
      "revenue": 2076323,
      "gross_profit": null,
      "operating_income": -1912317,
      "net_income": -351736,
      "opex": -322739,
      "cogs": null,
      "rd": null,
      "sga": null,
      "fcf": 466130,
      "ocf": 1330672,
      "capex": -864542,
      "gross_margin": null,
      "op_margin": -0.9210113262724537,
      "fcf_margin": 0.22449782620526768
    },
    {
      "date": "2022-06-30T00:00:00",
      "quarter_label": "2022-06 (Q2)",
      "revenue": 4089672,
      "gross_profit": null,
      "operating_income": -3508386,
      "net_income": -231350,
      "opex": -212219,
      "cogs": null,
      "rd": null,
      "sga": null,
      "fcf": -3779907,
      "ocf": -3779488,
      "capex": -419,
      "gross_margin": null,
      "op_margin": -0.857864885007893,
      "fcf_margin": -0.9242567619114687,
      "op_leverage_ratio": null,
      "fcf_margin_change": -1.1487545881167363
    },
    {
      "date": "2022-09-30T00:00:00",
      "quarter_label": "2022-09 (Q3)",
      "revenue": 13244152,
      "gross_profit": null,
      "operating_income": -1004962,
      "net_income": 429335,
      "opex": -215788,
      "cogs": null,
      "rd": null,
      "sga": null,
      "fcf": 311811,
      "ocf": 317210,
      "capex": -5399,
      "gross_margin": null,
      "op_margin": -0.0758796788197538,
      "fcf_margin": 0.02354329669426929,
      "op_leverage_ratio": 133.10149021516395,
      "fcf_margin_change": 0.9478000586057379
    },
    {
      "date": "2022-12-31T00:00:00",
      "quarter_label": "2022-12 (Q4)",
      "revenue": 11670080,
      "gross_profit": null,
      "operating_income": -21925432,
      "net_income": -44366884,
      "opex": 60182070,
      "cogs": null,
      "rd": null,
      "sga": null,
      "fcf": -17270800,
      "ocf": -17172793,
      "capex": -98007,
      "gross_margin": null,
      "op_margin": -1.8787730675368122,
      "fcf_margin": -1.4799213030244867,
      "fcf_margin_change": -1.503464599718756
    },
    {
      "date": "2023-03-31T00:00:00",
      "quarter_label": "2023-03 (Q1)",
      "revenue": 11073680,
      "gross_profit": null,
      "operating_income": -14583808,
      "net_income": -12072610,
      "opex": 25657488,
      "cogs": null,
      "rd": null,
      "sga": null,
      "fcf": -10196863,
      "ocf": -10196863,
      "capex": null,
      "gross_margin": null,
      "op_margin": -1.3169793600681978,
      "fcf_margin": -0.9208197274979952,
      "incr_op_margin_yoy": -1.4083570319594965,
      "rev_growth_yoy": 4.333312784186275,
      "fcf_margin_change": 0.5591015755264914
    },
    {
      "date": "2023-06-30T00:00:00",
      "quarter_label": "2023-06 (Q2)",
      "revenue": 17370933,
      "gross_profit": null,
      "operating_income": -10393134,
      "net_income": -10585289,
      "opex": 27764067,
      "cogs": null,
      "rd": 1058812,
      "sga": null,
      "fcf": -9068960,
      "ocf": -9068960,
      "capex": null,
      "gross_margin": null,
      "op_margin": -0.5983060322666607,
      "fcf_margin": -0.5220767358897763,
      "incr_op_margin_yoy": -0.5183805965412471,
      "rev_growth_yoy": 3.247512514451037,
      "rev_growth_yoy_accel": -1.0858002697352385,
      "op_leverage_ratio": 6.926208428987253,
      "fcf_margin_change": 0.3987429916082189
    },
    {
      "date": "2023-09-30T00:00:00",
      "quarter_label": "2023-09 (Q3)",
      "revenue": 13206501,
      "gross_profit": null,
      "operating_income": -10949502,
      "net_income": -12920829,
      "opex": 24156003,
      "cogs": null,
      "rd": 740847,
      "sga": null,
      "fcf": -14125648,
      "ocf": -14098839,
      "capex": -26809,
      "gross_margin": null,
      "op_margin": -0.8290993958202858,
      "fcf_margin": -1.069598071434667,
      "rev_growth_yoy": -0.0028428396170626855,
      "rev_growth_yoy_accel": -3.2503553540680996,
      "fcf_margin_change": -0.5475213355448906
    },
    {
      "date": "2023-12-31T00:00:00",
      "quarter_label": "2023-12 (Q4)",
      "revenue": 12537886,
      "gross_profit": null,
      "operating_income": -8331654,
      "net_income": -13627291,
      "opex": 20869727,
      "cogs": null,
      "rd": 1878355,
      "sga": null,
      "fcf": -8918560,
      "ocf": -8918338,
      "capex": -222,
      "gross_margin": null,
      "op_margin": -0.6645182449417709,
      "fcf_margin": -0.7113288476223185,
      "rev_growth_yoy": 0.0743616153445392,
      "rev_growth_yoy_accel": 0.07720445496160189,
      "fcf_margin_change": 0.3582692238123484
    },
    {
      "date": "2024-03-31T00:00:00",
      "quarter_label": "2024-03 (Q1)",
      "revenue": 7656000,
      "gross_profit": null,
      "operating_income": -7861867,
      "net_income": -8060234,
      "opex": 15518158,
      "cogs": null,
      "rd": 458000,
      "sga": null,
      "fcf": -6857000,
      "ocf": -6857000,
      "capex": null,
      "gross_margin": null,
      "op_margin": -1.0268896290491119,
      "fcf_margin": -0.8956374085684431,
      "incr_op_margin_yoy": -1.966814037592753,
      "rev_growth_yoy": -0.30863091582924557,
      "rev_growth_yoy_accel": -0.38299253117378473,
      "fcf_margin_change": -0.18430856094612458
    },
    {
      "date": "2024-06-30T00:00:00",
      "quarter_label": "2024-06 (Q2)",
      "revenue": 4920761,
      "gross_profit": null,
      "operating_income": -7738634,
      "net_income": -11369610,
      "opex": 12659395,
      "cogs": null,
      "rd": 495062,
      "sga": null,
      "fcf": -7390000,
      "ocf": -7390000,
      "capex": null,
      "gross_margin": null,
      "op_margin": -1.5726498401365154,
      "fcf_margin": -1.5018002296799216,
      "incr_op_margin_yoy": -0.2132099058551159,
      "rev_growth_yoy": -0.7167244269493181,
      "rev_growth_yoy_accel": -0.4080935111200726,
      "fcf_margin_change": -0.6061628211114785
    },
    {
      "date": "2024-09-30T00:00:00",
      "quarter_label": "2024-09 (Q3)",
      "revenue": 5439926,
      "gross_profit": null,
      "operating_income": -10182992,
      "net_income": -9419182,
      "opex": 15622918,
      "cogs": null,
      "rd": 401167,
      "sga": null,
      "fcf": -6495386,
      "ocf": -6495386,
      "capex": null,
      "gross_margin": null,
      "op_margin": -1.8718989927436513,
      "fcf_margin": -1.194021021609485,
      "incr_op_margin_yoy": -0.09869343951484406,
      "rev_growth_yoy": -0.5880872609633695,
      "rev_growth_yoy_accel": 0.12863716598594865,
      "op_leverage_ratio": 0.4506898560444694,
      "fcf_margin_change": 0.30777920807043646
    },
    {
      "date": "2024-12-31T00:00:00",
      "quarter_label": "2024-12 (Q4)",
      "revenue": 9459022,
      "gross_profit": null,
      "operating_income": -87396507,
      "net_income": -1109186974,
      "opex": 96855529,
      "cogs": null,
      "rd": 1826433,
      "sga": null,
      "fcf": -8294614,
      "ocf": -8294614,
      "capex": null,
      "gross_margin": null,
      "op_margin": -9.239486598085934,
      "fcf_margin": -0.8768997471408778,
      "incr_op_margin_yoy": 25.679878357731944,
      "rev_growth_yoy": -0.24556484243037463,
      "rev_growth_yoy_accel": 0.34252241853299487,
      "op_leverage_ratio": 0.14209118249492236,
      "fcf_margin_change": 0.3171212744686073
    },
    {
      "date": "2025-03-31T00:00:00",
      "quarter_label": "2025-03 (Q1)",
      "revenue": 4781000,
      "gross_profit": null,
      "operating_income": -44202000,
      "net_income": -53052000,
      "opex": 48983000,
      "cogs": null,
      "rd": 1702000,
      "sga": null,
      "fcf": -16178000,
      "ocf": -16178000,
      "capex": null,
      "gross_margin": null,
      "op_margin": -9.245346161890819,
      "fcf_margin": -3.383810918217946,
      "incr_op_margin_yoy": 12.640046260869566,
      "rev_growth_yoy": -0.3755224660397074,
      "rev_growth_yoy_accel": -0.12995762360933277,
      "fcf_margin_change": -2.506911171077068
    },
    {
      "date": "2025-06-30T00:00:00",
      "quarter_label": "2025-06 (Q2)",
      "revenue": 5515000,
      "gross_profit": null,
      "operating_income": -28835000,
      "net_income": -32205000,
      "opex": 34350000,
      "cogs": null,
      "rd": 1382000,
      "sga": null,
      "fcf": -4177000,
      "ocf": -4177000,
      "capex": null,
      "gross_margin": null,
      "op_margin": -5.228467815049864,
      "fcf_margin": -0.757388939256573,
      "rev_growth_yoy": 0.12076160577601716,
      "rev_growth_yoy_accel": 0.49628407181572454,
      "op_leverage_ratio": null,
      "fcf_margin_change": 2.626421978961373
    }
  ],
  "signals": [
    {
      "quarter": "2025-06 (Q2)",
      "signal": "FCF MARGIN EXPANSION",
      "detail": "FCF margin: -338.4% -> -75.7% (+262.6%)",
      "severity": "MEDIUM"
    },
    {
      "quarter": "2025-06 (Q2)",
      "signal": "YoY REVENUE GROWTH ACCELERATION",
      "detail": "YoY growth: +12.1% vs prior quarter YoY: -37.6% (accel: +49.6%)",
      "severity": "HIGH"
    },
    {
      "quarter": "2025-03 (Q1)",
      "signal": "YoY REVENUE GROWTH DECELERATION",
      "detail": "YoY growth: -37.6% vs prior quarter YoY: -24.6% (decel: -13.0%)",
      "severity": "WARNING"
    },
    {
      "quarter": "2024-12 (Q4)",
      "signal": "FCF MARGIN EXPANSION",
      "detail": "FCF margin: -119.4% -> -87.7% (+31.7%)",
      "severity": "MEDIUM"
    },
    {
      "quarter": "2024-12 (Q4)",
      "signal": "YoY REVENUE GROWTH ACCELERATION",
      "detail": "YoY growth: -24.6% vs prior quarter YoY: -58.8% (accel: +34.3%)",
      "severity": "HIGH"
    },
    {
      "quarter": "2024-09 (Q3)",
      "signal": "FCF MARGIN EXPANSION",
      "detail": "FCF margin: -150.2% -> -119.4% (+30.8%)",
      "severity": "MEDIUM"
    },
    {
      "quarter": "2024-09 (Q3)",
      "signal": "YoY REVENUE GROWTH ACCELERATION",
      "detail": "YoY growth: -58.8% vs prior quarter YoY: -71.7% (accel: +12.9%)",
      "severity": "MEDIUM"
    },
    {
      "quarter": "2024-06 (Q2)",
      "signal": "YoY REVENUE GROWTH DECELERATION",
      "detail": "YoY growth: -71.7% vs prior quarter YoY: -30.9% (decel: -40.8%)",
      "severity": "WARNING"
    },
    {
      "quarter": "2024-03 (Q1)",
      "signal": "YoY REVENUE GROWTH DECELERATION",
      "detail": "YoY growth: -30.9% vs prior quarter YoY: +7.4% (decel: -38.3%)",
      "severity": "WARNING"
    },
    {
      "quarter": "2023-12 (Q4)",
      "signal": "FCF MARGIN EXPANSION",
      "detail": "FCF margin: -107.0% -> -71.1% (+35.8%)",
      "severity": "MEDIUM"
    },
    {
      "quarter": "2023-12 (Q4)",
      "signal": "YoY REVENUE GROWTH ACCELERATION",
      "detail": "YoY growth: +7.4% vs prior quarter YoY: -0.3% (accel: +7.7%)",
      "severity": "MEDIUM"
    },
    {
      "quarter": "2023-09 (Q3)",
      "signal": "YoY REVENUE GROWTH DECELERATION",
      "detail": "YoY growth: -0.3% vs prior quarter YoY: +324.8% (decel: -325.0%)",
      "severity": "WARNING"
    },
    {
      "quarter": "2023-06 (Q2)",
      "signal": "FCF MARGIN EXPANSION",
      "detail": "FCF margin: -92.1% -> -52.2% (+39.9%)",
      "severity": "MEDIUM"
    },
    {
      "quarter": "2023-06 (Q2)",
      "signal": "OPERATING LEVERAGE",
      "detail": "Rev growth +56.9% vs OpEx growth +8.2% (leverage: 6.9x)",
      "severity": "MEDIUM"
    },
    {
      "quarter": "2023-06 (Q2)",
      "signal": "YoY REVENUE GROWTH DECELERATION",
      "detail": "YoY growth: +324.8% vs prior quarter YoY: +433.3% (decel: -108.6%)",
      "severity": "WARNING"
    },
    {
      "quarter": "2023-03 (Q1)",
      "signal": "FCF MARGIN EXPANSION",
      "detail": "FCF margin: -148.0% -> -92.1% (+55.9%)",
      "severity": "MEDIUM"
    },
    {
      "quarter": "2022-09 (Q3)",
      "signal": "FCF TURNED POSITIVE",
      "detail": "FCF margin: -92.4% -> +2.4%",
      "severity": "HIGH"
    },
    {
      "quarter": "2022-09 (Q3)",
      "signal": "OPERATING LEVERAGE",
      "detail": "Rev growth +223.8% vs OpEx growth +1.7% (leverage: 133.1x)",
      "severity": "MEDIUM"
    }
  ],
  "data_quality": {
    "n_quarters": 14,
    "coverage": {
      "revenue": [
        14,
        14
      ],
      "gross_profit": [
        0,
        14
      ],
      "op_income": [
        14,
        14
      ],
      "fcf": [
        14,
        14
      ]
    },
    "gaps": [],
    "warnings": [
      "gross_profit: no data"
    ]
  },
  "market_cap": null,
  "source": "SEC EDGAR",
  "last_updated": "2026-02-24T10:34:09.544983"
}