{
  "ticker": "IMKTA",
  "name": "INGLES MARKETS, INCORPORATED",
  "quarters": [
    {
      "date": "2020-12-26T00:00:00",
      "quarter_label": "2020-12 (Q4)",
      "revenue": 1190443141,
      "gross_profit": 314188142,
      "operating_income": 76440784,
      "net_income": 53824087,
      "opex": 238199077,
      "cogs": 876254999,
      "rd": null,
      "sga": null,
      "fcf": 23535024,
      "ocf": 57774281,
      "capex": -34239257,
      "gross_margin": 0.26392536625989094,
      "op_margin": 0.06421204118643412,
      "fcf_margin": 0.019769969005180736
    },
    {
      "date": "2021-03-27T00:00:00",
      "quarter_label": "2021-03 (Q1)",
      "revenue": 1184554737,
      "gross_profit": 310500391,
      "operating_income": 74313496,
      "net_income": 52188993,
      "opex": 236850173,
      "cogs": 874054346,
      "rd": null,
      "sga": null,
      "fcf": 21703904,
      "ocf": 56909277,
      "capex": -35205373,
      "gross_margin": 0.2621241393929777,
      "op_margin": 0.06273538375120272,
      "fcf_margin": 0.018322415437692013,
      "fcf_margin_change": -0.0014475535674887234
    },
    {
      "date": "2021-06-26T00:00:00",
      "quarter_label": "2021-06 (Q2)",
      "revenue": 1277465132,
      "gross_profit": 337465426,
      "operating_income": 100584944,
      "net_income": 71974492,
      "opex": 239409986,
      "cogs": 939999706,
      "rd": null,
      "sga": null,
      "fcf": 60731450,
      "ocf": 99239749,
      "capex": -38508299,
      "gross_margin": 0.26416801331529416,
      "op_margin": 0.0787379173649336,
      "fcf_margin": 0.04754059306880558,
      "op_leverage_ratio": 7.257292688149193,
      "fcf_margin_change": 0.029218177631113566
    },
    {
      "date": "2021-09-25T00:00:00",
      "quarter_label": "2021-09 (Q3)",
      "revenue": 1335456593,
      "gross_profit": 341279355,
      "operating_income": 98718381,
      "net_income": 71743885,
      "opex": 248872363,
      "cogs": 994177238,
      "rd": null,
      "sga": null,
      "fcf": 59729148,
      "ocf": 92373381,
      "capex": -32644233,
      "gross_margin": 0.2555525629128404,
      "op_margin": 0.0739210705293212,
      "fcf_margin": 0.04472563789274729,
      "op_leverage_ratio": 1.14856878517315,
      "fcf_margin_change": -0.002814955176058287
    },
    {
      "date": "2021-12-25T00:00:00",
      "quarter_label": "2021-12 (Q4)",
      "revenue": 1391529510,
      "gross_profit": 350544266,
      "operating_income": 90402834,
      "net_income": 66189018,
      "opex": 260085404,
      "cogs": 1040985244,
      "rd": null,
      "sga": null,
      "fcf": 73645052,
      "ocf": 94978508,
      "capex": -21333456,
      "gross_margin": 0.251912922780919,
      "op_margin": 0.06496652305993855,
      "fcf_margin": 0.052923816182669385,
      "incr_op_margin_yoy": 0.06943310016205027,
      "rev_growth_yoy": 0.1689172393660757,
      "op_leverage_ratio": 0.9319157122884005,
      "fcf_margin_change": 0.008198178289922094
    },
    {
      "date": "2022-03-26T00:00:00",
      "quarter_label": "2022-03 (Q1)",
      "revenue": 1377118668,
      "gross_profit": 348562533,
      "operating_income": 95088612,
      "net_income": 68641347,
      "opex": 254739175,
      "cogs": 1028556135,
      "rd": null,
      "sga": null,
      "fcf": 47739696,
      "ocf": 60502842,
      "capex": -12763146,
      "gross_margin": 0.2531100195644142,
      "op_margin": 0.06904896012926608,
      "fcf_margin": 0.03466636326216732,
      "incr_op_margin_yoy": 0.10788685031570112,
      "rev_growth_yoy": 0.16256229027261912,
      "rev_growth_yoy_accel": -0.0063549490934565744,
      "fcf_margin_change": -0.018257452920502064
    },
    {
      "date": "2022-06-25T00:00:00",
      "quarter_label": "2022-06 (Q2)",
      "revenue": 1458166802,
      "gross_profit": 351879107,
      "operating_income": 94563125,
      "net_income": 67762908,
      "opex": 257342642,
      "cogs": 1106287695,
      "rd": null,
      "sga": null,
      "fcf": 67048483,
      "ocf": 106120803,
      "capex": -39072320,
      "gross_margin": 0.24131608710153588,
      "op_margin": 0.0648506912037077,
      "fcf_margin": 0.04598135337331593,
      "incr_op_margin_yoy": -0.03332464497976139,
      "rev_growth_yoy": 0.14145330895810312,
      "rev_growth_yoy_accel": -0.021108981314515995,
      "op_leverage_ratio": 5.758578820377986,
      "fcf_margin_change": 0.011314990111148608
    },
    {
      "date": "2022-09-24T00:00:00",
      "quarter_label": "2022-09 (Q3)",
      "revenue": 1452020051,
      "gross_profit": 364782454,
      "operating_income": 96878014,
      "net_income": 70165655,
      "opex": 268026663,
      "cogs": 1087237597,
      "rd": null,
      "sga": null,
      "fcf": 31456265,
      "ocf": 77896317,
      "capex": -46440052,
      "gross_margin": 0.2512241161881862,
      "op_margin": 0.06671947397233291,
      "fcf_margin": 0.02166379519231584,
      "incr_op_margin_yoy": -0.015788541551332493,
      "rev_growth_yoy": 0.08728359919070765,
      "rev_growth_yoy_accel": -0.05416970976739548,
      "fcf_margin_change": -0.02431755818100009
    },
    {
      "date": "2022-12-24T00:00:00",
      "quarter_label": "2022-12 (Q4)",
      "revenue": 1493314107,
      "gross_profit": 371154891,
      "operating_income": 95755716,
      "net_income": 69371481,
      "opex": 276179258,
      "cogs": 1122159216,
      "rd": null,
      "sga": null,
      "fcf": -2073640,
      "ocf": 57263002,
      "capex": -59336642,
      "gross_margin": 0.24854442160573523,
      "op_margin": 0.06412295681875588,
      "fcf_margin": -0.001388616092407945,
      "incr_op_margin_yoy": 0.05259029517010319,
      "rev_growth_yoy": 0.07314584151363057,
      "rev_growth_yoy_accel": -0.014137757677077076,
      "op_leverage_ratio": 0.934968673493671,
      "fcf_margin_change": -0.023052411284723785
    },
    {
      "date": "2023-03-25T00:00:00",
      "quarter_label": "2023-03 (Q1)",
      "revenue": 1380604140,
      "gross_profit": 325939961,
      "operating_income": 57647015,
      "net_income": 40539805,
      "opex": 268890164,
      "cogs": 1054664179,
      "rd": null,
      "sga": null,
      "fcf": 5134911,
      "ocf": 37150614,
      "capex": -32015703,
      "gross_margin": 0.2360850236187181,
      "op_margin": 0.041754919697691184,
      "fcf_margin": 0.0037193217456236226,
      "incr_op_margin_yoy": -10.742188432441862,
      "rev_growth_yoy": 0.002530988854476846,
      "rev_growth_yoy_accel": -0.07061485265915372,
      "fcf_margin_change": 0.005107937838031568
    },
    {
      "date": "2023-06-24T00:00:00",
      "quarter_label": "2023-06 (Q2)",
      "revenue": 1433868605,
      "gross_profit": 338100614,
      "operating_income": 67305434,
      "net_income": 48259543,
      "opex": 270911362,
      "cogs": 1095767991,
      "rd": null,
      "sga": null,
      "fcf": 36819151,
      "ocf": 82563954,
      "capex": -45744803,
      "gross_margin": 0.2357960923483641,
      "op_margin": 0.04693975010353198,
      "fcf_margin": 0.025678190366682865,
      "incr_op_margin_yoy": 1.12179891372187,
      "rev_growth_yoy": -0.016663523656328585,
      "rev_growth_yoy_accel": -0.01919451251080543,
      "op_leverage_ratio": 5.1325649524537,
      "fcf_margin_change": 0.02195886862105924
    },
    {
      "date": "2023-09-30T00:00:00",
      "quarter_label": "2023-09 (Q3)",
      "revenue": 1584994880,
      "gross_profit": 369719749,
      "operating_income": 71595967,
      "net_income": 52641130,
      "opex": 299400049,
      "cogs": 1215275131,
      "rd": null,
      "sga": null,
      "fcf": 52939451,
      "ocf": 89433771,
      "capex": -36494320,
      "gross_margin": 0.23326242479723341,
      "op_margin": 0.04517110301327913,
      "fcf_margin": 0.03340039243533708,
      "incr_op_margin_yoy": -0.19012656147126913,
      "rev_growth_yoy": 0.09157919610574303,
      "rev_growth_yoy_accel": 0.10824271976207162,
      "op_leverage_ratio": 1.0022715618568034,
      "fcf_margin_change": 0.007722202068654215
    },
    {
      "date": "2023-12-30T00:00:00",
      "quarter_label": "2023-12 (Q4)",
      "revenue": 1481061830,
      "gross_profit": 348801079,
      "operating_income": 59627409,
      "net_income": 43393601,
      "opex": 289826530,
      "cogs": 1132260751,
      "rd": null,
      "sga": null,
      "fcf": -47659065,
      "ocf": 15541479,
      "capex": -63200544,
      "gross_margin": 0.23550743928091106,
      "op_margin": 0.04025990528700615,
      "fcf_margin": -0.03217898404687129,
      "incr_op_margin_yoy": 2.9487014536155196,
      "rev_growth_yoy": -0.008204755411180214,
      "rev_growth_yoy_accel": -0.09978395151692324,
      "fcf_margin_change": -0.06557937648220838
    },
    {
      "date": "2024-03-30T00:00:00",
      "quarter_label": "2024-03 (Q1)",
      "revenue": 1367479701,
      "gross_profit": 321884960,
      "operating_income": 44809057,
      "net_income": 31898626,
      "opex": 284762087,
      "cogs": 1045594741,
      "rd": null,
      "sga": null,
      "fcf": 35277285,
      "ocf": 70432508,
      "capex": -35155223,
      "gross_margin": 0.2353855488784327,
      "op_margin": 0.03276762131623042,
      "fcf_margin": 0.025797300665013675,
      "incr_op_margin_yoy": 0.9781719431969625,
      "rev_growth_yoy": -0.009506301350074178,
      "rev_growth_yoy_accel": -0.0013015459388939637,
      "fcf_margin_change": 0.05797628471188497
    },
    {
      "date": "2024-06-29T00:00:00",
      "quarter_label": "2024-06 (Q2)",
      "revenue": 1393539073,
      "gross_profit": 329758302,
      "operating_income": 44150866,
      "net_income": 31721599,
      "opex": 286250439,
      "cogs": 1063780771,
      "rd": null,
      "sga": null,
      "fcf": 58608673,
      "ocf": 103282022,
      "capex": -44673349,
      "gross_margin": 0.23663369645610216,
      "op_margin": 0.031682546155632624,
      "fcf_margin": 0.04205743070686042,
      "incr_op_margin_yoy": 0.5741343093195329,
      "rev_growth_yoy": -0.028126379125233723,
      "rev_growth_yoy_accel": -0.018620077775159546,
      "op_leverage_ratio": 3.646024385322041,
      "fcf_margin_change": 0.016260130041846742
    },
    {
      "date": "2024-09-28T00:00:00",
      "quarter_label": "2024-09 (Q3)",
      "revenue": 1397528830,
      "gross_profit": 299390936,
      "operating_income": -1443101,
      "net_income": -1472525,
      "opex": 300958037,
      "cogs": 1098137894,
      "rd": null,
      "sga": null,
      "fcf": 5434213,
      "ocf": 73260699,
      "capex": -67826486,
      "gross_margin": 0.2142288084318089,
      "op_margin": -0.0010326091090371282,
      "fcf_margin": 0.0038884442906269062,
      "incr_op_margin_yoy": 0.38961224178991344,
      "rev_growth_yoy": -0.11827549247351513,
      "rev_growth_yoy_accel": -0.0901491133482814,
      "fcf_margin_change": -0.03816898641623351
    },
    {
      "date": "2024-12-28T00:00:00",
      "quarter_label": "2024-12 (Q4)",
      "revenue": 1288114667,
      "gross_profit": 301134716,
      "operating_income": 23571944,
      "net_income": 16588340,
      "opex": 280708974,
      "cogs": 986979951,
      "rd": null,
      "sga": null,
      "fcf": -81423380,
      "ocf": -43647293,
      "capex": -37776087,
      "gross_margin": 0.2337794326194098,
      "op_margin": 0.01829956959879877,
      "fcf_margin": -0.06321128241605528,
      "incr_op_margin_yoy": 0.18686703882761935,
      "rev_growth_yoy": -0.13027623769090046,
      "rev_growth_yoy_accel": -0.012000745217385339,
      "fcf_margin_change": -0.06709972670668218
    },
    {
      "date": "2025-03-29T00:00:00",
      "quarter_label": "2025-03 (Q1)",
      "revenue": 1331273155,
      "gross_profit": 310976634,
      "operating_income": 21640338,
      "net_income": 15106015,
      "opex": 289144009,
      "cogs": 1020296521,
      "rd": null,
      "sga": null,
      "fcf": 38858999,
      "ocf": 63059866,
      "capex": -24200867,
      "gross_margin": 0.23359340855934257,
      "op_margin": 0.01625537022114744,
      "fcf_margin": 0.02918935070090856,
      "incr_op_margin_yoy": 0.639904148824359,
      "rev_growth_yoy": -0.026476843476011494,
      "rev_growth_yoy_accel": 0.10379939421488897,
      "op_leverage_ratio": 1.1150160116442294,
      "fcf_margin_change": 0.09240063311696384
    },
    {
      "date": "2025-06-28T00:00:00",
      "quarter_label": "2025-06 (Q2)",
      "revenue": 1346221519,
      "gross_profit": 327330170,
      "operating_income": 37341660,
      "net_income": 26198955,
      "opex": 290131745,
      "cogs": 1018891349,
      "rd": null,
      "sga": null,
      "fcf": 45378059,
      "ocf": 74785565,
      "capex": -29407506,
      "gross_margin": 0.24314733153511567,
      "op_margin": 0.02773812442675714,
      "fcf_margin": 0.03370772072764646,
      "incr_op_margin_yoy": 0.14390443766387417,
      "rev_growth_yoy": -0.03395495319563243,
      "rev_growth_yoy_accel": -0.007478109719620936,
      "op_leverage_ratio": 3.287000767358463,
      "fcf_margin_change": 0.004518370026737901
    },
    {
      "date": "2025-09-27T00:00:00",
      "quarter_label": "2025-09 (Q3)",
      "revenue": 1368423268,
      "gross_profit": 334699071,
      "operating_income": 35025912,
      "net_income": 25699191,
      "opex": 298959548,
      "cogs": 1033724197,
      "rd": null,
      "sga": null,
      "fcf": 36783627,
      "ocf": 59899755,
      "capex": -23116128,
      "gross_margin": 0.24458738668568153,
      "op_margin": 0.02559581733157142,
      "fcf_margin": 0.026880299290555472,
      "incr_op_margin_yoy": -1.2529911980397423,
      "rev_growth_yoy": -0.020826448353126283,
      "rev_growth_yoy_accel": 0.013128504842506147,
      "op_leverage_ratio": 0.5420174607008894,
      "fcf_margin_change": -0.006827421437090989
    }
  ],
  "signals": [
    {
      "quarter": "2025-09 (Q3)",
      "signal": "OP MARGIN TURNED POSITIVE (YoY)",
      "detail": "Op margin: -0.1% (year-ago) -> +2.6%",
      "severity": "HIGH"
    },
    {
      "quarter": "2025-06 (Q2)",
      "signal": "OPERATING LEVERAGE",
      "detail": "Rev growth +1.1% vs OpEx growth +0.3% (leverage: 3.3x)",
      "severity": "MEDIUM"
    },
    {
      "quarter": "2025-06 (Q2)",
      "signal": "INCREMENTAL MARGIN (YoY)",
      "detail": "YoY Incr OPM: +14.4% vs year-ago OPM: +3.2%",
      "severity": "MEDIUM"
    },
    {
      "quarter": "2025-03 (Q1)",
      "signal": "FCF TURNED POSITIVE",
      "detail": "FCF margin: -6.3% -> +2.9%",
      "severity": "HIGH"
    },
    {
      "quarter": "2025-03 (Q1)",
      "signal": "YoY REVENUE GROWTH ACCELERATION",
      "detail": "YoY growth: -2.6% vs prior quarter YoY: -13.0% (accel: +10.4%)",
      "severity": "MEDIUM"
    },
    {
      "quarter": "2025-03 (Q1)",
      "signal": "INCREMENTAL MARGIN (YoY)",
      "detail": "YoY Incr OPM: +64.0% vs year-ago OPM: +3.3%",
      "severity": "HIGH"
    },
    {
      "quarter": "2024-12 (Q4)",
      "signal": "INCREMENTAL MARGIN (YoY)",
      "detail": "YoY Incr OPM: +18.7% vs year-ago OPM: +4.0%",
      "severity": "MEDIUM"
    },
    {
      "quarter": "2024-12 (Q4)",
      "signal": "OP MARGIN TURNED POSITIVE (QoQ)",
      "detail": "Op margin: -0.1% -> +1.8%",
      "severity": "HIGH"
    },
    {
      "quarter": "2024-09 (Q3)",
      "signal": "YoY REVENUE GROWTH DECELERATION",
      "detail": "YoY growth: -11.8% vs prior quarter YoY: -2.8% (decel: -9.0%)",
      "severity": "WARNING"
    },
    {
      "quarter": "2024-06 (Q2)",
      "signal": "OPERATING LEVERAGE",
      "detail": "Rev growth +1.9% vs OpEx growth +0.5% (leverage: 3.6x)",
      "severity": "MEDIUM"
    },
    {
      "quarter": "2024-06 (Q2)",
      "signal": "INCREMENTAL MARGIN (YoY)",
      "detail": "YoY Incr OPM: +57.4% vs year-ago OPM: +4.7%",
      "severity": "HIGH"
    },
    {
      "quarter": "2024-03 (Q1)",
      "signal": "FCF TURNED POSITIVE",
      "detail": "FCF margin: -3.2% -> +2.6%",
      "severity": "HIGH"
    },
    {
      "quarter": "2024-03 (Q1)",
      "signal": "INCREMENTAL MARGIN (YoY)",
      "detail": "YoY Incr OPM: +97.8% vs year-ago OPM: +4.2%",
      "severity": "HIGH"
    },
    {
      "quarter": "2023-12 (Q4)",
      "signal": "YoY REVENUE GROWTH DECELERATION",
      "detail": "YoY growth: -0.8% vs prior quarter YoY: +9.2% (decel: -10.0%)",
      "severity": "WARNING"
    },
    {
      "quarter": "2023-12 (Q4)",
      "signal": "INCREMENTAL MARGIN (YoY)",
      "detail": "YoY Incr OPM: +294.9% vs year-ago OPM: +6.4%",
      "severity": "HIGH"
    },
    {
      "quarter": "2023-09 (Q3)",
      "signal": "YoY REVENUE GROWTH ACCELERATION",
      "detail": "YoY growth: +9.2% vs prior quarter YoY: -1.7% (accel: +10.8%)",
      "severity": "MEDIUM"
    },
    {
      "quarter": "2023-06 (Q2)",
      "signal": "OPERATING LEVERAGE",
      "detail": "Rev growth +3.9% vs OpEx growth +0.8% (leverage: 5.1x)",
      "severity": "MEDIUM"
    },
    {
      "quarter": "2023-06 (Q2)",
      "signal": "INCREMENTAL MARGIN (YoY)",
      "detail": "YoY Incr OPM: +112.2% vs year-ago OPM: +6.5%",
      "severity": "HIGH"
    },
    {
      "quarter": "2023-03 (Q1)",
      "signal": "FCF TURNED POSITIVE",
      "detail": "FCF margin: -0.1% -> +0.4%",
      "severity": "HIGH"
    },
    {
      "quarter": "2023-03 (Q1)",
      "signal": "YoY REVENUE GROWTH DECELERATION",
      "detail": "YoY growth: +0.3% vs prior quarter YoY: +7.3% (decel: -7.1%)",
      "severity": "WARNING"
    },
    {
      "quarter": "2022-09 (Q3)",
      "signal": "YoY REVENUE GROWTH DECELERATION",
      "detail": "YoY growth: +8.7% vs prior quarter YoY: +14.1% (decel: -5.4%)",
      "severity": "WARNING"
    },
    {
      "quarter": "2022-06 (Q2)",
      "signal": "OPERATING LEVERAGE",
      "detail": "Rev growth +5.9% vs OpEx growth +1.0% (leverage: 5.8x)",
      "severity": "MEDIUM"
    },
    {
      "quarter": "2021-06 (Q2)",
      "signal": "OPERATING LEVERAGE",
      "detail": "Rev growth +7.8% vs OpEx growth +1.1% (leverage: 7.3x)",
      "severity": "MEDIUM"
    }
  ],
  "data_quality": {
    "n_quarters": 20,
    "coverage": {
      "revenue": [
        20,
        20
      ],
      "gross_profit": [
        20,
        20
      ],
      "op_income": [
        20,
        20
      ],
      "fcf": [
        20,
        20
      ]
    },
    "gaps": [],
    "warnings": []
  },
  "market_cap": null,
  "source": "SEC EDGAR",
  "last_updated": "2026-02-02T21:51:52.363319"
}