{
  "ticker": "IMPM",
  "name": "Impac Mortgage Holdings, Inc.",
  "quarters": [
    {
      "date": "2018-03-31T00:00:00",
      "quarter_label": "2018-03 (Q1)",
      "revenue": 40125000,
      "gross_profit": null,
      "operating_income": 4377000,
      "net_income": 3873000,
      "opex": 35748000,
      "cogs": null,
      "rd": null,
      "sga": null,
      "fcf": -88014000,
      "ocf": -88014000,
      "capex": null,
      "gross_margin": null,
      "op_margin": 0.10908411214953272,
      "fcf_margin": -2.193495327102804
    },
    {
      "date": "2018-06-30T00:00:00",
      "quarter_label": "2018-06 (Q2)",
      "revenue": 29923000,
      "gross_profit": null,
      "operating_income": -94713000,
      "net_income": -97398000,
      "opex": 124636000,
      "cogs": null,
      "rd": null,
      "sga": null,
      "fcf": 169467000,
      "ocf": 169467000,
      "capex": null,
      "gross_margin": null,
      "op_margin": -3.165224075126157,
      "fcf_margin": 5.663436152792166,
      "fcf_margin_change": 7.85693147989497
    },
    {
      "date": "2018-09-30T00:00:00",
      "quarter_label": "2018-09 (Q3)",
      "revenue": 19387000,
      "gross_profit": null,
      "operating_income": -43744000,
      "net_income": -45445000,
      "opex": 63131000,
      "cogs": null,
      "rd": null,
      "sga": null,
      "fcf": 135097000,
      "ocf": 135097000,
      "capex": null,
      "gross_margin": null,
      "op_margin": -2.2563573528653222,
      "fcf_margin": 6.968432454737711,
      "fcf_margin_change": 1.3049963019455442
    },
    {
      "date": "2018-12-31T00:00:00",
      "quarter_label": "2018-12 (Q4)",
      "revenue": 15565000,
      "gross_profit": null,
      "operating_income": -10272000,
      "net_income": -6440000,
      "opex": 25837000,
      "cogs": null,
      "rd": null,
      "sga": null,
      "fcf": -15581000,
      "ocf": -15581000,
      "capex": null,
      "gross_margin": null,
      "op_margin": -0.6599421779633794,
      "fcf_margin": -1.0010279473177,
      "fcf_margin_change": -7.969460402055411
    },
    {
      "date": "2019-03-31T00:00:00",
      "quarter_label": "2019-03 (Q1)",
      "revenue": 10366000,
      "gross_profit": null,
      "operating_income": -11904000,
      "net_income": -12612000,
      "opex": 22270000,
      "cogs": null,
      "rd": null,
      "sga": null,
      "fcf": -107729000,
      "ocf": -107729000,
      "capex": null,
      "gross_margin": null,
      "op_margin": -1.148369670075246,
      "fcf_margin": -10.392533281883079,
      "incr_op_margin_yoy": 0.5470949964716556,
      "rev_growth_yoy": -0.7416573208722741,
      "fcf_margin_change": -9.391505334565379
    },
    {
      "date": "2019-06-30T00:00:00",
      "quarter_label": "2019-06 (Q2)",
      "revenue": 24115000,
      "gross_profit": null,
      "operating_income": 2482000,
      "net_income": 3873000,
      "opex": 21633000,
      "cogs": null,
      "rd": null,
      "sga": null,
      "fcf": 52097000,
      "ocf": 52097000,
      "capex": null,
      "gross_margin": null,
      "op_margin": 0.10292349160273688,
      "fcf_margin": 2.160356624507568,
      "incr_op_margin_yoy": -16.734676308539946,
      "rev_growth_yoy": -0.19409818534237877,
      "rev_growth_yoy_accel": 0.5475591355298953,
      "op_leverage_ratio": Infinity,
      "fcf_margin_change": 12.552889906390647
    },
    {
      "date": "2019-09-30T00:00:00",
      "quarter_label": "2019-09 (Q3)",
      "revenue": 25775000,
      "gross_profit": null,
      "operating_income": 139000,
      "net_income": 1439000,
      "opex": 25636000,
      "cogs": null,
      "rd": null,
      "sga": null,
      "fcf": -591887000,
      "ocf": -591887000,
      "capex": null,
      "gross_margin": null,
      "op_margin": 0.00539282250242483,
      "fcf_margin": -22.96360814742968,
      "incr_op_margin_yoy": 6.869599248591109,
      "rev_growth_yoy": 0.3294991489142209,
      "rev_growth_yoy_accel": 0.5235973342565996,
      "op_leverage_ratio": 0.37200774517598223,
      "fcf_margin_change": -25.12396477193725
    },
    {
      "date": "2019-12-31T00:00:00",
      "quarter_label": "2019-12 (Q4)",
      "revenue": 30371000,
      "gross_profit": null,
      "operating_income": 2991000,
      "net_income": -677000,
      "opex": 27380000,
      "cogs": null,
      "rd": null,
      "sga": null,
      "fcf": 269977000,
      "ocf": 269977000,
      "capex": null,
      "gross_margin": null,
      "op_margin": 0.09848210463929406,
      "fcf_margin": 8.889302294952422,
      "incr_op_margin_yoy": 0.8957854923679589,
      "rev_growth_yoy": 0.9512367491166078,
      "rev_growth_yoy_accel": 0.6217376002023869,
      "op_leverage_ratio": 2.6211092819832884,
      "fcf_margin_change": 31.852910442382104
    },
    {
      "date": "2020-03-31T00:00:00",
      "quarter_label": "2020-03 (Q1)",
      "revenue": -43509000,
      "gross_profit": null,
      "operating_income": -74276000,
      "net_income": -64731000,
      "opex": 30767000,
      "cogs": null,
      "rd": null,
      "sga": null,
      "fcf": 257521000,
      "ocf": 257521000,
      "capex": null,
      "gross_margin": null,
      "op_margin": 1.7071410512767473,
      "fcf_margin": -5.918798409524467,
      "incr_op_margin_yoy": 1.1577169373549885,
      "rev_growth_yoy": -5.1972795678178665,
      "rev_growth_yoy_accel": -6.148516316934474,
      "fcf_margin_change": -14.808100704476889
    },
    {
      "date": "2020-06-30T00:00:00",
      "quarter_label": "2020-06 (Q2)",
      "revenue": -4058000,
      "gross_profit": null,
      "operating_income": -18523000,
      "net_income": -22829000,
      "opex": 14465000,
      "cogs": null,
      "rd": null,
      "sga": null,
      "fcf": 472774000,
      "ocf": 472774000,
      "capex": null,
      "gross_margin": null,
      "op_margin": 4.56456382454411,
      "fcf_margin": -116.50418925579103,
      "incr_op_margin_yoy": 0.745572001561779,
      "rev_growth_yoy": -1.1682770060128551,
      "rev_growth_yoy_accel": 4.029002561805012,
      "fcf_margin_change": -110.58539084626656
    },
    {
      "date": "2020-09-30T00:00:00",
      "quarter_label": "2020-09 (Q3)",
      "revenue": 19478000,
      "gross_profit": null,
      "operating_income": 3360000,
      "net_income": 1600000,
      "opex": 16118000,
      "cogs": null,
      "rd": null,
      "sga": null,
      "fcf": -109159000,
      "ocf": -109159000,
      "capex": null,
      "gross_margin": null,
      "op_margin": 0.17250231029879864,
      "fcf_margin": -5.604220145805524,
      "incr_op_margin_yoy": -0.5115134190884548,
      "rev_growth_yoy": -0.24430649854510184,
      "rev_growth_yoy_accel": 0.9239705074677533,
      "fcf_margin_change": 110.8999691099855
    },
    {
      "date": "2020-12-31T00:00:00",
      "quarter_label": "2020-12 (Q4)",
      "revenue": 19998000,
      "gross_profit": null,
      "operating_income": 74000,
      "net_income": -2190000,
      "opex": 19924000,
      "cogs": null,
      "rd": null,
      "sga": null,
      "fcf": 12716000,
      "ocf": 12716000,
      "capex": null,
      "gross_margin": null,
      "op_margin": 0.0037003700370037006,
      "fcf_margin": 0.6358635863586358,
      "incr_op_margin_yoy": 0.28121083582377326,
      "rev_growth_yoy": -0.34154291923216223,
      "rev_growth_yoy_accel": -0.0972364206870604,
      "op_leverage_ratio": 0.11305801330652251,
      "fcf_margin_change": 6.24008373216416
    },
    {
      "date": "2021-03-31T00:00:00",
      "quarter_label": "2021-03 (Q1)",
      "revenue": 20584000,
      "gross_profit": null,
      "operating_income": -714000,
      "net_income": -683000,
      "opex": 21298000,
      "cogs": null,
      "rd": null,
      "sga": null,
      "fcf": -38414000,
      "ocf": -38414000,
      "capex": null,
      "gross_margin": null,
      "op_margin": -0.03468713563933152,
      "fcf_margin": -1.866206762534007,
      "incr_op_margin_yoy": 1.1477384425756323,
      "op_leverage_ratio": 0.42491381598130706,
      "fcf_margin_change": -2.502070348892643
    },
    {
      "date": "2021-06-30T00:00:00",
      "quarter_label": "2021-06 (Q2)",
      "revenue": 10980000,
      "gross_profit": null,
      "operating_income": -8636000,
      "net_income": -8864000,
      "opex": 19616000,
      "cogs": null,
      "rd": null,
      "sga": null,
      "fcf": 68488000,
      "ocf": 68488000,
      "capex": null,
      "gross_margin": null,
      "op_margin": -0.7865209471766849,
      "fcf_margin": 6.23752276867031,
      "incr_op_margin_yoy": 0.657467748370794,
      "fcf_margin_change": 8.103729531204317
    },
    {
      "date": "2021-09-30T00:00:00",
      "quarter_label": "2021-09 (Q3)",
      "revenue": 19818000,
      "gross_profit": null,
      "operating_income": 21000,
      "net_income": 2086000,
      "opex": 19797000,
      "cogs": null,
      "rd": null,
      "sga": null,
      "fcf": -108178000,
      "ocf": -108178000,
      "capex": null,
      "gross_margin": null,
      "op_margin": 0.001059642749016046,
      "fcf_margin": -5.458573014431325,
      "rev_growth_yoy": 0.01745559092309272,
      "op_leverage_ratio": 87.23354768589802,
      "fcf_margin_change": -11.696095783101635
    },
    {
      "date": "2021-12-31T00:00:00",
      "quarter_label": "2021-12 (Q4)",
      "revenue": 14938000,
      "gross_profit": null,
      "operating_income": -5555000,
      "net_income": 3583000,
      "opex": 20493000,
      "cogs": null,
      "rd": null,
      "sga": null,
      "fcf": -26410000,
      "ocf": -26410000,
      "capex": null,
      "gross_margin": null,
      "op_margin": -0.37187039764359353,
      "fcf_margin": -1.7679742937474896,
      "incr_op_margin_yoy": 1.1124505928853754,
      "rev_growth_yoy": -0.253025302530253,
      "rev_growth_yoy_accel": -0.27048089345334575,
      "fcf_margin_change": 3.6905987206838353
    },
    {
      "date": "2022-03-31T00:00:00",
      "quarter_label": "2022-03 (Q1)",
      "revenue": 7190000,
      "gross_profit": null,
      "operating_income": -12167000,
      "net_income": -1184000,
      "opex": 19357000,
      "cogs": null,
      "rd": null,
      "sga": null,
      "fcf": 144730000,
      "ocf": 144730000,
      "capex": null,
      "gross_margin": null,
      "op_margin": -1.69221140472879,
      "fcf_margin": 20.129346314325453,
      "incr_op_margin_yoy": 0.8550843661340899,
      "rev_growth_yoy": -0.6506995724834823,
      "rev_growth_yoy_accel": -0.3976742699532293,
      "fcf_margin_change": 21.897320608072942
    },
    {
      "date": "2022-06-30T00:00:00",
      "quarter_label": "2022-06 (Q2)",
      "revenue": 495000,
      "gross_profit": null,
      "operating_income": -14171000,
      "net_income": -13467000,
      "opex": 14666000,
      "cogs": null,
      "rd": null,
      "sga": null,
      "fcf": 108149000,
      "ocf": 108149000,
      "capex": null,
      "gross_margin": null,
      "op_margin": -28.628282828282828,
      "fcf_margin": 218.48282828282828,
      "incr_op_margin_yoy": 0.5278969957081545,
      "rev_growth_yoy": -0.9549180327868853,
      "rev_growth_yoy_accel": -0.30421846030340294,
      "fcf_margin_change": 198.35348196850282
    },
    {
      "date": "2022-09-30T00:00:00",
      "quarter_label": "2022-09 (Q3)",
      "revenue": -161000,
      "gross_profit": null,
      "operating_income": -11237000,
      "net_income": -13013000,
      "opex": 11076000,
      "cogs": null,
      "rd": null,
      "sga": null,
      "fcf": 6147000,
      "ocf": 6147000,
      "capex": null,
      "gross_margin": null,
      "op_margin": 69.79503105590062,
      "fcf_margin": -38.18012422360248,
      "incr_op_margin_yoy": 0.563491666249562,
      "rev_growth_yoy": -1.0081239277424563,
      "rev_growth_yoy_accel": -0.05320589495557104,
      "fcf_margin_change": -256.66295250643077
    },
    {
      "date": "2022-12-31T00:00:00",
      "quarter_label": "2022-12 (Q4)",
      "revenue": 1071000,
      "gross_profit": null,
      "operating_income": -9956000,
      "net_income": -11768000,
      "opex": 11027000,
      "cogs": null,
      "rd": null,
      "sga": null,
      "fcf": -9457000,
      "ocf": -9457000,
      "capex": null,
      "gross_margin": null,
      "op_margin": -9.295985060690944,
      "fcf_margin": -8.830065359477125,
      "incr_op_margin_yoy": 0.31737217855340016,
      "rev_growth_yoy": -0.9283036551077788,
      "rev_growth_yoy_accel": 0.0798202726346775,
      "fcf_margin_change": 29.35005886412536
    }
  ],
  "signals": [
    {
      "quarter": "2022-12 (Q4)",
      "signal": "FCF MARGIN EXPANSION",
      "detail": "FCF margin: -3818.0% -> -883.0% (+2935.0%)",
      "severity": "MEDIUM"
    },
    {
      "quarter": "2022-12 (Q4)",
      "signal": "YoY REVENUE GROWTH ACCELERATION",
      "detail": "YoY growth: -92.8% vs prior quarter YoY: -100.8% (accel: +8.0%)",
      "severity": "MEDIUM"
    },
    {
      "quarter": "2022-09 (Q3)",
      "signal": "YoY REVENUE GROWTH DECELERATION",
      "detail": "YoY growth: -100.8% vs prior quarter YoY: -95.5% (decel: -5.3%)",
      "severity": "WARNING"
    },
    {
      "quarter": "2022-09 (Q3)",
      "signal": "INCREMENTAL MARGIN (YoY)",
      "detail": "YoY Incr OPM: +56.3% vs year-ago OPM: +0.1%",
      "severity": "HIGH"
    },
    {
      "quarter": "2022-09 (Q3)",
      "signal": "OP MARGIN TURNED POSITIVE (QoQ)",
      "detail": "Op margin: -2862.8% -> +6979.5%",
      "severity": "HIGH"
    },
    {
      "quarter": "2022-06 (Q2)",
      "signal": "FCF MARGIN EXPANSION",
      "detail": "FCF margin: +2012.9% -> +21848.3% (+19835.3%)",
      "severity": "MEDIUM"
    },
    {
      "quarter": "2022-06 (Q2)",
      "signal": "YoY REVENUE GROWTH DECELERATION",
      "detail": "YoY growth: -95.5% vs prior quarter YoY: -65.1% (decel: -30.4%)",
      "severity": "WARNING"
    },
    {
      "quarter": "2022-03 (Q1)",
      "signal": "FCF TURNED POSITIVE",
      "detail": "FCF margin: -176.8% -> +2012.9%",
      "severity": "HIGH"
    },
    {
      "quarter": "2022-03 (Q1)",
      "signal": "YoY REVENUE GROWTH DECELERATION",
      "detail": "YoY growth: -65.1% vs prior quarter YoY: -25.3% (decel: -39.8%)",
      "severity": "WARNING"
    },
    {
      "quarter": "2021-12 (Q4)",
      "signal": "FCF MARGIN EXPANSION",
      "detail": "FCF margin: -545.9% -> -176.8% (+369.1%)",
      "severity": "MEDIUM"
    },
    {
      "quarter": "2021-12 (Q4)",
      "signal": "YoY REVENUE GROWTH DECELERATION",
      "detail": "YoY growth: -25.3% vs prior quarter YoY: +1.7% (decel: -27.0%)",
      "severity": "WARNING"
    },
    {
      "quarter": "2021-09 (Q3)",
      "signal": "OPERATING LEVERAGE",
      "detail": "Rev growth +80.5% vs OpEx growth +0.9% (leverage: 87.2x)",
      "severity": "MEDIUM"
    },
    {
      "quarter": "2021-09 (Q3)",
      "signal": "OP MARGIN TURNED POSITIVE (QoQ)",
      "detail": "Op margin: -78.7% -> +0.1%",
      "severity": "HIGH"
    },
    {
      "quarter": "2021-06 (Q2)",
      "signal": "FCF TURNED POSITIVE",
      "detail": "FCF margin: -186.6% -> +623.8%",
      "severity": "HIGH"
    },
    {
      "quarter": "2020-12 (Q4)",
      "signal": "FCF TURNED POSITIVE",
      "detail": "FCF margin: -560.4% -> +63.6%",
      "severity": "HIGH"
    },
    {
      "quarter": "2020-12 (Q4)",
      "signal": "YoY REVENUE GROWTH DECELERATION",
      "detail": "YoY growth: -34.2% vs prior quarter YoY: -24.4% (decel: -9.7%)",
      "severity": "WARNING"
    },
    {
      "quarter": "2020-12 (Q4)",
      "signal": "INCREMENTAL MARGIN (YoY)",
      "detail": "YoY Incr OPM: +28.1% vs year-ago OPM: +9.8%",
      "severity": "MEDIUM"
    },
    {
      "quarter": "2020-09 (Q3)",
      "signal": "FCF MARGIN EXPANSION",
      "detail": "FCF margin: -11650.4% -> -560.4% (+11090.0%)",
      "severity": "MEDIUM"
    },
    {
      "quarter": "2020-09 (Q3)",
      "signal": "YoY REVENUE GROWTH ACCELERATION",
      "detail": "YoY growth: -24.4% vs prior quarter YoY: -116.8% (accel: +92.4%)",
      "severity": "HIGH"
    },
    {
      "quarter": "2020-06 (Q2)",
      "signal": "YoY REVENUE GROWTH ACCELERATION",
      "detail": "YoY growth: -116.8% vs prior quarter YoY: -519.7% (accel: +402.9%)",
      "severity": "HIGH"
    },
    {
      "quarter": "2020-06 (Q2)",
      "signal": "INCREMENTAL MARGIN (YoY)",
      "detail": "YoY Incr OPM: +74.6% vs year-ago OPM: +10.3%",
      "severity": "HIGH"
    },
    {
      "quarter": "2020-03 (Q1)",
      "signal": "YoY REVENUE GROWTH DECELERATION",
      "detail": "YoY growth: -519.7% vs prior quarter YoY: +95.1% (decel: -614.9%)",
      "severity": "WARNING"
    },
    {
      "quarter": "2020-03 (Q1)",
      "signal": "OP MARGIN TURNED POSITIVE (YoY)",
      "detail": "Op margin: -114.8% (year-ago) -> +170.7%",
      "severity": "HIGH"
    },
    {
      "quarter": "2019-12 (Q4)",
      "signal": "FCF TURNED POSITIVE",
      "detail": "FCF margin: -2296.4% -> +888.9%",
      "severity": "HIGH"
    },
    {
      "quarter": "2019-12 (Q4)",
      "signal": "OPERATING LEVERAGE",
      "detail": "Rev growth +17.8% vs OpEx growth +6.8% (leverage: 2.6x)",
      "severity": "MEDIUM"
    },
    {
      "quarter": "2019-12 (Q4)",
      "signal": "YoY REVENUE GROWTH ACCELERATION",
      "detail": "YoY growth: +95.1% vs prior quarter YoY: +32.9% (accel: +62.2%)",
      "severity": "HIGH"
    },
    {
      "quarter": "2019-12 (Q4)",
      "signal": "OP MARGIN TURNED POSITIVE (YoY)",
      "detail": "Op margin: -66.0% (year-ago) -> +9.8%",
      "severity": "HIGH"
    },
    {
      "quarter": "2019-09 (Q3)",
      "signal": "YoY REVENUE GROWTH ACCELERATION",
      "detail": "YoY growth: +32.9% vs prior quarter YoY: -19.4% (accel: +52.4%)",
      "severity": "HIGH"
    },
    {
      "quarter": "2019-09 (Q3)",
      "signal": "OP MARGIN TURNED POSITIVE (YoY)",
      "detail": "Op margin: -225.6% (year-ago) -> +0.5%",
      "severity": "HIGH"
    },
    {
      "quarter": "2019-06 (Q2)",
      "signal": "FCF TURNED POSITIVE",
      "detail": "FCF margin: -1039.3% -> +216.0%",
      "severity": "HIGH"
    },
    {
      "quarter": "2019-06 (Q2)",
      "signal": "YoY REVENUE GROWTH ACCELERATION",
      "detail": "YoY growth: -19.4% vs prior quarter YoY: -74.2% (accel: +54.8%)",
      "severity": "HIGH"
    },
    {
      "quarter": "2019-06 (Q2)",
      "signal": "OP MARGIN TURNED POSITIVE (YoY)",
      "detail": "Op margin: -316.5% (year-ago) -> +10.3%",
      "severity": "HIGH"
    },
    {
      "quarter": "2019-06 (Q2)",
      "signal": "OP MARGIN TURNED POSITIVE (QoQ)",
      "detail": "Op margin: -114.8% -> +10.3%",
      "severity": "HIGH"
    },
    {
      "quarter": "2018-09 (Q3)",
      "signal": "FCF MARGIN EXPANSION",
      "detail": "FCF margin: +566.3% -> +696.8% (+130.5%)",
      "severity": "MEDIUM"
    },
    {
      "quarter": "2018-06 (Q2)",
      "signal": "FCF TURNED POSITIVE",
      "detail": "FCF margin: -219.3% -> +566.3%",
      "severity": "HIGH"
    }
  ],
  "data_quality": {
    "n_quarters": 20,
    "coverage": {
      "revenue": [
        20,
        20
      ],
      "gross_profit": [
        0,
        20
      ],
      "op_income": [
        20,
        20
      ],
      "fcf": [
        20,
        20
      ]
    },
    "gaps": [],
    "warnings": [
      "gross_profit: no data"
    ]
  },
  "market_cap": null,
  "source": "SEC EDGAR",
  "last_updated": "2026-02-03T01:03:57.629548"
}