{
  "ticker": "IMXI",
  "name": "INTERNATIONAL MONEY EXPRESS, INC.",
  "quarters": [
    {
      "date": "2020-12-31T00:00:00",
      "quarter_label": "2020-12 (Q4)",
      "revenue": 99302000,
      "gross_profit": null,
      "operating_income": 14781000,
      "net_income": 9620000,
      "opex": 84521000,
      "cogs": null,
      "rd": null,
      "sga": null,
      "fcf": -33769000,
      "ocf": -32477000,
      "capex": -1292000,
      "gross_margin": null,
      "op_margin": 0.14884896578115245,
      "fcf_margin": -0.34006364423677266
    },
    {
      "date": "2021-03-31T00:00:00",
      "quarter_label": "2021-03 (Q1)",
      "revenue": 94577000,
      "gross_profit": null,
      "operating_income": 13490000,
      "net_income": 8977000,
      "opex": 81087000,
      "cogs": null,
      "rd": null,
      "sga": null,
      "fcf": -34336000,
      "ocf": -32406000,
      "capex": -1930000,
      "gross_margin": null,
      "op_margin": 0.14263510155746112,
      "fcf_margin": -0.3630480983748692,
      "fcf_margin_change": -0.02298445413809652
    },
    {
      "date": "2021-06-30T00:00:00",
      "quarter_label": "2021-06 (Q2)",
      "revenue": 116747000,
      "gross_profit": null,
      "operating_income": 19284000,
      "net_income": 13227000,
      "opex": 97463000,
      "cogs": null,
      "rd": null,
      "sga": null,
      "fcf": 101445000,
      "ocf": 102696000,
      "capex": -1251000,
      "gross_margin": null,
      "op_margin": 0.16517769193212672,
      "fcf_margin": 0.868930250884391,
      "op_leverage_ratio": 1.1607095626814292,
      "fcf_margin_change": 1.2319783492592602
    },
    {
      "date": "2021-09-30T00:00:00",
      "quarter_label": "2021-09 (Q3)",
      "revenue": 120707000,
      "gross_profit": null,
      "operating_income": 16104000,
      "net_income": 11507000,
      "opex": 104603000,
      "cogs": null,
      "rd": null,
      "sga": null,
      "fcf": -11927000,
      "ocf": -9585000,
      "capex": -2342000,
      "gross_margin": null,
      "op_margin": 0.13341396936383143,
      "fcf_margin": -0.09880951394699562,
      "op_leverage_ratio": 0.4630106918695768,
      "fcf_margin_change": -0.9677397648313867
    },
    {
      "date": "2021-12-31T00:00:00",
      "quarter_label": "2021-12 (Q4)",
      "revenue": 127175000,
      "gross_profit": null,
      "operating_income": 18974000,
      "net_income": 13132000,
      "opex": 108201000,
      "cogs": null,
      "rd": null,
      "sga": null,
      "fcf": 12328000,
      "ocf": 17393000,
      "capex": -5065000,
      "gross_margin": null,
      "op_margin": 0.14919598977786513,
      "fcf_margin": 0.0969372911342638,
      "incr_op_margin_yoy": 0.15043231801384851,
      "rev_growth_yoy": 0.2806892106906205,
      "op_leverage_ratio": 1.5578316970969255,
      "fcf_margin_change": 0.1957468050812594
    },
    {
      "date": "2022-03-31T00:00:00",
      "quarter_label": "2022-03 (Q1)",
      "revenue": 114666000,
      "gross_profit": null,
      "operating_income": 17111000,
      "net_income": 11654000,
      "opex": 97555000,
      "cogs": null,
      "rd": null,
      "sga": null,
      "fcf": 28968000,
      "ocf": 33284000,
      "capex": -4316000,
      "gross_margin": null,
      "op_margin": 0.14922470479479533,
      "fcf_margin": 0.2526293757521846,
      "incr_op_margin_yoy": 0.18024789685897755,
      "rev_growth_yoy": 0.21240893663364244,
      "rev_growth_yoy_accel": -0.06828027405697809,
      "fcf_margin_change": 0.15569208461792078
    },
    {
      "date": "2022-06-30T00:00:00",
      "quarter_label": "2022-06 (Q2)",
      "revenue": 136935000,
      "gross_profit": null,
      "operating_income": 23207000,
      "net_income": 15984000,
      "opex": 113728000,
      "cogs": null,
      "rd": null,
      "sga": null,
      "fcf": -31050000,
      "ocf": -28724000,
      "capex": -2326000,
      "gross_margin": null,
      "op_margin": 0.16947456822580056,
      "fcf_margin": -0.22674991784423265,
      "incr_op_margin_yoy": 0.19432336041212603,
      "rev_growth_yoy": 0.17292093158710717,
      "rev_growth_yoy_accel": -0.03948800504653527,
      "op_leverage_ratio": 1.1714533511979661,
      "fcf_margin_change": -0.47937929359641723
    },
    {
      "date": "2022-09-30T00:00:00",
      "quarter_label": "2022-09 (Q3)",
      "revenue": 140767000,
      "gross_profit": null,
      "operating_income": 20746000,
      "net_income": 16626000,
      "opex": 120021000,
      "cogs": null,
      "rd": null,
      "sga": null,
      "fcf": -16921000,
      "ocf": -14408000,
      "capex": -2513000,
      "gross_margin": null,
      "op_margin": 0.1473782917871376,
      "fcf_margin": -0.12020573003615904,
      "incr_op_margin_yoy": 0.23140578265204387,
      "rev_growth_yoy": 0.1661875450470975,
      "rev_growth_yoy_accel": -0.006733386540009656,
      "op_leverage_ratio": 0.505732314406282,
      "fcf_margin_change": 0.1065441878080736
    },
    {
      "date": "2022-12-31T00:00:00",
      "quarter_label": "2022-12 (Q4)",
      "revenue": 154437000,
      "gross_profit": null,
      "operating_income": 21844000,
      "net_income": 13067000,
      "opex": 132593000,
      "cogs": null,
      "rd": null,
      "sga": null,
      "fcf": 22004000,
      "ocf": 25022000,
      "capex": -3018000,
      "gross_margin": null,
      "op_margin": 0.1414427889689647,
      "fcf_margin": 0.1424788101296969,
      "incr_op_margin_yoy": 0.10527474139828333,
      "rev_growth_yoy": 0.2143660310595636,
      "rev_growth_yoy_accel": 0.048178486012466076,
      "op_leverage_ratio": 0.9270870785292579,
      "fcf_margin_change": 0.26268454016585596
    },
    {
      "date": "2023-03-31T00:00:00",
      "quarter_label": "2023-03 (Q1)",
      "revenue": 145364000,
      "gross_profit": null,
      "operating_income": 18839000,
      "net_income": 11762000,
      "opex": 126525000,
      "cogs": null,
      "rd": null,
      "sga": null,
      "fcf": -961000,
      "ocf": 1158000,
      "capex": -2119000,
      "gross_margin": null,
      "op_margin": 0.1295988002531576,
      "fcf_margin": -0.006610990341487576,
      "incr_op_margin_yoy": 0.05629031207244772,
      "rev_growth_yoy": 0.2677166727713533,
      "rev_growth_yoy_accel": 0.053350641711789715,
      "fcf_margin_change": -0.14908980047118447
    },
    {
      "date": "2023-06-30T00:00:00",
      "quarter_label": "2023-06 (Q2)",
      "revenue": 169150000,
      "gross_profit": null,
      "operating_income": 24742000,
      "net_income": 15422000,
      "opex": 144408000,
      "cogs": null,
      "rd": null,
      "sga": null,
      "fcf": -3582000,
      "ocf": -1150000,
      "capex": -2432000,
      "gross_margin": null,
      "op_margin": 0.14627253916642033,
      "fcf_margin": -0.021176470588235293,
      "incr_op_margin_yoy": 0.047648610895545555,
      "rev_growth_yoy": 0.23525760397268777,
      "rev_growth_yoy_accel": -0.03245906879866553,
      "op_leverage_ratio": 1.1577119575674324,
      "fcf_margin_change": -0.014565480246747718
    },
    {
      "date": "2023-09-30T00:00:00",
      "quarter_label": "2023-09 (Q3)",
      "revenue": 172437000,
      "gross_profit": null,
      "operating_income": 24252000,
      "net_income": 14832000,
      "opex": 148185000,
      "cogs": null,
      "rd": null,
      "sga": null,
      "fcf": 79272000,
      "ocf": 82432000,
      "capex": -3160000,
      "gross_margin": null,
      "op_margin": 0.14064266949668575,
      "fcf_margin": 0.4597157222637833,
      "incr_op_margin_yoy": 0.11070413640669403,
      "rev_growth_yoy": 0.22498170736038986,
      "rev_growth_yoy_accel": -0.010275896612297913,
      "op_leverage_ratio": 0.7429711844744444,
      "fcf_margin_change": 0.4808921928520186
    },
    {
      "date": "2023-12-31T00:00:00",
      "quarter_label": "2023-12 (Q4)",
      "revenue": 171783000,
      "gross_profit": null,
      "operating_income": 27657000,
      "net_income": 17499000,
      "opex": 144126000,
      "cogs": null,
      "rd": null,
      "sga": null,
      "fcf": 55993000,
      "ocf": 61085000,
      "capex": -5092000,
      "gross_margin": null,
      "op_margin": 0.1609996332582386,
      "fcf_margin": 0.3259519277227665,
      "incr_op_margin_yoy": 0.33512048887351553,
      "rev_growth_yoy": 0.11231764408788049,
      "rev_growth_yoy_accel": -0.11266406327250937,
      "fcf_margin_change": -0.13376379454101683
    },
    {
      "date": "2024-03-31T00:00:00",
      "quarter_label": "2024-03 (Q1)",
      "revenue": 150412000,
      "gross_profit": null,
      "operating_income": 19586000,
      "net_income": 12106000,
      "opex": 130826000,
      "cogs": null,
      "rd": null,
      "sga": null,
      "fcf": 34756000,
      "ocf": 48236000,
      "capex": -13480000,
      "gross_margin": null,
      "op_margin": 0.13021567428130734,
      "fcf_margin": 0.23107198893705289,
      "incr_op_margin_yoy": 0.14797939778129954,
      "rev_growth_yoy": 0.034726617319281256,
      "rev_growth_yoy_accel": -0.07759102676859923,
      "fcf_margin_change": -0.0948799387857136
    },
    {
      "date": "2024-06-30T00:00:00",
      "quarter_label": "2024-06 (Q2)",
      "revenue": 171531000,
      "gross_profit": null,
      "operating_income": 22904000,
      "net_income": 14033000,
      "opex": 148627000,
      "cogs": null,
      "rd": null,
      "sga": null,
      "fcf": -26240000,
      "ocf": -19570000,
      "capex": -6670000,
      "gross_margin": null,
      "op_margin": 0.1335268843532656,
      "fcf_margin": -0.15297526394645866,
      "incr_op_margin_yoy": -0.7719445611087778,
      "rev_growth_yoy": 0.014076263671297665,
      "rev_growth_yoy_accel": -0.02065035364798359,
      "op_leverage_ratio": 1.031906925164489,
      "fcf_margin_change": -0.38404725288351155
    },
    {
      "date": "2024-09-30T00:00:00",
      "quarter_label": "2024-09 (Q3)",
      "revenue": 171947000,
      "gross_profit": null,
      "operating_income": 27825000,
      "net_income": 17297000,
      "opex": 144122000,
      "cogs": null,
      "rd": null,
      "sga": null,
      "fcf": 23392000,
      "ocf": 29302000,
      "capex": -5910000,
      "gross_margin": null,
      "op_margin": 0.16182311991485748,
      "fcf_margin": 0.1360419198939208,
      "rev_growth_yoy": -0.002841617518282039,
      "rev_growth_yoy_accel": -0.016917881189579705,
      "fcf_margin_change": 0.28901718384037944
    },
    {
      "date": "2024-12-31T00:00:00",
      "quarter_label": "2024-12 (Q4)",
      "revenue": 164759000,
      "gross_profit": null,
      "operating_income": 24701000,
      "net_income": 15385000,
      "opex": 140058000,
      "cogs": null,
      "rd": null,
      "sga": null,
      "fcf": -8820000,
      "ocf": -4883000,
      "capex": -3937000,
      "gross_margin": null,
      "op_margin": 0.14992200729550434,
      "fcf_margin": -0.05353273569273909,
      "incr_op_margin_yoy": 0.42084282460136674,
      "rev_growth_yoy": -0.04088879574812409,
      "rev_growth_yoy_accel": -0.03804717822984205,
      "fcf_margin_change": -0.1895746555866599
    },
    {
      "date": "2025-03-31T00:00:00",
      "quarter_label": "2025-03 (Q1)",
      "revenue": 144310000,
      "gross_profit": null,
      "operating_income": 14075000,
      "net_income": 7769000,
      "opex": 130235000,
      "cogs": null,
      "rd": null,
      "sga": null,
      "fcf": 36007000,
      "ocf": 41282000,
      "capex": -5275000,
      "gross_margin": null,
      "op_margin": 0.09753308849005612,
      "fcf_margin": 0.24951146836671056,
      "incr_op_margin_yoy": 0.9031465093411996,
      "rev_growth_yoy": -0.04056857165651677,
      "rev_growth_yoy_accel": 0.00032022409160731985,
      "fcf_margin_change": 0.30304420405944965
    },
    {
      "date": "2025-06-30T00:00:00",
      "quarter_label": "2025-06 (Q2)",
      "revenue": 161133000,
      "gross_profit": null,
      "operating_income": 19461000,
      "net_income": 11007000,
      "opex": 141672000,
      "cogs": null,
      "rd": null,
      "sga": null,
      "fcf": 35332000,
      "ocf": 39902000,
      "capex": -4570000,
      "gross_margin": null,
      "op_margin": 0.12077600491519427,
      "fcf_margin": 0.2192722781801369,
      "incr_op_margin_yoy": 0.3311213694941335,
      "rev_growth_yoy": -0.060618780278783424,
      "rev_growth_yoy_accel": -0.020050208622266655,
      "op_leverage_ratio": 1.3274635701960116,
      "fcf_margin_change": -0.030239190186573672
    },
    {
      "date": "2025-09-30T00:00:00",
      "quarter_label": "2025-09 (Q3)",
      "revenue": 154921000,
      "gross_profit": null,
      "operating_income": 10535000,
      "net_income": 4963000,
      "opex": 144386000,
      "cogs": null,
      "rd": null,
      "sga": null,
      "fcf": -35543000,
      "ocf": -28675000,
      "capex": -6868000,
      "gross_margin": null,
      "op_margin": 0.06800240122384958,
      "fcf_margin": -0.22942661098237166,
      "incr_op_margin_yoy": 1.0155056971690355,
      "rev_growth_yoy": -0.09901888372579923,
      "rev_growth_yoy_accel": -0.038400103447015804,
      "fcf_margin_change": -0.44869888916250855
    }
  ],
  "signals": [
    {
      "quarter": "2025-09 (Q3)",
      "signal": "INCREMENTAL MARGIN (YoY)",
      "detail": "YoY Incr OPM: +101.6% vs year-ago OPM: +16.2%",
      "severity": "HIGH"
    },
    {
      "quarter": "2025-06 (Q2)",
      "signal": "INCREMENTAL MARGIN (YoY)",
      "detail": "YoY Incr OPM: +33.1% vs year-ago OPM: +13.4%",
      "severity": "MEDIUM"
    },
    {
      "quarter": "2025-03 (Q1)",
      "signal": "FCF TURNED POSITIVE",
      "detail": "FCF margin: -5.4% -> +25.0%",
      "severity": "HIGH"
    },
    {
      "quarter": "2025-03 (Q1)",
      "signal": "INCREMENTAL MARGIN (YoY)",
      "detail": "YoY Incr OPM: +90.3% vs year-ago OPM: +13.0%",
      "severity": "HIGH"
    },
    {
      "quarter": "2024-12 (Q4)",
      "signal": "INCREMENTAL MARGIN (YoY)",
      "detail": "YoY Incr OPM: +42.1% vs year-ago OPM: +16.1%",
      "severity": "HIGH"
    },
    {
      "quarter": "2024-09 (Q3)",
      "signal": "FCF TURNED POSITIVE",
      "detail": "FCF margin: -15.3% -> +13.6%",
      "severity": "HIGH"
    },
    {
      "quarter": "2024-03 (Q1)",
      "signal": "YoY REVENUE GROWTH DECELERATION",
      "detail": "YoY growth: +3.5% vs prior quarter YoY: +11.2% (decel: -7.8%)",
      "severity": "WARNING"
    },
    {
      "quarter": "2023-12 (Q4)",
      "signal": "YoY REVENUE GROWTH DECELERATION",
      "detail": "YoY growth: +11.2% vs prior quarter YoY: +22.5% (decel: -11.3%)",
      "severity": "WARNING"
    },
    {
      "quarter": "2023-12 (Q4)",
      "signal": "INCREMENTAL MARGIN (YoY)",
      "detail": "YoY Incr OPM: +33.5% vs year-ago OPM: +14.1%",
      "severity": "MEDIUM"
    },
    {
      "quarter": "2023-09 (Q3)",
      "signal": "FCF TURNED POSITIVE",
      "detail": "FCF margin: -2.1% -> +46.0%",
      "severity": "HIGH"
    },
    {
      "quarter": "2023-03 (Q1)",
      "signal": "YoY REVENUE GROWTH ACCELERATION",
      "detail": "YoY growth: +26.8% vs prior quarter YoY: +21.4% (accel: +5.3%)",
      "severity": "MEDIUM"
    },
    {
      "quarter": "2022-12 (Q4)",
      "signal": "FCF TURNED POSITIVE",
      "detail": "FCF margin: -12.0% -> +14.2%",
      "severity": "HIGH"
    },
    {
      "quarter": "2022-09 (Q3)",
      "signal": "FCF MARGIN EXPANSION",
      "detail": "FCF margin: -22.7% -> -12.0% (+10.7%)",
      "severity": "MEDIUM"
    },
    {
      "quarter": "2022-03 (Q1)",
      "signal": "FCF MARGIN EXPANSION",
      "detail": "FCF margin: +9.7% -> +25.3% (+15.6%)",
      "severity": "MEDIUM"
    },
    {
      "quarter": "2022-03 (Q1)",
      "signal": "YoY REVENUE GROWTH DECELERATION",
      "detail": "YoY growth: +21.2% vs prior quarter YoY: +28.1% (decel: -6.8%)",
      "severity": "WARNING"
    },
    {
      "quarter": "2021-12 (Q4)",
      "signal": "FCF TURNED POSITIVE",
      "detail": "FCF margin: -9.9% -> +9.7%",
      "severity": "HIGH"
    },
    {
      "quarter": "2021-12 (Q4)",
      "signal": "OPERATING LEVERAGE",
      "detail": "Rev growth +5.4% vs OpEx growth +3.4% (leverage: 1.6x)",
      "severity": "MEDIUM"
    },
    {
      "quarter": "2021-06 (Q2)",
      "signal": "FCF TURNED POSITIVE",
      "detail": "FCF margin: -36.3% -> +86.9%",
      "severity": "HIGH"
    }
  ],
  "data_quality": {
    "n_quarters": 20,
    "coverage": {
      "revenue": [
        20,
        20
      ],
      "gross_profit": [
        0,
        20
      ],
      "op_income": [
        20,
        20
      ],
      "fcf": [
        20,
        20
      ]
    },
    "gaps": [],
    "warnings": [
      "gross_profit: no data"
    ]
  },
  "market_cap": null,
  "source": "SEC EDGAR",
  "last_updated": "2026-02-02T22:29:01.604004",
  "sector": "Technology",
  "industry": "Software - Infrastructure"
}