{
  "ticker": "INGM",
  "name": "INGRAM MICRO HOLDING CORP",
  "quarters": [
    {
      "date": "2023-04-01T00:00:00",
      "quarter_label": "2023-04 (Q2)",
      "revenue": 11569161000,
      "gross_profit": null,
      "operating_income": 194150000,
      "net_income": 62551000,
      "opex": null,
      "cogs": null,
      "rd": null,
      "sga": null,
      "fcf": null,
      "ocf": null,
      "capex": null,
      "gross_margin": null,
      "op_margin": 0.016781683650179992,
      "fcf_margin": null
    },
    {
      "date": "2023-07-01T00:00:00",
      "quarter_label": "2023-07 (Q3)",
      "revenue": 11526329000,
      "gross_profit": null,
      "operating_income": 206860000,
      "net_income": 66854000,
      "opex": null,
      "cogs": null,
      "rd": null,
      "sga": null,
      "fcf": null,
      "ocf": null,
      "capex": null,
      "gross_margin": null,
      "op_margin": 0.01794673742177583,
      "fcf_margin": null
    },
    {
      "date": "2023-09-30T00:00:00",
      "quarter_label": "2023-09 (Q3)",
      "revenue": 11925373000,
      "gross_profit": 854844000,
      "operating_income": 212402000,
      "net_income": 86783000,
      "opex": 642442000,
      "cogs": 11070529000,
      "rd": null,
      "sga": 623352000,
      "fcf": null,
      "ocf": null,
      "capex": null,
      "gross_margin": 0.0716827892930477,
      "op_margin": 0.017810931364578703,
      "fcf_margin": null
    },
    {
      "date": "2023-12-30T00:00:00",
      "quarter_label": "2023-12 (Q4)",
      "revenue": 13019501000,
      "gross_profit": 978660000,
      "operating_income": 330935000,
      "net_income": 136524000,
      "opex": 647725000,
      "cogs": 12040841000,
      "rd": null,
      "sga": 648018000,
      "fcf": -37489000,
      "ocf": -940000,
      "capex": -36549000,
      "gross_margin": 0.07516877951005957,
      "op_margin": 0.025418408892936832,
      "fcf_margin": -0.0028794498345213076,
      "op_leverage_ratio": 11.157052464804075
    },
    {
      "date": "2024-03-30T00:00:00",
      "quarter_label": "2024-03 (Q1)",
      "revenue": 11334934000,
      "gross_profit": 834938000,
      "operating_income": 170121000,
      "net_income": 49552000,
      "opex": 664817000,
      "cogs": 10499996000,
      "rd": null,
      "sga": 642152000,
      "fcf": -135845000,
      "ocf": -100266000,
      "capex": -35579000,
      "gross_margin": 0.07366059652398506,
      "op_margin": 0.015008556732663816,
      "fcf_margin": -0.011984630876545024,
      "incr_op_margin_yoy": 0.10258851456066125,
      "rev_growth_yoy": -0.020245806934487298,
      "fcf_margin_change": -0.009105181042023716
    },
    {
      "date": "2024-06-29T00:00:00",
      "quarter_label": "2024-06 (Q2)",
      "revenue": 11541439000,
      "gross_profit": 828430000,
      "operating_income": 181128000,
      "net_income": 54585000,
      "opex": 647302000,
      "cogs": 10713009000,
      "rd": null,
      "sga": 647442000,
      "fcf": 368075000,
      "ocf": 401184000,
      "capex": -33109000,
      "gross_margin": 0.07177874440093648,
      "op_margin": 0.015693710290371938,
      "fcf_margin": 0.031891603811275177,
      "incr_op_margin_yoy": -1.7029781601588352,
      "rev_growth_yoy": 0.0013109117395486455,
      "rev_growth_yoy_accel": 0.021556718674035944,
      "op_leverage_ratio": Infinity,
      "fcf_margin_change": 0.043876234687820204
    },
    {
      "date": "2024-09-28T00:00:00",
      "quarter_label": "2024-09 (Q3)",
      "revenue": 11762628000,
      "gross_profit": 845492000,
      "operating_income": 218174000,
      "net_income": 76969000,
      "opex": 627318000,
      "cogs": 10917136000,
      "rd": null,
      "sga": 627318000,
      "fcf": -314995000,
      "ocf": -277040000,
      "capex": -37955000,
      "gross_margin": 0.07187951536000288,
      "op_margin": 0.018548065959409752,
      "fcf_margin": -0.026779304760806855,
      "incr_op_margin_yoy": -0.03546652738947433,
      "rev_growth_yoy": -0.013646952594271056,
      "rev_growth_yoy_accel": -0.014957864333819702,
      "op_leverage_ratio": Infinity,
      "fcf_margin_change": -0.05867090857208203
    },
    {
      "date": "2024-12-28T00:00:00",
      "quarter_label": "2024-12 (Q4)",
      "revenue": 13344670000,
      "gross_profit": 936085000,
      "operating_income": 248500000,
      "net_income": 83116000,
      "opex": 687585000,
      "cogs": 12408585000,
      "rd": null,
      "sga": 671249000,
      "fcf": 273901000,
      "ocf": 309961000,
      "capex": -36060000,
      "gross_margin": 0.0701467327404874,
      "op_margin": 0.01862166692769473,
      "fcf_margin": 0.020525123513732448,
      "incr_op_margin_yoy": -0.2535143263964277,
      "rev_growth_yoy": 0.02497553477664006,
      "rev_growth_yoy_accel": 0.03862248737091112,
      "op_leverage_ratio": 1.3999799703421967,
      "fcf_margin_change": 0.047304428274539304
    },
    {
      "date": "2025-03-29T00:00:00",
      "quarter_label": "2025-03 (Q1)",
      "revenue": 12280843000,
      "gross_profit": 828762000,
      "operating_income": 200864000,
      "net_income": 69189000,
      "opex": 627898000,
      "cogs": 11452081000,
      "rd": null,
      "sga": 625965000,
      "fcf": -230167000,
      "ocf": -200430000,
      "capex": -29737000,
      "gross_margin": 0.06748412955038999,
      "op_margin": 0.01635588045543779,
      "fcf_margin": -0.01874195444074971,
      "incr_op_margin_yoy": 0.03250101225382146,
      "rev_growth_yoy": 0.0834507726291128,
      "rev_growth_yoy_accel": 0.05847523785247274,
      "fcf_margin_change": -0.03926707795448216
    },
    {
      "date": "2025-06-28T00:00:00",
      "quarter_label": "2025-06 (Q2)",
      "revenue": 12793956000,
      "gross_profit": 839159000,
      "operating_income": 142816000,
      "net_income": 37826000,
      "opex": 696343000,
      "cogs": 11954797000,
      "rd": null,
      "sga": 696322000,
      "fcf": -333184000,
      "ocf": -297960000,
      "capex": -35224000,
      "gross_margin": 0.06559026777956717,
      "op_margin": 0.01116277092089421,
      "fcf_margin": -0.026042296847042463,
      "incr_op_margin_yoy": -0.030588007987117142,
      "rev_growth_yoy": 0.1085234692138476,
      "rev_growth_yoy_accel": 0.025072696584734808,
      "op_leverage_ratio": 0.38329416725631094,
      "fcf_margin_change": -0.007300342406292754
    },
    {
      "date": "2025-09-27T00:00:00",
      "quarter_label": "2025-09 (Q3)",
      "revenue": 12603755000,
      "gross_profit": 869647000,
      "operating_income": 223513000,
      "net_income": 99457000,
      "opex": 646134000,
      "cogs": 11734108000,
      "rd": null,
      "sga": 642595000,
      "fcf": -175006000,
      "ocf": -146038000,
      "capex": -28968000,
      "gross_margin": 0.06899904036535144,
      "op_margin": 0.017733842017716148,
      "fcf_margin": -0.013885227061300383,
      "incr_op_margin_yoy": 0.006347436237333958,
      "rev_growth_yoy": 0.07150842481799136,
      "rev_growth_yoy_accel": -0.03701504439585625,
      "fcf_margin_change": 0.01215706978574208
    }
  ],
  "signals": [
    {
      "quarter": "2025-03 (Q1)",
      "signal": "YoY REVENUE GROWTH ACCELERATION",
      "detail": "YoY growth: +8.3% vs prior quarter YoY: +2.5% (accel: +5.8%)",
      "severity": "MEDIUM"
    },
    {
      "quarter": "2024-12 (Q4)",
      "signal": "FCF TURNED POSITIVE",
      "detail": "FCF margin: -2.7% -> +2.1%",
      "severity": "HIGH"
    },
    {
      "quarter": "2024-06 (Q2)",
      "signal": "FCF TURNED POSITIVE",
      "detail": "FCF margin: -1.2% -> +3.2%",
      "severity": "HIGH"
    },
    {
      "quarter": "2023-12 (Q4)",
      "signal": "OPERATING LEVERAGE",
      "detail": "Rev growth +9.2% vs OpEx growth +0.8% (leverage: 11.2x)",
      "severity": "MEDIUM"
    }
  ],
  "data_quality": {
    "n_quarters": 11,
    "coverage": {
      "revenue": [
        11,
        11
      ],
      "gross_profit": [
        9,
        11
      ],
      "op_income": [
        11,
        11
      ],
      "fcf": [
        8,
        11
      ]
    },
    "gaps": [],
    "warnings": [
      "fcf: 8/11Q"
    ]
  },
  "market_cap": null,
  "source": "SEC EDGAR",
  "last_updated": "2026-02-02T21:04:32.741965"
}