{
  "ticker": "INGR",
  "name": "INGREDION INCORPORATED",
  "quarters": [
    {
      "date": "2020-12-31T00:00:00",
      "quarter_label": "2020-12 (Q4)",
      "revenue": 1593000000,
      "gross_profit": 352000000,
      "operating_income": 163000000,
      "net_income": 115000000,
      "opex": 189000000,
      "cogs": 1241000000,
      "rd": null,
      "sga": null,
      "fcf": 267000000,
      "ocf": 267000000,
      "capex": null,
      "gross_margin": 0.22096672944130571,
      "op_margin": 0.10232266164469554,
      "fcf_margin": 0.16760828625235405
    },
    {
      "date": "2021-03-31T00:00:00",
      "quarter_label": "2021-03 (Q1)",
      "revenue": 1614000000,
      "gross_profit": 351000000,
      "operating_income": -170000000,
      "net_income": -246000000,
      "opex": 521000000,
      "cogs": 1263000000,
      "rd": null,
      "sga": null,
      "fcf": -43000000,
      "ocf": 22000000,
      "capex": -65000000,
      "gross_margin": 0.2174721189591078,
      "op_margin": -0.10532837670384139,
      "fcf_margin": -0.02664188351920694,
      "op_leverage_ratio": 0.007504594649785584,
      "fcf_margin_change": -0.19425016977156098
    },
    {
      "date": "2021-06-30T00:00:00",
      "quarter_label": "2021-06 (Q2)",
      "revenue": 1762000000,
      "gross_profit": 367000000,
      "operating_income": 222000000,
      "net_income": 178000000,
      "opex": 145000000,
      "cogs": 1395000000,
      "rd": null,
      "sga": null,
      "fcf": 55000000,
      "ocf": 107000000,
      "capex": -52000000,
      "gross_margin": 0.20828603859250852,
      "op_margin": 0.12599318955732122,
      "fcf_margin": 0.031214528944381384,
      "op_leverage_ratio": Infinity,
      "fcf_margin_change": 0.05785641246358832
    },
    {
      "date": "2021-09-30T00:00:00",
      "quarter_label": "2021-09 (Q3)",
      "revenue": 1763000000,
      "gross_profit": 323000000,
      "operating_income": 172000000,
      "net_income": 118000000,
      "opex": 151000000,
      "cogs": 1440000000,
      "rd": null,
      "sga": null,
      "fcf": 44000000,
      "ocf": 130000000,
      "capex": -86000000,
      "gross_margin": 0.18321043675553034,
      "op_margin": 0.0975609756097561,
      "fcf_margin": 0.024957458876914352,
      "fcf_margin_change": -0.006257070067467032
    },
    {
      "date": "2021-12-31T00:00:00",
      "quarter_label": "2021-12 (Q4)",
      "revenue": 1755000000,
      "gross_profit": 290000000,
      "operating_income": 86000000,
      "net_income": 67000000,
      "opex": 204000000,
      "cogs": 1465000000,
      "rd": null,
      "sga": null,
      "fcf": 36000000,
      "ocf": 133000000,
      "capex": -97000000,
      "gross_margin": 0.16524216524216523,
      "op_margin": 0.049002849002849,
      "fcf_margin": 0.020512820512820513,
      "incr_op_margin_yoy": -0.47530864197530864,
      "rev_growth_yoy": 0.1016949152542373,
      "fcf_margin_change": -0.004444638364093839
    },
    {
      "date": "2022-03-31T00:00:00",
      "quarter_label": "2022-03 (Q1)",
      "revenue": 1892000000,
      "gross_profit": 379000000,
      "operating_income": 210000000,
      "net_income": 130000000,
      "opex": 169000000,
      "cogs": 1513000000,
      "rd": null,
      "sga": null,
      "fcf": -137000000,
      "ocf": -52000000,
      "capex": -85000000,
      "gross_margin": 0.20031712473572938,
      "op_margin": 0.1109936575052854,
      "fcf_margin": -0.07241014799154334,
      "incr_op_margin_yoy": 1.3669064748201438,
      "rev_growth_yoy": 0.17224287484510534,
      "rev_growth_yoy_accel": 0.07054795959086804,
      "op_leverage_ratio": Infinity,
      "fcf_margin_change": -0.09292296850436385
    },
    {
      "date": "2022-06-30T00:00:00",
      "quarter_label": "2022-06 (Q2)",
      "revenue": 2044000000,
      "gross_profit": 390000000,
      "operating_income": 213000000,
      "net_income": 142000000,
      "opex": 177000000,
      "cogs": 1654000000,
      "rd": null,
      "sga": null,
      "fcf": -11000000,
      "ocf": 48000000,
      "capex": -59000000,
      "gross_margin": 0.1908023483365949,
      "op_margin": 0.10420743639921722,
      "fcf_margin": -0.0053816046966731895,
      "incr_op_margin_yoy": -0.031914893617021274,
      "rev_growth_yoy": 0.16004540295119182,
      "rev_growth_yoy_accel": -0.012197471893913514,
      "op_leverage_ratio": 1.6971458773784354,
      "fcf_margin_change": 0.06702854329487015
    },
    {
      "date": "2022-09-30T00:00:00",
      "quarter_label": "2022-09 (Q3)",
      "revenue": 2023000000,
      "gross_profit": 374000000,
      "operating_income": 182000000,
      "net_income": 106000000,
      "opex": 192000000,
      "cogs": 1649000000,
      "rd": null,
      "sga": null,
      "fcf": 25000000,
      "ocf": 84000000,
      "capex": -59000000,
      "gross_margin": 0.18487394957983194,
      "op_margin": 0.08996539792387544,
      "fcf_margin": 0.012357884330202669,
      "incr_op_margin_yoy": 0.038461538461538464,
      "rev_growth_yoy": 0.1474758933635848,
      "rev_growth_yoy_accel": -0.012569509587607025,
      "fcf_margin_change": 0.01773948902687586
    },
    {
      "date": "2022-12-31T00:00:00",
      "quarter_label": "2022-12 (Q4)",
      "revenue": 1987000000,
      "gross_profit": 351000000,
      "operating_income": 157000000,
      "net_income": 114000000,
      "opex": 194000000,
      "cogs": 1636000000,
      "rd": null,
      "sga": null,
      "fcf": -25000000,
      "ocf": 72000000,
      "capex": -97000000,
      "gross_margin": 0.1766482133870156,
      "op_margin": 0.0790135883241067,
      "fcf_margin": -0.012581781580271767,
      "incr_op_margin_yoy": 0.30603448275862066,
      "rev_growth_yoy": 0.1321937321937322,
      "rev_growth_yoy_accel": -0.015282161169852593,
      "fcf_margin_change": -0.024939665910474435
    },
    {
      "date": "2023-03-31T00:00:00",
      "quarter_label": "2023-03 (Q1)",
      "revenue": 2137000000,
      "gross_profit": 487000000,
      "operating_income": 291000000,
      "net_income": 191000000,
      "opex": 196000000,
      "cogs": 1650000000,
      "rd": null,
      "sga": null,
      "fcf": -127000000,
      "ocf": -51000000,
      "capex": -76000000,
      "gross_margin": 0.22788956481048198,
      "op_margin": 0.13617220402433317,
      "fcf_margin": -0.05942910622367805,
      "incr_op_margin_yoy": 0.3306122448979592,
      "rev_growth_yoy": 0.12949260042283298,
      "rev_growth_yoy_accel": -0.002701131770899229,
      "op_leverage_ratio": 7.322596879718168,
      "fcf_margin_change": -0.04684732464340628
    },
    {
      "date": "2023-06-30T00:00:00",
      "quarter_label": "2023-06 (Q2)",
      "revenue": 2069000000,
      "gross_profit": 441000000,
      "operating_income": 251000000,
      "net_income": 163000000,
      "opex": 190000000,
      "cogs": 1628000000,
      "rd": null,
      "sga": null,
      "fcf": 252000000,
      "ocf": 330000000,
      "capex": -78000000,
      "gross_margin": 0.21314644755920734,
      "op_margin": 0.12131464475592073,
      "fcf_margin": 0.12179797003383278,
      "incr_op_margin_yoy": 1.52,
      "rev_growth_yoy": 0.01223091976516634,
      "rev_growth_yoy_accel": -0.11726168065766664,
      "fcf_margin_change": 0.18122707625751083
    },
    {
      "date": "2023-09-30T00:00:00",
      "quarter_label": "2023-09 (Q3)",
      "revenue": 2033000000,
      "gross_profit": 421000000,
      "operating_income": 213000000,
      "net_income": 158000000,
      "opex": 208000000,
      "cogs": 1612000000,
      "rd": null,
      "sga": null,
      "fcf": 289000000,
      "ocf": 368000000,
      "capex": -79000000,
      "gross_margin": 0.20708312838170193,
      "op_margin": 0.10477127397934087,
      "fcf_margin": 0.14215445154943435,
      "incr_op_margin_yoy": 3.1,
      "rev_growth_yoy": 0.004943153732081068,
      "rev_growth_yoy_accel": -0.007287766033085272,
      "fcf_margin_change": 0.02035648151560157
    },
    {
      "date": "2023-12-31T00:00:00",
      "quarter_label": "2023-12 (Q4)",
      "revenue": 1921000000,
      "gross_profit": 400000000,
      "operating_income": 202000000,
      "net_income": 131000000,
      "opex": 198000000,
      "cogs": 1521000000,
      "rd": null,
      "sga": null,
      "fcf": 327000000,
      "ocf": 410000000,
      "capex": -83000000,
      "gross_margin": 0.20822488287350338,
      "op_margin": 0.10515356585111921,
      "fcf_margin": 0.17022384174908903,
      "incr_op_margin_yoy": -0.6818181818181818,
      "rev_growth_yoy": -0.03321590337191746,
      "rev_growth_yoy_accel": -0.03815905710399853,
      "fcf_margin_change": 0.02806939019965468
    },
    {
      "date": "2024-03-31T00:00:00",
      "quarter_label": "2024-03 (Q1)",
      "revenue": 1882000000,
      "gross_profit": 417000000,
      "operating_income": 213000000,
      "net_income": 216000000,
      "opex": 204000000,
      "cogs": 1465000000,
      "rd": null,
      "sga": null,
      "fcf": 144000000,
      "ocf": 209000000,
      "capex": -65000000,
      "gross_margin": 0.22157279489904358,
      "op_margin": 0.11317747077577045,
      "fcf_margin": 0.0765143464399575,
      "incr_op_margin_yoy": 0.3058823529411765,
      "rev_growth_yoy": -0.11932615816565278,
      "rev_growth_yoy_accel": -0.08611025479373532,
      "fcf_margin_change": -0.09370949530913153
    },
    {
      "date": "2024-06-30T00:00:00",
      "quarter_label": "2024-06 (Q2)",
      "revenue": 1878000000,
      "gross_profit": 446000000,
      "operating_income": 240000000,
      "net_income": 148000000,
      "opex": 206000000,
      "cogs": 1432000000,
      "rd": null,
      "sga": null,
      "fcf": 257000000,
      "ocf": 312000000,
      "capex": -55000000,
      "gross_margin": 0.2374866879659212,
      "op_margin": 0.12779552715654952,
      "fcf_margin": 0.13684771033013846,
      "incr_op_margin_yoy": 0.05759162303664921,
      "rev_growth_yoy": -0.09231512808119864,
      "rev_growth_yoy_accel": 0.027011030084454143,
      "fcf_margin_change": 0.06033336389018096
    },
    {
      "date": "2024-09-30T00:00:00",
      "quarter_label": "2024-09 (Q3)",
      "revenue": 1870000000,
      "gross_profit": 479000000,
      "operating_income": 268000000,
      "net_income": 188000000,
      "opex": 211000000,
      "cogs": 1391000000,
      "rd": null,
      "sga": null,
      "fcf": 429000000,
      "ocf": 479000000,
      "capex": -50000000,
      "gross_margin": 0.25614973262032087,
      "op_margin": 0.14331550802139037,
      "fcf_margin": 0.22941176470588234,
      "incr_op_margin_yoy": -0.3374233128834356,
      "rev_growth_yoy": -0.08017707820954255,
      "rev_growth_yoy_accel": 0.012138049871656093,
      "fcf_margin_change": 0.09256405437574389
    },
    {
      "date": "2024-12-31T00:00:00",
      "quarter_label": "2024-12 (Q4)",
      "revenue": 1800000000,
      "gross_profit": 449000000,
      "operating_income": 162000000,
      "net_income": 95000000,
      "opex": 287000000,
      "cogs": 1351000000,
      "rd": null,
      "sga": null,
      "fcf": 305000000,
      "ocf": 436000000,
      "capex": -131000000,
      "gross_margin": 0.24944444444444444,
      "op_margin": 0.09,
      "fcf_margin": 0.16944444444444445,
      "incr_op_margin_yoy": 0.3305785123966942,
      "rev_growth_yoy": -0.06298802706923477,
      "rev_growth_yoy_accel": 0.017189051140307776,
      "fcf_margin_change": -0.05996732026143789
    },
    {
      "date": "2025-03-31T00:00:00",
      "quarter_label": "2025-03 (Q1)",
      "revenue": 1813000000,
      "gross_profit": 466000000,
      "operating_income": 276000000,
      "net_income": 197000000,
      "opex": 190000000,
      "cogs": 1347000000,
      "rd": null,
      "sga": null,
      "fcf": -15000000,
      "ocf": 77000000,
      "capex": -92000000,
      "gross_margin": 0.25703254274682846,
      "op_margin": 0.15223386651958082,
      "fcf_margin": -0.00827357970215113,
      "incr_op_margin_yoy": -0.9130434782608695,
      "rev_growth_yoy": -0.036663124335812966,
      "rev_growth_yoy_accel": 0.026324902733421807,
      "fcf_margin_change": -0.17771802414659557
    },
    {
      "date": "2025-06-30T00:00:00",
      "quarter_label": "2025-06 (Q2)",
      "revenue": 1833000000,
      "gross_profit": 477000000,
      "operating_income": 271000000,
      "net_income": 196000000,
      "opex": 206000000,
      "cogs": 1356000000,
      "rd": null,
      "sga": null,
      "fcf": 84000000,
      "ocf": 185000000,
      "capex": -101000000,
      "gross_margin": 0.2602291325695581,
      "op_margin": 0.14784506273867976,
      "fcf_margin": 0.04582651391162029,
      "incr_op_margin_yoy": -0.6888888888888889,
      "rev_growth_yoy": -0.023961661341853034,
      "rev_growth_yoy_accel": 0.012701462993959932,
      "op_leverage_ratio": 0.13099834528405957,
      "fcf_margin_change": 0.054100093613771424
    },
    {
      "date": "2025-09-30T00:00:00",
      "quarter_label": "2025-09 (Q3)",
      "revenue": 1816000000,
      "gross_profit": 455000000,
      "operating_income": 249000000,
      "net_income": 171000000,
      "opex": 206000000,
      "cogs": 1361000000,
      "rd": null,
      "sga": null,
      "fcf": 172000000,
      "ocf": 277000000,
      "capex": -105000000,
      "gross_margin": 0.2505506607929515,
      "op_margin": 0.13711453744493393,
      "fcf_margin": 0.0947136563876652,
      "incr_op_margin_yoy": 0.35185185185185186,
      "rev_growth_yoy": -0.028877005347593583,
      "rev_growth_yoy_accel": -0.004915344005740549,
      "fcf_margin_change": 0.048887142476044906
    }
  ],
  "signals": [
    {
      "quarter": "2025-09 (Q3)",
      "signal": "INCREMENTAL MARGIN (YoY)",
      "detail": "YoY Incr OPM: +35.2% vs year-ago OPM: +14.3%",
      "severity": "HIGH"
    },
    {
      "quarter": "2025-06 (Q2)",
      "signal": "FCF TURNED POSITIVE",
      "detail": "FCF margin: -0.8% -> +4.6%",
      "severity": "HIGH"
    },
    {
      "quarter": "2024-12 (Q4)",
      "signal": "INCREMENTAL MARGIN (YoY)",
      "detail": "YoY Incr OPM: +33.1% vs year-ago OPM: +10.5%",
      "severity": "HIGH"
    },
    {
      "quarter": "2024-09 (Q3)",
      "signal": "FCF MARGIN EXPANSION",
      "detail": "FCF margin: +13.7% -> +22.9% (+9.3%)",
      "severity": "MEDIUM"
    },
    {
      "quarter": "2024-06 (Q2)",
      "signal": "FCF MARGIN EXPANSION",
      "detail": "FCF margin: +7.7% -> +13.7% (+6.0%)",
      "severity": "MEDIUM"
    },
    {
      "quarter": "2024-03 (Q1)",
      "signal": "YoY REVENUE GROWTH DECELERATION",
      "detail": "YoY growth: -11.9% vs prior quarter YoY: -3.3% (decel: -8.6%)",
      "severity": "WARNING"
    },
    {
      "quarter": "2024-03 (Q1)",
      "signal": "INCREMENTAL MARGIN (YoY)",
      "detail": "YoY Incr OPM: +30.6% vs year-ago OPM: +13.6%",
      "severity": "MEDIUM"
    },
    {
      "quarter": "2023-09 (Q3)",
      "signal": "INCREMENTAL MARGIN (YoY)",
      "detail": "YoY Incr OPM: +310.0% vs year-ago OPM: +9.0%",
      "severity": "HIGH"
    },
    {
      "quarter": "2023-06 (Q2)",
      "signal": "FCF TURNED POSITIVE",
      "detail": "FCF margin: -5.9% -> +12.2%",
      "severity": "HIGH"
    },
    {
      "quarter": "2023-06 (Q2)",
      "signal": "YoY REVENUE GROWTH DECELERATION",
      "detail": "YoY growth: +1.2% vs prior quarter YoY: +12.9% (decel: -11.7%)",
      "severity": "WARNING"
    },
    {
      "quarter": "2023-06 (Q2)",
      "signal": "INCREMENTAL MARGIN (YoY)",
      "detail": "YoY Incr OPM: +152.0% vs year-ago OPM: +10.4%",
      "severity": "HIGH"
    },
    {
      "quarter": "2023-03 (Q1)",
      "signal": "OPERATING LEVERAGE",
      "detail": "Rev growth +7.5% vs OpEx growth +1.0% (leverage: 7.3x)",
      "severity": "MEDIUM"
    },
    {
      "quarter": "2023-03 (Q1)",
      "signal": "GROSS MARGIN INFLECTION",
      "detail": "GM: +18.5% -> +17.7% -> +22.8% (reversal +5.1%)",
      "severity": "HIGH"
    },
    {
      "quarter": "2023-03 (Q1)",
      "signal": "INCREMENTAL MARGIN (YoY)",
      "detail": "YoY Incr OPM: +33.1% vs year-ago OPM: +11.1%",
      "severity": "HIGH"
    },
    {
      "quarter": "2022-12 (Q4)",
      "signal": "INCREMENTAL MARGIN (YoY)",
      "detail": "YoY Incr OPM: +30.6% vs year-ago OPM: +4.9%",
      "severity": "HIGH"
    },
    {
      "quarter": "2022-09 (Q3)",
      "signal": "FCF TURNED POSITIVE",
      "detail": "FCF margin: -0.5% -> +1.2%",
      "severity": "HIGH"
    },
    {
      "quarter": "2022-06 (Q2)",
      "signal": "FCF MARGIN EXPANSION",
      "detail": "FCF margin: -7.2% -> -0.5% (+6.7%)",
      "severity": "MEDIUM"
    },
    {
      "quarter": "2022-06 (Q2)",
      "signal": "OPERATING LEVERAGE",
      "detail": "Rev growth +8.0% vs OpEx growth +4.7% (leverage: 1.7x)",
      "severity": "MEDIUM"
    },
    {
      "quarter": "2022-03 (Q1)",
      "signal": "GROSS MARGIN INFLECTION",
      "detail": "GM: +18.3% -> +16.5% -> +20.0% (reversal +3.5%)",
      "severity": "MEDIUM"
    },
    {
      "quarter": "2022-03 (Q1)",
      "signal": "YoY REVENUE GROWTH ACCELERATION",
      "detail": "YoY growth: +17.2% vs prior quarter YoY: +10.2% (accel: +7.1%)",
      "severity": "MEDIUM"
    },
    {
      "quarter": "2022-03 (Q1)",
      "signal": "OP MARGIN TURNED POSITIVE (YoY)",
      "detail": "Op margin: -10.5% (year-ago) -> +11.1%",
      "severity": "HIGH"
    },
    {
      "quarter": "2021-06 (Q2)",
      "signal": "FCF TURNED POSITIVE",
      "detail": "FCF margin: -2.7% -> +3.1%",
      "severity": "HIGH"
    },
    {
      "quarter": "2021-06 (Q2)",
      "signal": "OP MARGIN TURNED POSITIVE (QoQ)",
      "detail": "Op margin: -10.5% -> +12.6%",
      "severity": "HIGH"
    }
  ],
  "data_quality": {
    "n_quarters": 20,
    "coverage": {
      "revenue": [
        20,
        20
      ],
      "gross_profit": [
        20,
        20
      ],
      "op_income": [
        20,
        20
      ],
      "fcf": [
        20,
        20
      ]
    },
    "gaps": [],
    "warnings": []
  },
  "market_cap": null,
  "source": "SEC EDGAR",
  "last_updated": "2026-02-02T20:48:22.504692"
}