{
  "ticker": "INN-PF",
  "name": "SUMMIT HOTEL PROPERTIES,\u00a0INC.",
  "quarters": [
    {
      "date": "2020-12-31T00:00:00",
      "quarter_label": "2020-12 (Q4)",
      "revenue": 48230000,
      "gross_profit": null,
      "operating_income": -34867000,
      "net_income": -43054000,
      "opex": 82905000,
      "cogs": null,
      "rd": null,
      "sga": null,
      "fcf": -20661000,
      "ocf": -20661000,
      "capex": null,
      "gross_margin": null,
      "op_margin": -0.7229317851959361,
      "fcf_margin": -0.4283848227244454
    },
    {
      "date": "2021-03-31T00:00:00",
      "quarter_label": "2021-03 (Q1)",
      "revenue": 57854000,
      "gross_profit": null,
      "operating_income": -25210000,
      "net_income": -31365000,
      "opex": 83114000,
      "cogs": null,
      "rd": null,
      "sga": null,
      "fcf": -3167000,
      "ocf": -3167000,
      "capex": null,
      "gross_margin": null,
      "op_margin": -0.4357520655443012,
      "fcf_margin": -0.05474124520344315,
      "op_leverage_ratio": 79.15398603382714,
      "fcf_margin_change": 0.37364357752100225
    },
    {
      "date": "2021-06-30T00:00:00",
      "quarter_label": "2021-06 (Q2)",
      "revenue": 86524000,
      "gross_profit": null,
      "operating_income": -11627000,
      "net_income": -18692000,
      "opex": 98182000,
      "cogs": null,
      "rd": null,
      "sga": null,
      "fcf": 17997000,
      "ocf": 17997000,
      "capex": null,
      "gross_margin": null,
      "op_margin": -0.13437890065184227,
      "fcf_margin": 0.2080000924598955,
      "op_leverage_ratio": 2.733460950910831,
      "fcf_margin_change": 0.2627413376633387
    },
    {
      "date": "2021-09-30T00:00:00",
      "quarter_label": "2021-09 (Q3)",
      "revenue": 110686000,
      "gross_profit": null,
      "operating_income": 5023000,
      "net_income": -4504000,
      "opex": 105663000,
      "cogs": null,
      "rd": null,
      "sga": null,
      "fcf": 35459000,
      "ocf": 35459000,
      "capex": null,
      "gross_margin": null,
      "op_margin": 0.045380626276132485,
      "fcf_margin": 0.3203566846755687,
      "op_leverage_ratio": 3.664953857710549,
      "fcf_margin_change": 0.1123565922156732
    },
    {
      "date": "2021-12-31T00:00:00",
      "quarter_label": "2021-12 (Q4)",
      "revenue": 106862000,
      "gross_profit": null,
      "operating_income": -1452000,
      "net_income": -11012000,
      "opex": 108473000,
      "cogs": null,
      "rd": null,
      "sga": null,
      "fcf": 15762000,
      "ocf": 15762000,
      "capex": null,
      "gross_margin": null,
      "op_margin": -0.013587617675132413,
      "fcf_margin": 0.14749864310980518,
      "incr_op_margin_yoy": 0.5699106290080502,
      "rev_growth_yoy": 1.2156748911465893,
      "fcf_margin_change": -0.17285804156576354
    },
    {
      "date": "2022-03-31T00:00:00",
      "quarter_label": "2022-03 (Q1)",
      "revenue": 141869000,
      "gross_profit": null,
      "operating_income": 724000,
      "net_income": -8409000,
      "opex": 141145000,
      "cogs": null,
      "rd": null,
      "sga": null,
      "fcf": 25505000,
      "ocf": 25505000,
      "capex": null,
      "gross_margin": null,
      "op_margin": 0.005103299522799202,
      "fcf_margin": 0.17977852807872052,
      "incr_op_margin_yoy": 0.3086829732785812,
      "rev_growth_yoy": 1.4521899955059288,
      "rev_growth_yoy_accel": 0.23651510435933942,
      "op_leverage_ratio": 1.0876208575277486,
      "fcf_margin_change": 0.032279884968915346
    },
    {
      "date": "2022-06-30T00:00:00",
      "quarter_label": "2022-06 (Q2)",
      "revenue": 183248000,
      "gross_profit": null,
      "operating_income": 43095000,
      "net_income": null,
      "opex": 160637000,
      "cogs": null,
      "rd": null,
      "sga": null,
      "fcf": 61398000,
      "ocf": 61398000,
      "capex": null,
      "gross_margin": null,
      "op_margin": 0.23517309875141884,
      "fcf_margin": 0.3350541342879595,
      "incr_op_margin_yoy": 0.5657541044621811,
      "rev_growth_yoy": 1.1178863667884056,
      "rev_growth_yoy_accel": -0.33430362871752317,
      "op_leverage_ratio": 2.112037275243489,
      "fcf_margin_change": 0.15527560620923897
    },
    {
      "date": "2022-09-30T00:00:00",
      "quarter_label": "2022-09 (Q3)",
      "revenue": 178252000,
      "gross_profit": null,
      "operating_income": 17230000,
      "net_income": null,
      "opex": 161017000,
      "cogs": null,
      "rd": null,
      "sga": null,
      "fcf": 48778000,
      "ocf": 48778000,
      "capex": null,
      "gross_margin": null,
      "op_margin": 0.09666090703049615,
      "fcf_margin": 0.27364629849875455,
      "incr_op_margin_yoy": 0.18066779149276263,
      "rev_growth_yoy": 0.6104295032795476,
      "rev_growth_yoy_accel": -0.507456863508858,
      "fcf_margin_change": -0.061407835789204945
    },
    {
      "date": "2022-12-31T00:00:00",
      "quarter_label": "2022-12 (Q4)",
      "revenue": 172326000,
      "gross_profit": null,
      "operating_income": 6733000,
      "net_income": null,
      "opex": 165429000,
      "cogs": null,
      "rd": null,
      "sga": null,
      "fcf": 33934000,
      "ocf": 33934000,
      "capex": null,
      "gross_margin": null,
      "op_margin": 0.039071295103466686,
      "fcf_margin": 0.19691747037591542,
      "incr_op_margin_yoy": 0.12503055114261274,
      "rev_growth_yoy": 0.6126031704441242,
      "rev_growth_yoy_accel": 0.002173667164576565,
      "fcf_margin_change": -0.07672882812283913
    },
    {
      "date": "2023-03-31T00:00:00",
      "quarter_label": "2023-03 (Q1)",
      "revenue": 182383000,
      "gross_profit": null,
      "operating_income": 18202000,
      "net_income": null,
      "opex": 164181000,
      "cogs": null,
      "rd": null,
      "sga": null,
      "fcf": 32006000,
      "ocf": 32006000,
      "capex": null,
      "gross_margin": null,
      "op_margin": 0.0998009682920009,
      "fcf_margin": 0.1754878470032843,
      "incr_op_margin_yoy": 0.43140642740780966,
      "rev_growth_yoy": 0.2855733105893465,
      "rev_growth_yoy_accel": -0.32702985985477767,
      "op_leverage_ratio": Infinity,
      "fcf_margin_change": -0.02142962337263113
    },
    {
      "date": "2023-06-30T00:00:00",
      "quarter_label": "2023-06 (Q2)",
      "revenue": 194493000,
      "gross_profit": null,
      "operating_income": 23439000,
      "net_income": null,
      "opex": 170734000,
      "cogs": null,
      "rd": null,
      "sga": null,
      "fcf": 47048000,
      "ocf": 47048000,
      "capex": null,
      "gross_margin": null,
      "op_margin": 0.12051333467014237,
      "fcf_margin": 0.24190073678744223,
      "incr_op_margin_yoy": -1.7479768786127168,
      "rev_growth_yoy": 0.06136492622020431,
      "rev_growth_yoy_accel": -0.22420838436914217,
      "op_leverage_ratio": 1.6635755034310804,
      "fcf_margin_change": 0.06641288978415794
    },
    {
      "date": "2023-09-30T00:00:00",
      "quarter_label": "2023-09 (Q3)",
      "revenue": 181816000,
      "gross_profit": null,
      "operating_income": 16476000,
      "net_income": null,
      "opex": 165324000,
      "cogs": null,
      "rd": null,
      "sga": null,
      "fcf": 44113000,
      "ocf": 44113000,
      "capex": null,
      "gross_margin": null,
      "op_margin": 0.09061908742904914,
      "fcf_margin": 0.24262441149293792,
      "incr_op_margin_yoy": -0.21156004489337824,
      "rev_growth_yoy": 0.01999416556335974,
      "rev_growth_yoy_accel": -0.04137076065684457,
      "fcf_margin_change": 0.0007236747054956971
    },
    {
      "date": "2023-12-31T00:00:00",
      "quarter_label": "2023-12 (Q4)",
      "revenue": 177435000,
      "gross_profit": null,
      "operating_income": 428000,
      "net_income": null,
      "opex": 177006000,
      "cogs": null,
      "rd": null,
      "sga": null,
      "fcf": 30474000,
      "ocf": 30474000,
      "capex": null,
      "gross_margin": null,
      "op_margin": 0.0024121509285090314,
      "fcf_margin": 0.1717474004565052,
      "incr_op_margin_yoy": -1.2340966921119594,
      "rev_growth_yoy": 0.029647296403328575,
      "rev_growth_yoy_accel": 0.009653130839968837,
      "fcf_margin_change": -0.07087701103643274
    },
    {
      "date": "2024-03-31T00:00:00",
      "quarter_label": "2024-03 (Q1)",
      "revenue": 188142000,
      "gross_profit": null,
      "operating_income": 23489000,
      "net_income": null,
      "opex": 164728000,
      "cogs": null,
      "rd": null,
      "sga": null,
      "fcf": 28150000,
      "ocf": 28150000,
      "capex": null,
      "gross_margin": null,
      "op_margin": 0.12484718988848849,
      "fcf_margin": 0.14962103092345144,
      "incr_op_margin_yoy": 0.9180413266192047,
      "rev_growth_yoy": 0.031576407888893154,
      "rev_growth_yoy_accel": 0.0019291114855645788,
      "op_leverage_ratio": Infinity,
      "fcf_margin_change": -0.022126369533053747
    },
    {
      "date": "2024-06-30T00:00:00",
      "quarter_label": "2024-06 (Q2)",
      "revenue": 193903000,
      "gross_profit": null,
      "operating_income": 56209000,
      "net_income": null,
      "opex": 166036000,
      "cogs": null,
      "rd": null,
      "sga": null,
      "fcf": 50325000,
      "ocf": 50325000,
      "capex": null,
      "gross_margin": null,
      "op_margin": 0.2898820544292765,
      "fcf_margin": 0.259536984987339,
      "rev_growth_yoy": -0.0030335281989583174,
      "rev_growth_yoy_accel": -0.03460993608785147,
      "op_leverage_ratio": 3.8563087734792805,
      "fcf_margin_change": 0.10991595406388757
    },
    {
      "date": "2024-09-30T00:00:00",
      "quarter_label": "2024-09 (Q3)",
      "revenue": 176807000,
      "gross_profit": null,
      "operating_income": 15755000,
      "net_income": null,
      "opex": 161074000,
      "cogs": null,
      "rd": null,
      "sga": null,
      "fcf": 55663000,
      "ocf": 55663000,
      "capex": null,
      "gross_margin": null,
      "op_margin": 0.08910846290022453,
      "fcf_margin": 0.31482350811902243,
      "incr_op_margin_yoy": 0.14394090636853663,
      "rev_growth_yoy": -0.027549830597967177,
      "rev_growth_yoy_accel": -0.024516302399008857,
      "fcf_margin_change": 0.05528652313168342
    },
    {
      "date": "2024-12-31T00:00:00",
      "quarter_label": "2024-12 (Q4)",
      "revenue": 172931000,
      "gross_profit": null,
      "operating_income": 8037000,
      "net_income": null,
      "opex": 165367000,
      "cogs": null,
      "rd": null,
      "sga": null,
      "fcf": 32185000,
      "ocf": 32185000,
      "capex": null,
      "gross_margin": null,
      "op_margin": 0.04647518374380533,
      "fcf_margin": 0.1861146931435081,
      "incr_op_margin_yoy": -1.6893872113676731,
      "rev_growth_yoy": -0.02538394341589878,
      "rev_growth_yoy_accel": 0.002165887182068397,
      "fcf_margin_change": -0.12870881497551434
    },
    {
      "date": "2025-03-31T00:00:00",
      "quarter_label": "2025-03 (Q1)",
      "revenue": 184478000,
      "gross_profit": null,
      "operating_income": 19827000,
      "net_income": null,
      "opex": 164652000,
      "cogs": null,
      "rd": null,
      "sga": null,
      "fcf": 25850000,
      "ocf": 25850000,
      "capex": null,
      "gross_margin": null,
      "op_margin": 0.10747623022799467,
      "fcf_margin": 0.14012510976918657,
      "incr_op_margin_yoy": 0.9994541484716157,
      "rev_growth_yoy": -0.019474652124459185,
      "rev_growth_yoy_accel": 0.005909291291439595,
      "op_leverage_ratio": Infinity,
      "fcf_margin_change": -0.04598958337432152
    },
    {
      "date": "2025-06-30T00:00:00",
      "quarter_label": "2025-06 (Q2)",
      "revenue": 192917000,
      "gross_profit": null,
      "operating_income": 22684000,
      "net_income": null,
      "opex": 170153000,
      "cogs": null,
      "rd": null,
      "sga": null,
      "fcf": 48836000,
      "ocf": 48836000,
      "capex": null,
      "gross_margin": null,
      "op_margin": 0.1175842460747368,
      "fcf_margin": 0.25314513495441043,
      "rev_growth_yoy": -0.0050850167351717095,
      "rev_growth_yoy_accel": 0.014389635389287475,
      "op_leverage_ratio": 1.369215386002195,
      "fcf_margin_change": 0.11302002518522386
    },
    {
      "date": "2025-09-30T00:00:00",
      "quarter_label": "2025-09 (Q3)",
      "revenue": 177117000,
      "gross_profit": null,
      "operating_income": 8583000,
      "net_income": null,
      "opex": 168477000,
      "cogs": null,
      "rd": null,
      "sga": null,
      "fcf": 45802000,
      "ocf": 45802000,
      "capex": null,
      "gross_margin": null,
      "op_margin": 0.04845949287758939,
      "fcf_margin": 0.25859742430145044,
      "rev_growth_yoy": 0.0017533242462119713,
      "rev_growth_yoy_accel": 0.006838340981383681,
      "fcf_margin_change": 0.005452289347040007
    }
  ],
  "signals": [
    {
      "quarter": "2025-06 (Q2)",
      "signal": "FCF MARGIN EXPANSION",
      "detail": "FCF margin: +14.0% -> +25.3% (+11.3%)",
      "severity": "MEDIUM"
    },
    {
      "quarter": "2025-03 (Q1)",
      "signal": "INCREMENTAL MARGIN (YoY)",
      "detail": "YoY Incr OPM: +99.9% vs year-ago OPM: +12.5%",
      "severity": "HIGH"
    },
    {
      "quarter": "2024-09 (Q3)",
      "signal": "FCF MARGIN EXPANSION",
      "detail": "FCF margin: +26.0% -> +31.5% (+5.5%)",
      "severity": "MEDIUM"
    },
    {
      "quarter": "2024-06 (Q2)",
      "signal": "FCF MARGIN EXPANSION",
      "detail": "FCF margin: +15.0% -> +26.0% (+11.0%)",
      "severity": "MEDIUM"
    },
    {
      "quarter": "2024-06 (Q2)",
      "signal": "OPERATING LEVERAGE",
      "detail": "Rev growth +3.1% vs OpEx growth +0.8% (leverage: 3.9x)",
      "severity": "MEDIUM"
    },
    {
      "quarter": "2024-03 (Q1)",
      "signal": "INCREMENTAL MARGIN (YoY)",
      "detail": "YoY Incr OPM: +91.8% vs year-ago OPM: +10.0%",
      "severity": "HIGH"
    },
    {
      "quarter": "2023-06 (Q2)",
      "signal": "FCF MARGIN EXPANSION",
      "detail": "FCF margin: +17.5% -> +24.2% (+6.6%)",
      "severity": "MEDIUM"
    },
    {
      "quarter": "2023-06 (Q2)",
      "signal": "OPERATING LEVERAGE",
      "detail": "Rev growth +6.6% vs OpEx growth +4.0% (leverage: 1.7x)",
      "severity": "MEDIUM"
    },
    {
      "quarter": "2023-06 (Q2)",
      "signal": "YoY REVENUE GROWTH DECELERATION",
      "detail": "YoY growth: +6.1% vs prior quarter YoY: +28.6% (decel: -22.4%)",
      "severity": "WARNING"
    },
    {
      "quarter": "2023-03 (Q1)",
      "signal": "YoY REVENUE GROWTH DECELERATION",
      "detail": "YoY growth: +28.6% vs prior quarter YoY: +61.3% (decel: -32.7%)",
      "severity": "WARNING"
    },
    {
      "quarter": "2023-03 (Q1)",
      "signal": "INCREMENTAL MARGIN (YoY)",
      "detail": "YoY Incr OPM: +43.1% vs year-ago OPM: +0.5%",
      "severity": "HIGH"
    },
    {
      "quarter": "2022-12 (Q4)",
      "signal": "OP MARGIN TURNED POSITIVE (YoY)",
      "detail": "Op margin: -1.4% (year-ago) -> +3.9%",
      "severity": "HIGH"
    },
    {
      "quarter": "2022-09 (Q3)",
      "signal": "YoY REVENUE GROWTH DECELERATION",
      "detail": "YoY growth: +61.0% vs prior quarter YoY: +111.8% (decel: -50.7%)",
      "severity": "WARNING"
    },
    {
      "quarter": "2022-09 (Q3)",
      "signal": "INCREMENTAL MARGIN (YoY)",
      "detail": "YoY Incr OPM: +18.1% vs year-ago OPM: +4.5%",
      "severity": "MEDIUM"
    },
    {
      "quarter": "2022-06 (Q2)",
      "signal": "FCF MARGIN EXPANSION",
      "detail": "FCF margin: +18.0% -> +33.5% (+15.5%)",
      "severity": "MEDIUM"
    },
    {
      "quarter": "2022-06 (Q2)",
      "signal": "OPERATING LEVERAGE",
      "detail": "Rev growth +29.2% vs OpEx growth +13.8% (leverage: 2.1x)",
      "severity": "MEDIUM"
    },
    {
      "quarter": "2022-06 (Q2)",
      "signal": "YoY REVENUE GROWTH DECELERATION",
      "detail": "YoY growth: +111.8% vs prior quarter YoY: +145.2% (decel: -33.4%)",
      "severity": "WARNING"
    },
    {
      "quarter": "2022-06 (Q2)",
      "signal": "OP MARGIN TURNED POSITIVE (YoY)",
      "detail": "Op margin: -13.4% (year-ago) -> +23.5%",
      "severity": "HIGH"
    },
    {
      "quarter": "2022-03 (Q1)",
      "signal": "YoY REVENUE GROWTH ACCELERATION",
      "detail": "YoY growth: +145.2% vs prior quarter YoY: +121.6% (accel: +23.7%)",
      "severity": "HIGH"
    },
    {
      "quarter": "2022-03 (Q1)",
      "signal": "OP MARGIN TURNED POSITIVE (YoY)",
      "detail": "Op margin: -43.6% (year-ago) -> +0.5%",
      "severity": "HIGH"
    },
    {
      "quarter": "2022-03 (Q1)",
      "signal": "OP MARGIN TURNED POSITIVE (QoQ)",
      "detail": "Op margin: -1.4% -> +0.5%",
      "severity": "HIGH"
    },
    {
      "quarter": "2021-09 (Q3)",
      "signal": "FCF MARGIN EXPANSION",
      "detail": "FCF margin: +20.8% -> +32.0% (+11.2%)",
      "severity": "MEDIUM"
    },
    {
      "quarter": "2021-09 (Q3)",
      "signal": "OPERATING LEVERAGE",
      "detail": "Rev growth +27.9% vs OpEx growth +7.6% (leverage: 3.7x)",
      "severity": "MEDIUM"
    },
    {
      "quarter": "2021-09 (Q3)",
      "signal": "OP MARGIN TURNED POSITIVE (QoQ)",
      "detail": "Op margin: -13.4% -> +4.5%",
      "severity": "HIGH"
    },
    {
      "quarter": "2021-06 (Q2)",
      "signal": "FCF TURNED POSITIVE",
      "detail": "FCF margin: -5.5% -> +20.8%",
      "severity": "HIGH"
    },
    {
      "quarter": "2021-06 (Q2)",
      "signal": "OPERATING LEVERAGE",
      "detail": "Rev growth +49.6% vs OpEx growth +18.1% (leverage: 2.7x)",
      "severity": "MEDIUM"
    },
    {
      "quarter": "2021-03 (Q1)",
      "signal": "FCF MARGIN EXPANSION",
      "detail": "FCF margin: -42.8% -> -5.5% (+37.4%)",
      "severity": "MEDIUM"
    },
    {
      "quarter": "2021-03 (Q1)",
      "signal": "OPERATING LEVERAGE",
      "detail": "Rev growth +20.0% vs OpEx growth +0.3% (leverage: 79.2x)",
      "severity": "MEDIUM"
    }
  ],
  "data_quality": {
    "n_quarters": 20,
    "coverage": {
      "revenue": [
        20,
        20
      ],
      "gross_profit": [
        0,
        20
      ],
      "op_income": [
        20,
        20
      ],
      "fcf": [
        20,
        20
      ]
    },
    "gaps": [],
    "warnings": [
      "gross_profit: no data"
    ]
  },
  "market_cap": null,
  "source": "SEC EDGAR",
  "last_updated": "2026-02-03T01:10:29.849543"
}