{
  "ticker": "INNV",
  "name": "InnovAge Holding Corp.",
  "quarters": [
    {
      "date": "2021-03-31T00:00:00",
      "quarter_label": "2021-03 (Q1)",
      "revenue": 156308000,
      "gross_profit": null,
      "operating_income": -5366000,
      "net_income": -10510000,
      "opex": 161674000,
      "cogs": null,
      "rd": null,
      "sga": null,
      "fcf": -18904000,
      "ocf": -16285000,
      "capex": -2619000,
      "gross_margin": null,
      "op_margin": -0.03432965683138419,
      "fcf_margin": -0.12094070680963226
    },
    {
      "date": "2021-06-30T00:00:00",
      "quarter_label": "2021-06 (Q2)",
      "revenue": 171616000,
      "gross_profit": null,
      "operating_income": 10668000,
      "net_income": 6474000,
      "opex": 160948000,
      "cogs": null,
      "rd": null,
      "sga": null,
      "fcf": 6022000,
      "ocf": 9480000,
      "capex": -3458000,
      "gross_margin": null,
      "op_margin": 0.06216203617378333,
      "fcf_margin": 0.03508996830132389,
      "op_leverage_ratio": null,
      "fcf_margin_change": 0.15603067511095614
    },
    {
      "date": "2021-09-30T00:00:00",
      "quarter_label": "2021-09 (Q3)",
      "revenue": 173070000,
      "gross_profit": null,
      "operating_income": 11660000,
      "net_income": 7686000,
      "opex": 161410000,
      "cogs": null,
      "rd": null,
      "sga": null,
      "fcf": 17517000,
      "ocf": 20559000,
      "capex": -3042000,
      "gross_margin": null,
      "op_margin": 0.06737158375223898,
      "fcf_margin": 0.10121338186860808,
      "fcf_margin_change": 0.06612341356728418
    },
    {
      "date": "2021-12-31T00:00:00",
      "quarter_label": "2021-12 (Q4)",
      "revenue": 175350000,
      "gross_profit": null,
      "operating_income": 2953000,
      "net_income": 1323000,
      "opex": 172397000,
      "cogs": null,
      "rd": null,
      "sga": null,
      "fcf": 2379000,
      "ocf": 11018000,
      "capex": -8639000,
      "gross_margin": null,
      "op_margin": 0.016840604505275164,
      "fcf_margin": 0.013567151411462789,
      "op_leverage_ratio": 0.19353716110356742,
      "fcf_margin_change": -0.08764623045714529
    },
    {
      "date": "2022-03-31T00:00:00",
      "quarter_label": "2022-03 (Q1)",
      "revenue": 177359000,
      "gross_profit": 28003000,
      "operating_income": -6673000,
      "net_income": -2821000,
      "opex": 184032000,
      "cogs": null,
      "rd": null,
      "sga": null,
      "fcf": -15978000,
      "ocf": -7518000,
      "capex": -8460000,
      "gross_margin": 0.15788880180876078,
      "op_margin": -0.03762425363246297,
      "fcf_margin": -0.09008846463951646,
      "incr_op_margin_yoy": -0.062087311766661914,
      "rev_growth_yoy": 0.13467640811730686,
      "op_leverage_ratio": 0.16976082729255712,
      "fcf_margin_change": -0.10365561605097925
    },
    {
      "date": "2022-06-30T00:00:00",
      "quarter_label": "2022-06 (Q2)",
      "revenue": 172860000,
      "gross_profit": 23631000,
      "operating_income": -12347000,
      "net_income": -12709000,
      "opex": 185207000,
      "cogs": null,
      "rd": null,
      "sga": null,
      "fcf": -14854000,
      "ocf": 3243000,
      "capex": -18097000,
      "gross_margin": 0.1367060048594238,
      "op_margin": -0.07142774499595048,
      "fcf_margin": -0.0859308110609742,
      "incr_op_margin_yoy": -18.5008038585209,
      "rev_growth_yoy": 0.0072487413760954685,
      "rev_growth_yoy_accel": -0.1274276667412114,
      "fcf_margin_change": 0.004157653578542267
    },
    {
      "date": "2022-09-30T00:00:00",
      "quarter_label": "2022-09 (Q3)",
      "revenue": 171218000,
      "gross_profit": 21424000,
      "operating_income": -16603000,
      "net_income": -13073000,
      "opex": 187821000,
      "cogs": null,
      "rd": null,
      "sga": null,
      "fcf": 5461000,
      "ocf": 13127000,
      "capex": -7666000,
      "gross_margin": 0.12512703103645645,
      "op_margin": -0.09696994474879977,
      "fcf_margin": 0.03189501103855903,
      "incr_op_margin_yoy": 15.260799136069114,
      "rev_growth_yoy": -0.010700872479343619,
      "rev_growth_yoy_accel": -0.017949613855439087,
      "fcf_margin_change": 0.11782582209953323
    },
    {
      "date": "2022-12-31T00:00:00",
      "quarter_label": "2022-12 (Q4)",
      "revenue": 167456000,
      "gross_profit": 22573000,
      "operating_income": -13680000,
      "net_income": -9793000,
      "opex": 181136000,
      "cogs": null,
      "rd": null,
      "sga": null,
      "fcf": -42083000,
      "ocf": -35117000,
      "capex": -6966000,
      "gross_margin": 0.13479958914580548,
      "op_margin": -0.0816931014714313,
      "fcf_margin": -0.2513078062296962,
      "incr_op_margin_yoy": 2.1070433240435773,
      "rev_growth_yoy": -0.045018534359851724,
      "rev_growth_yoy_accel": -0.0343176618805081,
      "fcf_margin_change": -0.2832028172682552
    },
    {
      "date": "2023-03-31T00:00:00",
      "quarter_label": "2023-03 (Q1)",
      "revenue": 172539000,
      "gross_profit": 28785000,
      "operating_income": -8169000,
      "net_income": -6630000,
      "opex": 180708000,
      "cogs": null,
      "rd": null,
      "sga": null,
      "fcf": 24378000,
      "ocf": 29075000,
      "capex": -4697000,
      "gross_margin": 0.1668318467129171,
      "op_margin": -0.04734581746735521,
      "fcf_margin": 0.1412897953506164,
      "incr_op_margin_yoy": 0.3103734439834025,
      "rev_growth_yoy": -0.02717651768447048,
      "rev_growth_yoy_accel": 0.017842016675381243,
      "op_leverage_ratio": null,
      "fcf_margin_change": 0.39259760158031254
    },
    {
      "date": "2023-06-30T00:00:00",
      "quarter_label": "2023-06 (Q2)",
      "revenue": 176874000,
      "gross_profit": 28506000,
      "operating_income": -10942000,
      "net_income": -11177000,
      "opex": 187816000,
      "cogs": null,
      "rd": null,
      "sga": null,
      "fcf": 9126000,
      "ocf": 13151000,
      "capex": -4025000,
      "gross_margin": 0.16116557549441976,
      "op_margin": -0.06186324728337687,
      "fcf_margin": 0.05159605142643916,
      "incr_op_margin_yoy": 0.3500249128051819,
      "rev_growth_yoy": 0.02322110378340854,
      "rev_growth_yoy_accel": 0.05039762146787902,
      "op_leverage_ratio": 0.638751282881399,
      "fcf_margin_change": -0.08969374392417723
    },
    {
      "date": "2023-09-30T00:00:00",
      "quarter_label": "2023-09 (Q3)",
      "revenue": 182485000,
      "gross_profit": 27877000,
      "operating_income": -10718000,
      "net_income": -10304000,
      "opex": 193203000,
      "cogs": null,
      "rd": null,
      "sga": null,
      "fcf": -35556000,
      "ocf": -32985000,
      "capex": -2571000,
      "gross_margin": 0.1527632408143135,
      "op_margin": -0.05873359454201715,
      "fcf_margin": -0.1948434117872702,
      "incr_op_margin_yoy": 0.5223218247980829,
      "rev_growth_yoy": 0.06580499713815137,
      "rev_growth_yoy_accel": 0.04258389335474283,
      "op_leverage_ratio": 1.1060172044750374,
      "fcf_margin_change": -0.24643946321370935
    },
    {
      "date": "2023-12-31T00:00:00",
      "quarter_label": "2023-12 (Q4)",
      "revenue": 188898000,
      "gross_profit": 33613000,
      "operating_income": -1785000,
      "net_income": -3447000,
      "opex": 190683000,
      "cogs": null,
      "rd": null,
      "sga": null,
      "fcf": -10880000,
      "ocf": -9294000,
      "capex": -1586000,
      "gross_margin": 0.1779425933572616,
      "op_margin": -0.00944954419845631,
      "fcf_margin": -0.05759722178106703,
      "incr_op_margin_yoy": 0.5547523551907472,
      "rev_growth_yoy": 0.1280455761513472,
      "rev_growth_yoy_accel": 0.06224057901319584,
      "op_leverage_ratio": null,
      "fcf_margin_change": 0.13724619000620317
    },
    {
      "date": "2024-03-31T00:00:00",
      "quarter_label": "2024-03 (Q1)",
      "revenue": 193071000,
      "gross_profit": 33997000,
      "operating_income": -5793000,
      "net_income": -5887000,
      "opex": 198864000,
      "cogs": null,
      "rd": null,
      "sga": null,
      "fcf": 3056000,
      "ocf": 3508000,
      "capex": -452000,
      "gross_margin": 0.1760854815068032,
      "op_margin": -0.030004506114330996,
      "fcf_margin": 0.015828374017848357,
      "incr_op_margin_yoy": 0.1157218001168907,
      "rev_growth_yoy": 0.1189991827934554,
      "rev_growth_yoy_accel": -0.009046393357891813,
      "op_leverage_ratio": 0.5149044062999827,
      "fcf_margin_change": 0.07342559579891539
    },
    {
      "date": "2024-06-30T00:00:00",
      "quarter_label": "2024-06 (Q2)",
      "revenue": 199401000,
      "gross_profit": 36578000,
      "operating_income": -4883000,
      "net_income": -1700000,
      "opex": 204284000,
      "cogs": null,
      "rd": null,
      "sga": null,
      "fcf": -1432000,
      "ocf": 1873000,
      "capex": -3305000,
      "gross_margin": 0.183439401006013,
      "op_margin": -0.024488342586045205,
      "fcf_margin": -0.007181508618311844,
      "incr_op_margin_yoy": 0.26896612953344873,
      "rev_growth_yoy": 0.12736185080905052,
      "rev_growth_yoy_accel": 0.008362668015595126,
      "op_leverage_ratio": 1.2029388420117555,
      "fcf_margin_change": -0.023009882636160203
    },
    {
      "date": "2024-09-30T00:00:00",
      "quarter_label": "2024-09 (Q3)",
      "revenue": 205142000,
      "gross_profit": 34541000,
      "operating_income": -4896000,
      "net_income": -4929000,
      "opex": 210038000,
      "cogs": null,
      "rd": null,
      "sga": null,
      "fcf": -9716000,
      "ocf": -7516000,
      "capex": -2200000,
      "gross_margin": 0.16837605171052247,
      "op_margin": -0.023866394984937263,
      "fcf_margin": -0.047362314884324026,
      "incr_op_margin_yoy": 0.2569625281369996,
      "rev_growth_yoy": 0.12415814998493027,
      "rev_growth_yoy_accel": -0.003203700824120248,
      "op_leverage_ratio": 1.0221737182458264,
      "fcf_margin_change": -0.040180806266012184
    },
    {
      "date": "2024-12-31T00:00:00",
      "quarter_label": "2024-12 (Q4)",
      "revenue": 208999000,
      "gross_profit": 37065000,
      "operating_income": -12556000,
      "net_income": -13221000,
      "opex": 221555000,
      "cogs": null,
      "rd": null,
      "sga": null,
      "fcf": 5410000,
      "ocf": 6753000,
      "capex": -1343000,
      "gross_margin": 0.17734534614998157,
      "op_margin": -0.06007684247293049,
      "fcf_margin": 0.025885291317183336,
      "incr_op_margin_yoy": -0.5358439878613004,
      "rev_growth_yoy": 0.10641192601298055,
      "rev_growth_yoy_accel": -0.01774622397194972,
      "op_leverage_ratio": 0.3428890062913001,
      "fcf_margin_change": 0.07324760620150736
    },
    {
      "date": "2025-03-31T00:00:00",
      "quarter_label": "2025-03 (Q1)",
      "revenue": 218142000,
      "gross_profit": 40747000,
      "operating_income": -10158000,
      "net_income": -11378000,
      "opex": 228300000,
      "cogs": null,
      "rd": null,
      "sga": null,
      "fcf": 21729000,
      "ocf": 24628000,
      "capex": -2899000,
      "gross_margin": 0.18679117272235515,
      "op_margin": -0.04656599829468878,
      "fcf_margin": 0.09960942872074154,
      "incr_op_margin_yoy": -0.17410554026564556,
      "rev_growth_yoy": 0.12985378435912176,
      "rev_growth_yoy_accel": 0.02344185834614121,
      "op_leverage_ratio": 1.436958127610082,
      "fcf_margin_change": 0.0737241374035582
    },
    {
      "date": "2025-06-30T00:00:00",
      "quarter_label": "2025-06 (Q2)",
      "revenue": 221417000,
      "gross_profit": 41287000,
      "operating_income": -2150000,
      "net_income": -785000,
      "opex": 223567000,
      "cogs": null,
      "rd": null,
      "sga": null,
      "fcf": 9180000,
      "ocf": 9001000,
      "capex": 179000,
      "gross_margin": 0.18646716376791303,
      "op_margin": -0.009710184854821445,
      "fcf_margin": 0.0414602311475632,
      "incr_op_margin_yoy": 0.12413699127906977,
      "rev_growth_yoy": 0.11041067998655975,
      "rev_growth_yoy_accel": -0.019443104372562012,
      "op_leverage_ratio": null,
      "fcf_margin_change": -0.05814919757317834
    },
    {
      "date": "2025-09-30T00:00:00",
      "quarter_label": "2025-09 (Q3)",
      "revenue": 236105000,
      "gross_profit": 51356000,
      "operating_income": 8289000,
      "net_income": 8019000,
      "opex": 227816000,
      "cogs": null,
      "rd": null,
      "sga": null,
      "fcf": -153000,
      "ocf": 3924000,
      "capex": -4077000,
      "gross_margin": 0.21751339446432733,
      "op_margin": 0.03510726159971199,
      "fcf_margin": -0.0006480167721988098,
      "incr_op_margin_yoy": 0.4258308303458967,
      "rev_growth_yoy": 0.15093447465657933,
      "rev_growth_yoy_accel": 0.04052379467001958,
      "op_leverage_ratio": 3.4903796646617127,
      "fcf_margin_change": -0.04210824791976201
    },
    {
      "date": "2025-12-31T00:00:00",
      "quarter_label": "2025-12 (Q4)",
      "revenue": 239708000,
      "gross_profit": 52825000,
      "operating_income": 13262000,
      "net_income": 10618000,
      "opex": 226446000,
      "cogs": null,
      "rd": null,
      "sga": null,
      "fcf": 18998000,
      "ocf": 21361000,
      "capex": -2363000,
      "gross_margin": 0.22037228628164265,
      "op_margin": 0.05532564620288017,
      "fcf_margin": 0.07925475995794884,
      "incr_op_margin_yoy": 0.8407307304047673,
      "rev_growth_yoy": 0.14693371738620759,
      "rev_growth_yoy_accel": -0.0040007572703717464,
      "op_leverage_ratio": null,
      "fcf_margin_change": 0.07990277673014765
    }
  ],
  "signals": [
    {
      "quarter": "2025-12 (Q4)",
      "signal": "FCF TURNED POSITIVE",
      "detail": "FCF margin: -0.1% -> +7.9%",
      "severity": "HIGH"
    },
    {
      "quarter": "2025-12 (Q4)",
      "signal": "OP MARGIN TURNED POSITIVE (YoY)",
      "detail": "Op margin: -6.0% (year-ago) -> +5.5%",
      "severity": "HIGH"
    },
    {
      "quarter": "2025-09 (Q3)",
      "signal": "OPERATING LEVERAGE",
      "detail": "Rev growth +6.6% vs OpEx growth +1.9% (leverage: 3.5x)",
      "severity": "MEDIUM"
    },
    {
      "quarter": "2025-09 (Q3)",
      "signal": "GROSS MARGIN INFLECTION",
      "detail": "GM: +18.7% -> +18.6% -> +21.8% (reversal +3.1%)",
      "severity": "MEDIUM"
    },
    {
      "quarter": "2025-09 (Q3)",
      "signal": "OP MARGIN TURNED POSITIVE (YoY)",
      "detail": "Op margin: -2.4% (year-ago) -> +3.5%",
      "severity": "HIGH"
    },
    {
      "quarter": "2025-09 (Q3)",
      "signal": "OP MARGIN TURNED POSITIVE (QoQ)",
      "detail": "Op margin: -1.0% -> +3.5%",
      "severity": "HIGH"
    },
    {
      "quarter": "2025-03 (Q1)",
      "signal": "FCF MARGIN EXPANSION",
      "detail": "FCF margin: +2.6% -> +10.0% (+7.4%)",
      "severity": "MEDIUM"
    },
    {
      "quarter": "2024-12 (Q4)",
      "signal": "FCF TURNED POSITIVE",
      "detail": "FCF margin: -4.7% -> +2.6%",
      "severity": "HIGH"
    },
    {
      "quarter": "2024-03 (Q1)",
      "signal": "FCF TURNED POSITIVE",
      "detail": "FCF margin: -5.8% -> +1.6%",
      "severity": "HIGH"
    },
    {
      "quarter": "2023-12 (Q4)",
      "signal": "FCF MARGIN EXPANSION",
      "detail": "FCF margin: -19.5% -> -5.8% (+13.7%)",
      "severity": "MEDIUM"
    },
    {
      "quarter": "2023-12 (Q4)",
      "signal": "GROSS MARGIN INFLECTION",
      "detail": "GM: +16.1% -> +15.3% -> +17.8% (reversal +2.5%)",
      "severity": "MEDIUM"
    },
    {
      "quarter": "2023-12 (Q4)",
      "signal": "YoY REVENUE GROWTH ACCELERATION",
      "detail": "YoY growth: +12.8% vs prior quarter YoY: +6.6% (accel: +6.2%)",
      "severity": "MEDIUM"
    },
    {
      "quarter": "2023-06 (Q2)",
      "signal": "YoY REVENUE GROWTH ACCELERATION",
      "detail": "YoY growth: +2.3% vs prior quarter YoY: -2.7% (accel: +5.0%)",
      "severity": "MEDIUM"
    },
    {
      "quarter": "2023-03 (Q1)",
      "signal": "FCF TURNED POSITIVE",
      "detail": "FCF margin: -25.1% -> +14.1%",
      "severity": "HIGH"
    },
    {
      "quarter": "2022-09 (Q3)",
      "signal": "FCF TURNED POSITIVE",
      "detail": "FCF margin: -8.6% -> +3.2%",
      "severity": "HIGH"
    },
    {
      "quarter": "2022-06 (Q2)",
      "signal": "YoY REVENUE GROWTH DECELERATION",
      "detail": "YoY growth: +0.7% vs prior quarter YoY: +13.5% (decel: -12.7%)",
      "severity": "WARNING"
    },
    {
      "quarter": "2021-09 (Q3)",
      "signal": "FCF MARGIN EXPANSION",
      "detail": "FCF margin: +3.5% -> +10.1% (+6.6%)",
      "severity": "MEDIUM"
    },
    {
      "quarter": "2021-06 (Q2)",
      "signal": "FCF TURNED POSITIVE",
      "detail": "FCF margin: -12.1% -> +3.5%",
      "severity": "HIGH"
    },
    {
      "quarter": "2021-06 (Q2)",
      "signal": "OP MARGIN TURNED POSITIVE (QoQ)",
      "detail": "Op margin: -3.4% -> +6.2%",
      "severity": "HIGH"
    }
  ],
  "data_quality": {
    "n_quarters": 20,
    "coverage": {
      "revenue": [
        20,
        20
      ],
      "gross_profit": [
        16,
        20
      ],
      "op_income": [
        20,
        20
      ],
      "fcf": [
        20,
        20
      ]
    },
    "gaps": [],
    "warnings": []
  },
  "market_cap": null,
  "source": "SEC EDGAR",
  "last_updated": "2026-02-04T13:47:07.697714"
}