{
  "ticker": "INOD",
  "name": "INNODATA\u00a0INC.",
  "quarters": [
    {
      "date": "2020-12-31T00:00:00",
      "quarter_label": "2020-12 (Q4)",
      "revenue": 15294000,
      "gross_profit": null,
      "operating_income": null,
      "net_income": 1185000,
      "opex": 14210000,
      "cogs": null,
      "rd": null,
      "sga": 4999000,
      "fcf": -292000,
      "ocf": 7000,
      "capex": -299000,
      "gross_margin": null,
      "op_margin": null,
      "fcf_margin": -0.01909245455734275
    },
    {
      "date": "2021-03-31T00:00:00",
      "quarter_label": "2021-03 (Q1)",
      "revenue": 15967000,
      "gross_profit": null,
      "operating_income": null,
      "net_income": 398000,
      "opex": 15631000,
      "cogs": null,
      "rd": null,
      "sga": 5525000,
      "fcf": 254000,
      "ocf": 757000,
      "capex": -503000,
      "gross_margin": null,
      "op_margin": null,
      "fcf_margin": 0.01590780985783178,
      "op_leverage_ratio": 0.44004184647574207,
      "fcf_margin_change": 0.03500026441517453
    },
    {
      "date": "2021-06-30T00:00:00",
      "quarter_label": "2021-06 (Q2)",
      "revenue": 17049000,
      "gross_profit": null,
      "operating_income": null,
      "net_income": -103000,
      "opex": 17393000,
      "cogs": null,
      "rd": null,
      "sga": 6980000,
      "fcf": 3859000,
      "ocf": 4829000,
      "capex": -970000,
      "gross_margin": null,
      "op_margin": null,
      "fcf_margin": 0.22634758636870198,
      "op_leverage_ratio": 0.6011526895675225,
      "fcf_margin_change": 0.2104397765108702
    },
    {
      "date": "2021-09-30T00:00:00",
      "quarter_label": "2021-09 (Q3)",
      "revenue": 17450000,
      "gross_profit": null,
      "operating_income": null,
      "net_income": -800000,
      "opex": 17969000,
      "cogs": null,
      "rd": null,
      "sga": 7262000,
      "fcf": -1390000,
      "ocf": 56000,
      "capex": -1446000,
      "gross_margin": null,
      "op_margin": null,
      "fcf_margin": -0.07965616045845272,
      "op_leverage_ratio": 0.7102274856459486,
      "fcf_margin_change": -0.3060037468271547
    },
    {
      "date": "2021-12-31T00:00:00",
      "quarter_label": "2021-12 (Q4)",
      "revenue": 19289000,
      "gross_profit": null,
      "operating_income": null,
      "net_income": null,
      "opex": 20413000,
      "cogs": null,
      "rd": null,
      "sga": 8145000,
      "fcf": -1940000,
      "ocf": -491000,
      "capex": -1449000,
      "gross_margin": null,
      "op_margin": null,
      "fcf_margin": -0.10057545751464565,
      "rev_growth_yoy": 0.2612135477965215,
      "op_leverage_ratio": 0.7748345987366289,
      "fcf_margin_change": -0.02091929705619293
    },
    {
      "date": "2022-03-31T00:00:00",
      "quarter_label": "2022-03 (Q1)",
      "revenue": 21192000,
      "gross_profit": null,
      "operating_income": null,
      "net_income": -2815000,
      "opex": 23607000,
      "cogs": null,
      "rd": null,
      "sga": 10190000,
      "fcf": -3435000,
      "ocf": -1496000,
      "capex": -1939000,
      "gross_margin": null,
      "op_margin": null,
      "fcf_margin": -0.1620894677236693,
      "rev_growth_yoy": 0.3272374271935868,
      "rev_growth_yoy_accel": 0.06602387939706528,
      "op_leverage_ratio": 0.6305230954158598,
      "fcf_margin_change": -0.06151401020902365
    },
    {
      "date": "2022-06-30T00:00:00",
      "quarter_label": "2022-06 (Q2)",
      "revenue": 19987000,
      "gross_profit": null,
      "operating_income": null,
      "net_income": -3833000,
      "opex": 23268000,
      "cogs": null,
      "rd": null,
      "sga": 10277000,
      "fcf": -4075000,
      "ocf": -2376000,
      "capex": -1699000,
      "gross_margin": null,
      "op_margin": null,
      "fcf_margin": -0.20388252364036624,
      "rev_growth_yoy": 0.17232682268754765,
      "rev_growth_yoy_accel": -0.15491060450603913,
      "fcf_margin_change": -0.041793055916696936
    },
    {
      "date": "2022-09-30T00:00:00",
      "quarter_label": "2022-09 (Q3)",
      "revenue": 18447000,
      "gross_profit": null,
      "operating_income": null,
      "net_income": -3327000,
      "opex": 21505000,
      "cogs": null,
      "rd": null,
      "sga": 9117000,
      "fcf": 597000,
      "ocf": 2212000,
      "capex": -1615000,
      "gross_margin": null,
      "op_margin": null,
      "fcf_margin": 0.032362985851357946,
      "rev_growth_yoy": 0.057134670487106014,
      "rev_growth_yoy_accel": -0.11519215220044163,
      "fcf_margin_change": 0.23624550949172418
    },
    {
      "date": "2022-12-31T00:00:00",
      "quarter_label": "2022-12 (Q4)",
      "revenue": 19375000,
      "gross_profit": null,
      "operating_income": null,
      "net_income": null,
      "opex": 21104000,
      "cogs": null,
      "rd": null,
      "sga": 8356000,
      "fcf": -829000,
      "ocf": 444000,
      "capex": -1273000,
      "gross_margin": null,
      "op_margin": null,
      "fcf_margin": -0.042787096774193546,
      "rev_growth_yoy": 0.004458499663020374,
      "rev_growth_yoy_accel": -0.05267617082408564,
      "op_leverage_ratio": Infinity,
      "fcf_margin_change": -0.07515008262555149
    },
    {
      "date": "2023-03-31T00:00:00",
      "quarter_label": "2023-03 (Q1)",
      "revenue": 18839000,
      "gross_profit": null,
      "operating_income": null,
      "net_income": -2116000,
      "opex": 20734000,
      "cogs": null,
      "rd": null,
      "sga": 7797000,
      "fcf": 82000,
      "ocf": 1784000,
      "capex": -1702000,
      "gross_margin": null,
      "op_margin": null,
      "fcf_margin": 0.004352672647168108,
      "rev_growth_yoy": -0.1110324650811627,
      "rev_growth_yoy_accel": -0.11549096474418308,
      "fcf_margin_change": 0.04713976942136165
    },
    {
      "date": "2023-06-30T00:00:00",
      "quarter_label": "2023-06 (Q2)",
      "revenue": 19655000,
      "gross_profit": null,
      "operating_income": null,
      "net_income": -815000,
      "opex": 20282000,
      "cogs": null,
      "rd": null,
      "sga": 7574000,
      "fcf": 1089000,
      "ocf": 2399000,
      "capex": -1310000,
      "gross_margin": null,
      "op_margin": null,
      "fcf_margin": 0.05540574917323836,
      "rev_growth_yoy": -0.01661079701806174,
      "rev_growth_yoy_accel": 0.09442166806310096,
      "op_leverage_ratio": Infinity,
      "fcf_margin_change": 0.05105307652607025
    },
    {
      "date": "2023-09-30T00:00:00",
      "quarter_label": "2023-09 (Q3)",
      "revenue": 22169000,
      "gross_profit": null,
      "operating_income": null,
      "net_income": 371000,
      "opex": 21412000,
      "cogs": null,
      "rd": null,
      "sga": 7401000,
      "fcf": 298000,
      "ocf": 1606000,
      "capex": -1308000,
      "gross_margin": null,
      "op_margin": null,
      "fcf_margin": 0.013442194054761153,
      "rev_growth_yoy": 0.20176722502303898,
      "rev_growth_yoy_accel": 0.2183780220411007,
      "op_leverage_ratio": 2.295749826093025,
      "fcf_margin_change": -0.04196355511847721
    },
    {
      "date": "2023-12-31T00:00:00",
      "quarter_label": "2023-12 (Q4)",
      "revenue": 26112000,
      "gross_profit": null,
      "operating_income": null,
      "net_income": null,
      "opex": 24208000,
      "cogs": null,
      "rd": null,
      "sga": 8203000,
      "fcf": -1130000,
      "ocf": 114000,
      "capex": -1244000,
      "gross_margin": null,
      "op_margin": null,
      "fcf_margin": -0.04327512254901961,
      "rev_growth_yoy": 0.34771612903225807,
      "rev_growth_yoy_accel": 0.1459489040092191,
      "op_leverage_ratio": 1.362074120307837,
      "fcf_margin_change": -0.05671731660378076
    },
    {
      "date": "2024-03-31T00:00:00",
      "quarter_label": "2024-03 (Q1)",
      "revenue": 26504000,
      "gross_profit": 9635000,
      "operating_income": 1330000,
      "net_income": 989000,
      "opex": 25090000,
      "cogs": null,
      "rd": null,
      "sga": 8305000,
      "fcf": 5428000,
      "ocf": 6767000,
      "capex": -1339000,
      "gross_margin": 0.36353003320253546,
      "op_margin": 0.050181104738907335,
      "fcf_margin": 0.20479927558104438,
      "rev_growth_yoy": 0.40686872976272626,
      "rev_growth_yoy_accel": 0.059152600730468186,
      "op_leverage_ratio": 0.41203703703703703,
      "fcf_margin_change": 0.248074398130064
    },
    {
      "date": "2024-06-30T00:00:00",
      "quarter_label": "2024-06 (Q2)",
      "revenue": 32553000,
      "gross_profit": 9351000,
      "operating_income": 331000,
      "net_income": -14000,
      "opex": 32277000,
      "cogs": null,
      "rd": null,
      "sga": 9020000,
      "fcf": -3182000,
      "ocf": -454000,
      "capex": -2728000,
      "gross_margin": 0.2872546309095936,
      "op_margin": 0.010168033668171905,
      "fcf_margin": -0.09774828740822658,
      "rev_growth_yoy": 0.656219791401679,
      "rev_growth_yoy_accel": 0.2493510616389527,
      "op_leverage_ratio": 0.7967556981404573,
      "fcf_margin_change": -0.302547562989271
    },
    {
      "date": "2024-09-30T00:00:00",
      "quarter_label": "2024-09 (Q3)",
      "revenue": 52224000,
      "gross_profit": 21331000,
      "operating_income": 11421000,
      "net_income": 17389000,
      "opex": 40777000,
      "cogs": null,
      "rd": null,
      "sga": 9910000,
      "fcf": 9916000,
      "ocf": 11371000,
      "capex": -1455000,
      "gross_margin": 0.4084520526960784,
      "op_margin": 0.21869255514705882,
      "fcf_margin": 0.18987438725490197,
      "rev_growth_yoy": 1.3557219540800216,
      "rev_growth_yoy_accel": 0.6995021626783426,
      "op_leverage_ratio": 2.2946140935777133,
      "fcf_margin_change": 0.2876226746631285
    },
    {
      "date": "2024-12-31T00:00:00",
      "quarter_label": "2024-12 (Q4)",
      "revenue": 59180000,
      "gross_profit": 26757000,
      "operating_income": 11254000,
      "net_income": 10296000,
      "opex": 47832000,
      "cogs": null,
      "rd": null,
      "sga": 15503000,
      "fcf": 15112000,
      "ocf": 17331000,
      "capex": -2219000,
      "gross_margin": 0.45212909766813114,
      "op_margin": 0.1901655964852991,
      "fcf_margin": 0.2553565393714093,
      "rev_growth_yoy": 1.266390931372549,
      "rev_growth_yoy_accel": -0.08933102270747262,
      "op_leverage_ratio": 0.7698528000409945,
      "fcf_margin_change": 0.06548215211650732
    },
    {
      "date": "2025-03-31T00:00:00",
      "quarter_label": "2025-03 (Q1)",
      "revenue": 58344000,
      "gross_profit": 23252000,
      "operating_income": 8272000,
      "net_income": 7787000,
      "opex": 49945000,
      "cogs": null,
      "rd": null,
      "sga": 14980000,
      "fcf": 8517000,
      "ocf": 10867000,
      "capex": -2350000,
      "gross_margin": 0.3985328397093103,
      "op_margin": 0.14177978883861236,
      "fcf_margin": 0.145979020979021,
      "incr_op_margin_yoy": 0.21802763819095478,
      "rev_growth_yoy": 1.2013281014186539,
      "rev_growth_yoy_accel": -0.06506282995389512,
      "fcf_margin_change": -0.1093775183923883
    },
    {
      "date": "2025-06-30T00:00:00",
      "quarter_label": "2025-06 (Q2)",
      "revenue": 58393000,
      "gross_profit": 23023000,
      "operating_income": 8911000,
      "net_income": 7219000,
      "opex": 48905000,
      "cogs": null,
      "rd": null,
      "sga": 14112000,
      "fcf": 2527000,
      "ocf": 4235000,
      "capex": -1708000,
      "gross_margin": 0.3942767112496361,
      "op_margin": 0.15260390800267154,
      "fcf_margin": 0.04327573510523522,
      "incr_op_margin_yoy": 0.3320433436532508,
      "rev_growth_yoy": 0.7937824470862901,
      "rev_growth_yoy_accel": -0.4075456543323638,
      "fcf_margin_change": -0.10270328587378577
    },
    {
      "date": "2025-09-30T00:00:00",
      "quarter_label": "2025-09 (Q3)",
      "revenue": 62550000,
      "gross_profit": 25504000,
      "operating_income": 11759000,
      "net_income": 8342000,
      "opex": 50371000,
      "cogs": null,
      "rd": null,
      "sga": 13745000,
      "fcf": 14541000,
      "ocf": 18769000,
      "capex": -4228000,
      "gross_margin": 0.40773780975219825,
      "op_margin": 0.18799360511590726,
      "fcf_margin": 0.23247002398081534,
      "incr_op_margin_yoy": 0.03273290722448189,
      "rev_growth_yoy": 0.1977251838235294,
      "rev_growth_yoy_accel": -0.5960572632627607,
      "op_leverage_ratio": 2.374862824972316,
      "fcf_margin_change": 0.18919428887558012
    }
  ],
  "signals": [
    {
      "quarter": "2025-09 (Q3)",
      "signal": "FCF MARGIN EXPANSION",
      "detail": "FCF margin: +4.3% -> +23.2% (+18.9%)",
      "severity": "MEDIUM"
    },
    {
      "quarter": "2025-09 (Q3)",
      "signal": "OPERATING LEVERAGE",
      "detail": "Rev growth +7.1% vs OpEx growth +3.0% (leverage: 2.4x)",
      "severity": "MEDIUM"
    },
    {
      "quarter": "2025-09 (Q3)",
      "signal": "YoY REVENUE GROWTH DECELERATION",
      "detail": "YoY growth: +19.8% vs prior quarter YoY: +79.4% (decel: -59.6%)",
      "severity": "WARNING"
    },
    {
      "quarter": "2025-06 (Q2)",
      "signal": "YoY REVENUE GROWTH DECELERATION",
      "detail": "YoY growth: +79.4% vs prior quarter YoY: +120.1% (decel: -40.8%)",
      "severity": "WARNING"
    },
    {
      "quarter": "2025-06 (Q2)",
      "signal": "INCREMENTAL MARGIN (YoY)",
      "detail": "YoY Incr OPM: +33.2% vs year-ago OPM: +1.0%",
      "severity": "HIGH"
    },
    {
      "quarter": "2025-03 (Q1)",
      "signal": "YoY REVENUE GROWTH DECELERATION",
      "detail": "YoY growth: +120.1% vs prior quarter YoY: +126.6% (decel: -6.5%)",
      "severity": "WARNING"
    },
    {
      "quarter": "2025-03 (Q1)",
      "signal": "INCREMENTAL MARGIN (YoY)",
      "detail": "YoY Incr OPM: +21.8% vs year-ago OPM: +5.0%",
      "severity": "MEDIUM"
    },
    {
      "quarter": "2024-12 (Q4)",
      "signal": "FCF MARGIN EXPANSION",
      "detail": "FCF margin: +19.0% -> +25.5% (+6.5%)",
      "severity": "MEDIUM"
    },
    {
      "quarter": "2024-12 (Q4)",
      "signal": "YoY REVENUE GROWTH DECELERATION",
      "detail": "YoY growth: +126.6% vs prior quarter YoY: +135.6% (decel: -8.9%)",
      "severity": "WARNING"
    },
    {
      "quarter": "2024-09 (Q3)",
      "signal": "FCF TURNED POSITIVE",
      "detail": "FCF margin: -9.8% -> +19.0%",
      "severity": "HIGH"
    },
    {
      "quarter": "2024-09 (Q3)",
      "signal": "OPERATING LEVERAGE",
      "detail": "Rev growth +60.4% vs OpEx growth +26.3% (leverage: 2.3x)",
      "severity": "MEDIUM"
    },
    {
      "quarter": "2024-09 (Q3)",
      "signal": "GROSS MARGIN INFLECTION",
      "detail": "GM: +36.4% -> +28.7% -> +40.8% (reversal +12.1%)",
      "severity": "HIGH"
    },
    {
      "quarter": "2024-09 (Q3)",
      "signal": "YoY REVENUE GROWTH ACCELERATION",
      "detail": "YoY growth: +135.6% vs prior quarter YoY: +65.6% (accel: +70.0%)",
      "severity": "HIGH"
    },
    {
      "quarter": "2024-06 (Q2)",
      "signal": "YoY REVENUE GROWTH ACCELERATION",
      "detail": "YoY growth: +65.6% vs prior quarter YoY: +40.7% (accel: +24.9%)",
      "severity": "HIGH"
    },
    {
      "quarter": "2024-03 (Q1)",
      "signal": "FCF TURNED POSITIVE",
      "detail": "FCF margin: -4.3% -> +20.5%",
      "severity": "HIGH"
    },
    {
      "quarter": "2024-03 (Q1)",
      "signal": "YoY REVENUE GROWTH ACCELERATION",
      "detail": "YoY growth: +40.7% vs prior quarter YoY: +34.8% (accel: +5.9%)",
      "severity": "MEDIUM"
    },
    {
      "quarter": "2023-12 (Q4)",
      "signal": "YoY REVENUE GROWTH ACCELERATION",
      "detail": "YoY growth: +34.8% vs prior quarter YoY: +20.2% (accel: +14.6%)",
      "severity": "MEDIUM"
    },
    {
      "quarter": "2023-09 (Q3)",
      "signal": "OPERATING LEVERAGE",
      "detail": "Rev growth +12.8% vs OpEx growth +5.6% (leverage: 2.3x)",
      "severity": "MEDIUM"
    },
    {
      "quarter": "2023-09 (Q3)",
      "signal": "YoY REVENUE GROWTH ACCELERATION",
      "detail": "YoY growth: +20.2% vs prior quarter YoY: -1.7% (accel: +21.8%)",
      "severity": "HIGH"
    },
    {
      "quarter": "2023-06 (Q2)",
      "signal": "FCF MARGIN EXPANSION",
      "detail": "FCF margin: +0.4% -> +5.5% (+5.1%)",
      "severity": "MEDIUM"
    },
    {
      "quarter": "2023-06 (Q2)",
      "signal": "YoY REVENUE GROWTH ACCELERATION",
      "detail": "YoY growth: -1.7% vs prior quarter YoY: -11.1% (accel: +9.4%)",
      "severity": "MEDIUM"
    },
    {
      "quarter": "2023-03 (Q1)",
      "signal": "FCF TURNED POSITIVE",
      "detail": "FCF margin: -4.3% -> +0.4%",
      "severity": "HIGH"
    },
    {
      "quarter": "2023-03 (Q1)",
      "signal": "YoY REVENUE GROWTH DECELERATION",
      "detail": "YoY growth: -11.1% vs prior quarter YoY: +0.4% (decel: -11.5%)",
      "severity": "WARNING"
    },
    {
      "quarter": "2022-12 (Q4)",
      "signal": "YoY REVENUE GROWTH DECELERATION",
      "detail": "YoY growth: +0.4% vs prior quarter YoY: +5.7% (decel: -5.3%)",
      "severity": "WARNING"
    },
    {
      "quarter": "2022-09 (Q3)",
      "signal": "FCF TURNED POSITIVE",
      "detail": "FCF margin: -20.4% -> +3.2%",
      "severity": "HIGH"
    },
    {
      "quarter": "2022-09 (Q3)",
      "signal": "YoY REVENUE GROWTH DECELERATION",
      "detail": "YoY growth: +5.7% vs prior quarter YoY: +17.2% (decel: -11.5%)",
      "severity": "WARNING"
    },
    {
      "quarter": "2022-06 (Q2)",
      "signal": "YoY REVENUE GROWTH DECELERATION",
      "detail": "YoY growth: +17.2% vs prior quarter YoY: +32.7% (decel: -15.5%)",
      "severity": "WARNING"
    },
    {
      "quarter": "2022-03 (Q1)",
      "signal": "YoY REVENUE GROWTH ACCELERATION",
      "detail": "YoY growth: +32.7% vs prior quarter YoY: +26.1% (accel: +6.6%)",
      "severity": "MEDIUM"
    },
    {
      "quarter": "2021-06 (Q2)",
      "signal": "FCF MARGIN EXPANSION",
      "detail": "FCF margin: +1.6% -> +22.6% (+21.0%)",
      "severity": "MEDIUM"
    },
    {
      "quarter": "2021-03 (Q1)",
      "signal": "FCF TURNED POSITIVE",
      "detail": "FCF margin: -1.9% -> +1.6%",
      "severity": "HIGH"
    }
  ],
  "data_quality": {
    "n_quarters": 20,
    "coverage": {
      "revenue": [
        20,
        20
      ],
      "gross_profit": [
        7,
        20
      ],
      "op_income": [
        7,
        20
      ],
      "fcf": [
        20,
        20
      ]
    },
    "gaps": [],
    "warnings": [
      "gross_profit: 7/20Q",
      "op_income: 7/20Q"
    ]
  },
  "market_cap": null,
  "source": "SEC EDGAR",
  "last_updated": "2026-02-02T21:39:53.809302",
  "sector": "Technology",
  "industry": "Information Technology Services"
}