{
  "ticker": "INPAP",
  "name": "International Paper Company",
  "quarters": [
    {
      "date": "2020-12-31T00:00:00",
      "quarter_label": "2020-12 (Q4)",
      "revenue": 5239000000,
      "gross_profit": 1580000000,
      "operating_income": null,
      "net_income": 153000000,
      "opex": null,
      "cogs": 3659000000,
      "rd": null,
      "sga": 410000000,
      "fcf": 789000000,
      "ocf": 789000000,
      "capex": null,
      "gross_margin": 0.3015842718075969,
      "op_margin": null,
      "fcf_margin": 0.15060125978240121
    },
    {
      "date": "2021-03-31T00:00:00",
      "quarter_label": "2021-03 (Q1)",
      "revenue": 5363000000,
      "gross_profit": 1516000000,
      "operating_income": 445000000,
      "net_income": 349000000,
      "opex": 1071000000,
      "cogs": 3847000000,
      "rd": null,
      "sga": 361000000,
      "fcf": 512000000,
      "ocf": 512000000,
      "capex": null,
      "gross_margin": 0.2826776058176394,
      "op_margin": 0.08297594629871341,
      "fcf_margin": 0.09546895394368823,
      "fcf_margin_change": -0.05513230583871298
    },
    {
      "date": "2021-06-30T00:00:00",
      "quarter_label": "2021-06 (Q2)",
      "revenue": 5616000000,
      "gross_profit": 1703000000,
      "operating_income": 494000000,
      "net_income": 432000000,
      "opex": 1209000000,
      "cogs": 3913000000,
      "rd": null,
      "sga": 460000000,
      "fcf": 766000000,
      "ocf": 766000000,
      "capex": null,
      "gross_margin": 0.30324074074074076,
      "op_margin": 0.08796296296296297,
      "fcf_margin": 0.1363960113960114,
      "op_leverage_ratio": 0.366119709118031,
      "fcf_margin_change": 0.04092705745232317
    },
    {
      "date": "2021-09-30T00:00:00",
      "quarter_label": "2021-09 (Q3)",
      "revenue": 5714000000,
      "gross_profit": 1790000000,
      "operating_income": 631000000,
      "net_income": 864000000,
      "opex": 1159000000,
      "cogs": 3924000000,
      "rd": null,
      "sga": 434000000,
      "fcf": 645000000,
      "ocf": 645000000,
      "capex": null,
      "gross_margin": 0.31326566328316413,
      "op_margin": 0.1104305215260763,
      "fcf_margin": 0.1128806440322016,
      "op_leverage_ratio": Infinity,
      "fcf_margin_change": -0.023515367363809797
    },
    {
      "date": "2021-12-31T00:00:00",
      "quarter_label": "2021-12 (Q4)",
      "revenue": 5086000000,
      "gross_profit": 2938000000,
      "operating_income": null,
      "net_income": 107000000,
      "opex": null,
      "cogs": 2148000000,
      "rd": null,
      "sga": 130000000,
      "fcf": 107000000,
      "ocf": 107000000,
      "capex": null,
      "gross_margin": 0.5776641761698781,
      "op_margin": null,
      "fcf_margin": 0.021038143924498622,
      "rev_growth_yoy": -0.02920404657377362,
      "fcf_margin_change": -0.09184250010770298
    },
    {
      "date": "2022-03-31T00:00:00",
      "quarter_label": "2022-03 (Q1)",
      "revenue": 5237000000,
      "gross_profit": 1398000000,
      "operating_income": 348000000,
      "net_income": 360000000,
      "opex": 1050000000,
      "cogs": 3839000000,
      "rd": null,
      "sga": 341000000,
      "fcf": 588000000,
      "ocf": 588000000,
      "capex": null,
      "gross_margin": 0.2669467252243651,
      "op_margin": 0.06645025778117243,
      "fcf_margin": 0.1122780217681879,
      "incr_op_margin_yoy": 0.7698412698412699,
      "rev_growth_yoy": -0.023494312884579528,
      "rev_growth_yoy_accel": 0.005709733689194092,
      "fcf_margin_change": 0.09123987784368927
    },
    {
      "date": "2022-06-30T00:00:00",
      "quarter_label": "2022-06 (Q2)",
      "revenue": 5389000000,
      "gross_profit": 1583000000,
      "operating_income": 585000000,
      "net_income": 511000000,
      "opex": 998000000,
      "cogs": 3806000000,
      "rd": null,
      "sga": 300000000,
      "fcf": 390000000,
      "ocf": 390000000,
      "capex": null,
      "gross_margin": 0.29374652069029505,
      "op_margin": 0.10855446279458156,
      "fcf_margin": 0.07236964186305438,
      "incr_op_margin_yoy": -0.4008810572687225,
      "rev_growth_yoy": -0.04042022792022792,
      "rev_growth_yoy_accel": -0.01692591503564839,
      "op_leverage_ratio": Infinity,
      "fcf_margin_change": -0.03990837990513352
    },
    {
      "date": "2022-09-30T00:00:00",
      "quarter_label": "2022-09 (Q3)",
      "revenue": 5402000000,
      "gross_profit": 1572000000,
      "operating_income": 464000000,
      "net_income": 951000000,
      "opex": 1108000000,
      "cogs": 3830000000,
      "rd": null,
      "sga": 337000000,
      "fcf": 435000000,
      "ocf": 435000000,
      "capex": null,
      "gross_margin": 0.2910033320992225,
      "op_margin": 0.08589411329137357,
      "fcf_margin": 0.08052573121066271,
      "incr_op_margin_yoy": 0.5352564102564102,
      "rev_growth_yoy": -0.05460273013650683,
      "rev_growth_yoy_accel": -0.014182502216278911,
      "fcf_margin_change": 0.008156089347608336
    },
    {
      "date": "2022-12-31T00:00:00",
      "quarter_label": "2022-12 (Q4)",
      "revenue": 5133000000,
      "gross_profit": 1465000000,
      "operating_income": null,
      "net_income": -318000000,
      "opex": null,
      "cogs": 3668000000,
      "rd": null,
      "sga": 315000000,
      "fcf": 761000000,
      "ocf": 761000000,
      "capex": null,
      "gross_margin": 0.2854081433859342,
      "op_margin": null,
      "fcf_margin": 0.14825638028443405,
      "rev_growth_yoy": 0.0092410538733779,
      "rev_growth_yoy_accel": 0.06384378400988473,
      "fcf_margin_change": 0.06773064907377134
    },
    {
      "date": "2023-03-31T00:00:00",
      "quarter_label": "2023-03 (Q1)",
      "revenue": 5020000000,
      "gross_profit": 1378000000,
      "operating_income": 306000000,
      "net_income": null,
      "opex": 1072000000,
      "cogs": 3642000000,
      "rd": null,
      "sga": 381000000,
      "fcf": 345000000,
      "ocf": 345000000,
      "capex": null,
      "gross_margin": 0.27450199203187253,
      "op_margin": 0.06095617529880478,
      "fcf_margin": 0.06872509960159362,
      "incr_op_margin_yoy": 0.1935483870967742,
      "rev_growth_yoy": -0.041435936604926484,
      "rev_growth_yoy_accel": -0.05067699047830439,
      "fcf_margin_change": -0.07953128068284043
    },
    {
      "date": "2023-06-30T00:00:00",
      "quarter_label": "2023-06 (Q2)",
      "revenue": 4682000000,
      "gross_profit": 1322000000,
      "operating_income": 334000000,
      "net_income": null,
      "opex": 988000000,
      "cogs": 3360000000,
      "rd": null,
      "sga": 336000000,
      "fcf": 528000000,
      "ocf": 528000000,
      "capex": null,
      "gross_margin": 0.28235796668090557,
      "op_margin": 0.07133703545493379,
      "fcf_margin": 0.11277231952157198,
      "incr_op_margin_yoy": 0.355021216407355,
      "rev_growth_yoy": -0.13119317127481908,
      "rev_growth_yoy_accel": -0.0897572346698926,
      "fcf_margin_change": 0.044047219919978356
    },
    {
      "date": "2023-09-30T00:00:00",
      "quarter_label": "2023-09 (Q3)",
      "revenue": 4613000000,
      "gross_profit": 1268000000,
      "operating_income": 352000000,
      "net_income": null,
      "opex": 916000000,
      "cogs": 3345000000,
      "rd": null,
      "sga": 286000000,
      "fcf": 468000000,
      "ocf": 468000000,
      "capex": null,
      "gross_margin": 0.2748753522653371,
      "op_margin": 0.0763060914805983,
      "fcf_margin": 0.10145241708215912,
      "incr_op_margin_yoy": 0.14195183776932827,
      "rev_growth_yoy": -0.14605701592002962,
      "rev_growth_yoy_accel": -0.014863844645210539,
      "fcf_margin_change": -0.01131990243941286
    },
    {
      "date": "2023-12-31T00:00:00",
      "quarter_label": "2023-12 (Q4)",
      "revenue": 4601000000,
      "gross_profit": 1319000000,
      "operating_income": null,
      "net_income": null,
      "opex": null,
      "cogs": 3282000000,
      "rd": null,
      "sga": 357000000,
      "fcf": 492000000,
      "ocf": 492000000,
      "capex": null,
      "gross_margin": 0.2866768093892632,
      "op_margin": null,
      "fcf_margin": 0.1069332753749185,
      "rev_growth_yoy": -0.1036430937073836,
      "rev_growth_yoy_accel": 0.04241392221264602,
      "fcf_margin_change": 0.005480858292759377
    },
    {
      "date": "2024-03-31T00:00:00",
      "quarter_label": "2024-03 (Q1)",
      "revenue": 4619000000,
      "gross_profit": 1195000000,
      "operating_income": 169000000,
      "net_income": null,
      "opex": 1026000000,
      "cogs": 3424000000,
      "rd": null,
      "sga": 358000000,
      "fcf": 395000000,
      "ocf": 395000000,
      "capex": null,
      "gross_margin": 0.2587140073609006,
      "op_margin": 0.036588006061918164,
      "fcf_margin": 0.08551634552933536,
      "incr_op_margin_yoy": 0.341645885286783,
      "rev_growth_yoy": -0.0798804780876494,
      "rev_growth_yoy_accel": 0.023762615619734195,
      "fcf_margin_change": -0.021416929845583133
    },
    {
      "date": "2024-06-30T00:00:00",
      "quarter_label": "2024-06 (Q2)",
      "revenue": 4734000000,
      "gross_profit": 1374000000,
      "operating_income": 322000000,
      "net_income": 498000000,
      "opex": 1052000000,
      "cogs": 3360000000,
      "rd": null,
      "sga": 453000000,
      "fcf": 365000000,
      "ocf": 365000000,
      "capex": null,
      "gross_margin": 0.2902408111533587,
      "op_margin": 0.06801858893113646,
      "fcf_margin": 0.07710181664554289,
      "incr_op_margin_yoy": -0.23076923076923078,
      "rev_growth_yoy": 0.011106364801366937,
      "rev_growth_yoy_accel": 0.09098684288901634,
      "op_leverage_ratio": 0.9824803903608841,
      "fcf_margin_change": -0.008414528883792474
    },
    {
      "date": "2024-09-30T00:00:00",
      "quarter_label": "2024-09 (Q3)",
      "revenue": 4686000000,
      "gross_profit": 1344000000,
      "operating_income": 237000000,
      "net_income": 150000000,
      "opex": 1107000000,
      "cogs": 3342000000,
      "rd": null,
      "sga": 508000000,
      "fcf": 521000000,
      "ocf": 521000000,
      "capex": null,
      "gross_margin": 0.28681177976952626,
      "op_margin": 0.05057618437900128,
      "fcf_margin": 0.11118224498506189,
      "incr_op_margin_yoy": -1.5753424657534247,
      "rev_growth_yoy": 0.01582484283546499,
      "rev_growth_yoy_accel": 0.004718478034098054,
      "fcf_margin_change": 0.034080428339519006
    },
    {
      "date": "2024-12-31T00:00:00",
      "quarter_label": "2024-12 (Q4)",
      "revenue": 4580000000,
      "gross_profit": 1330000000,
      "operating_income": null,
      "net_income": null,
      "opex": null,
      "cogs": 3250000000,
      "rd": null,
      "sga": 521000000,
      "fcf": 397000000,
      "ocf": 397000000,
      "capex": null,
      "gross_margin": 0.2903930131004367,
      "op_margin": null,
      "fcf_margin": 0.08668122270742358,
      "rev_growth_yoy": -0.004564225168441643,
      "rev_growth_yoy_accel": -0.020389068003906635,
      "fcf_margin_change": -0.024501022277638312
    },
    {
      "date": "2025-03-31T00:00:00",
      "quarter_label": "2025-03 (Q1)",
      "revenue": 5901000000,
      "gross_profit": 1642000000,
      "operating_income": null,
      "net_income": null,
      "opex": null,
      "cogs": 4259000000,
      "rd": null,
      "sga": 530000000,
      "fcf": -288000000,
      "ocf": -288000000,
      "capex": null,
      "gross_margin": 0.27825792238603625,
      "op_margin": null,
      "fcf_margin": -0.04880528723945094,
      "rev_growth_yoy": 0.2775492530850833,
      "rev_growth_yoy_accel": 0.28211347825352495,
      "fcf_margin_change": -0.13548650994687453
    },
    {
      "date": "2025-06-30T00:00:00",
      "quarter_label": "2025-06 (Q2)",
      "revenue": 6767000000,
      "gross_profit": 1891000000,
      "operating_income": null,
      "net_income": 75000000,
      "opex": null,
      "cogs": 4876000000,
      "rd": null,
      "sga": 578000000,
      "fcf": 476000000,
      "ocf": 476000000,
      "capex": null,
      "gross_margin": 0.2794443623466824,
      "op_margin": null,
      "fcf_margin": 0.0703413624944584,
      "rev_growth_yoy": 0.42944655682298266,
      "rev_growth_yoy_accel": 0.15189730373789934,
      "fcf_margin_change": 0.11914664973390934
    },
    {
      "date": "2025-09-30T00:00:00",
      "quarter_label": "2025-09 (Q3)",
      "revenue": 6222000000,
      "gross_profit": 1935000000,
      "operating_income": null,
      "net_income": -1102000000,
      "opex": null,
      "cogs": 4287000000,
      "rd": null,
      "sga": 493000000,
      "fcf": 605000000,
      "ocf": 605000000,
      "capex": null,
      "gross_margin": 0.31099324975891995,
      "op_margin": null,
      "fcf_margin": 0.0972356155576985,
      "rev_growth_yoy": 0.32778489116517284,
      "rev_growth_yoy_accel": -0.10166166565780982,
      "fcf_margin_change": 0.0268942530632401
    }
  ],
  "signals": [
    {
      "quarter": "2025-09 (Q3)",
      "signal": "YoY REVENUE GROWTH DECELERATION",
      "detail": "YoY growth: +32.8% vs prior quarter YoY: +42.9% (decel: -10.2%)",
      "severity": "WARNING"
    },
    {
      "quarter": "2025-06 (Q2)",
      "signal": "FCF TURNED POSITIVE",
      "detail": "FCF margin: -4.9% -> +7.0%",
      "severity": "HIGH"
    },
    {
      "quarter": "2025-06 (Q2)",
      "signal": "YoY REVENUE GROWTH ACCELERATION",
      "detail": "YoY growth: +42.9% vs prior quarter YoY: +27.8% (accel: +15.2%)",
      "severity": "HIGH"
    },
    {
      "quarter": "2025-03 (Q1)",
      "signal": "YoY REVENUE GROWTH ACCELERATION",
      "detail": "YoY growth: +27.8% vs prior quarter YoY: -0.5% (accel: +28.2%)",
      "severity": "HIGH"
    },
    {
      "quarter": "2024-06 (Q2)",
      "signal": "GROSS MARGIN INFLECTION",
      "detail": "GM: +28.7% -> +25.9% -> +29.0% (reversal +3.2%)",
      "severity": "MEDIUM"
    },
    {
      "quarter": "2024-06 (Q2)",
      "signal": "YoY REVENUE GROWTH ACCELERATION",
      "detail": "YoY growth: +1.1% vs prior quarter YoY: -8.0% (accel: +9.1%)",
      "severity": "MEDIUM"
    },
    {
      "quarter": "2024-03 (Q1)",
      "signal": "INCREMENTAL MARGIN (YoY)",
      "detail": "YoY Incr OPM: +34.2% vs year-ago OPM: +6.1%",
      "severity": "HIGH"
    },
    {
      "quarter": "2023-06 (Q2)",
      "signal": "YoY REVENUE GROWTH DECELERATION",
      "detail": "YoY growth: -13.1% vs prior quarter YoY: -4.1% (decel: -9.0%)",
      "severity": "WARNING"
    },
    {
      "quarter": "2023-06 (Q2)",
      "signal": "INCREMENTAL MARGIN (YoY)",
      "detail": "YoY Incr OPM: +35.5% vs year-ago OPM: +10.9%",
      "severity": "HIGH"
    },
    {
      "quarter": "2023-03 (Q1)",
      "signal": "YoY REVENUE GROWTH DECELERATION",
      "detail": "YoY growth: -4.1% vs prior quarter YoY: +0.9% (decel: -5.1%)",
      "severity": "WARNING"
    },
    {
      "quarter": "2023-03 (Q1)",
      "signal": "INCREMENTAL MARGIN (YoY)",
      "detail": "YoY Incr OPM: +19.4% vs year-ago OPM: +6.6%",
      "severity": "MEDIUM"
    },
    {
      "quarter": "2022-12 (Q4)",
      "signal": "FCF MARGIN EXPANSION",
      "detail": "FCF margin: +8.1% -> +14.8% (+6.8%)",
      "severity": "MEDIUM"
    },
    {
      "quarter": "2022-12 (Q4)",
      "signal": "YoY REVENUE GROWTH ACCELERATION",
      "detail": "YoY growth: +0.9% vs prior quarter YoY: -5.5% (accel: +6.4%)",
      "severity": "MEDIUM"
    },
    {
      "quarter": "2022-09 (Q3)",
      "signal": "INCREMENTAL MARGIN (YoY)",
      "detail": "YoY Incr OPM: +53.5% vs year-ago OPM: +11.0%",
      "severity": "HIGH"
    },
    {
      "quarter": "2022-06 (Q2)",
      "signal": "GROSS MARGIN INFLECTION",
      "detail": "GM: +57.8% -> +26.7% -> +29.4% (reversal +2.7%)",
      "severity": "MEDIUM"
    },
    {
      "quarter": "2022-03 (Q1)",
      "signal": "FCF MARGIN EXPANSION",
      "detail": "FCF margin: +2.1% -> +11.2% (+9.1%)",
      "severity": "MEDIUM"
    },
    {
      "quarter": "2022-03 (Q1)",
      "signal": "INCREMENTAL MARGIN (YoY)",
      "detail": "YoY Incr OPM: +77.0% vs year-ago OPM: +8.3%",
      "severity": "HIGH"
    },
    {
      "quarter": "2021-06 (Q2)",
      "signal": "GROSS MARGIN INFLECTION",
      "detail": "GM: +30.2% -> +28.3% -> +30.3% (reversal +2.1%)",
      "severity": "MEDIUM"
    }
  ],
  "data_quality": {
    "n_quarters": 20,
    "coverage": {
      "revenue": [
        20,
        20
      ],
      "gross_profit": [
        20,
        20
      ],
      "op_income": [
        12,
        20
      ],
      "fcf": [
        20,
        20
      ]
    },
    "gaps": [],
    "warnings": [
      "op_income: 12/20Q"
    ]
  },
  "market_cap": null,
  "source": "SEC EDGAR",
  "last_updated": "2026-02-03T01:07:17.218357"
}