{
  "ticker": "INRE",
  "name": "Inland Real Estate Income Trust, Inc.",
  "quarters": [
    {
      "date": "2020-12-31T00:00:00",
      "quarter_label": "2020-12 (Q4)",
      "revenue": 31027000,
      "gross_profit": null,
      "operating_income": null,
      "net_income": -1263000,
      "opex": 26063000,
      "cogs": null,
      "rd": null,
      "sga": null,
      "fcf": 10915000,
      "ocf": 10915000,
      "capex": null,
      "gross_margin": null,
      "op_margin": null,
      "fcf_margin": 0.35179037612402103
    },
    {
      "date": "2021-03-31T00:00:00",
      "quarter_label": "2021-03 (Q1)",
      "revenue": 30048000,
      "gross_profit": null,
      "operating_income": null,
      "net_income": -1328000,
      "opex": 25391000,
      "cogs": null,
      "rd": null,
      "sga": null,
      "fcf": 10616000,
      "ocf": 10616000,
      "capex": null,
      "gross_margin": null,
      "op_margin": null,
      "fcf_margin": 0.3533013844515442,
      "fcf_margin_change": 0.0015110083275231556
    },
    {
      "date": "2021-06-30T00:00:00",
      "quarter_label": "2021-06 (Q2)",
      "revenue": 29434000,
      "gross_profit": null,
      "operating_income": null,
      "net_income": -446000,
      "opex": 24108000,
      "cogs": null,
      "rd": null,
      "sga": null,
      "fcf": 13082000,
      "ocf": 13082000,
      "capex": null,
      "gross_margin": null,
      "op_margin": null,
      "fcf_margin": 0.444451994292315,
      "fcf_margin_change": 0.09115060984077084
    },
    {
      "date": "2021-09-30T00:00:00",
      "quarter_label": "2021-09 (Q3)",
      "revenue": 29659000,
      "gross_profit": null,
      "operating_income": null,
      "net_income": -559000,
      "opex": 24342000,
      "cogs": null,
      "rd": null,
      "sga": null,
      "fcf": 12766000,
      "ocf": 12766000,
      "capex": null,
      "gross_margin": null,
      "op_margin": null,
      "fcf_margin": 0.4304258403857177,
      "fcf_margin_change": -0.014026153906597338
    },
    {
      "date": "2021-12-31T00:00:00",
      "quarter_label": "2021-12 (Q4)",
      "revenue": 29999000,
      "gross_profit": null,
      "operating_income": null,
      "net_income": -170000,
      "opex": 24836000,
      "cogs": null,
      "rd": null,
      "sga": null,
      "fcf": 11686000,
      "ocf": 11686000,
      "capex": null,
      "gross_margin": null,
      "op_margin": null,
      "fcf_margin": 0.38954631821060703,
      "rev_growth_yoy": -0.03313243304218906,
      "op_leverage_ratio": 0.5648741777830135,
      "fcf_margin_change": -0.04087952217511065
    },
    {
      "date": "2022-03-31T00:00:00",
      "quarter_label": "2022-03 (Q1)",
      "revenue": 29143000,
      "gross_profit": null,
      "operating_income": null,
      "net_income": -1258000,
      "opex": 24833000,
      "cogs": null,
      "rd": null,
      "sga": null,
      "fcf": 11462000,
      "ocf": 11462000,
      "capex": null,
      "gross_margin": null,
      "op_margin": null,
      "fcf_margin": 0.39330199361767837,
      "rev_growth_yoy": -0.030118477103301386,
      "rev_growth_yoy_accel": 0.0030139559388876747,
      "fcf_margin_change": 0.003755675407071335
    },
    {
      "date": "2022-06-30T00:00:00",
      "quarter_label": "2022-06 (Q2)",
      "revenue": 32151000,
      "gross_profit": null,
      "operating_income": null,
      "net_income": -2632000,
      "opex": 27677000,
      "cogs": null,
      "rd": null,
      "sga": null,
      "fcf": 15966000,
      "ocf": 15966000,
      "capex": null,
      "gross_margin": null,
      "op_margin": null,
      "fcf_margin": 0.49659419613697864,
      "rev_growth_yoy": 0.09230821498946797,
      "rev_growth_yoy_accel": 0.12242669209276935,
      "op_leverage_ratio": 0.9012456303904801,
      "fcf_margin_change": 0.10329220251930027
    },
    {
      "date": "2022-09-30T00:00:00",
      "quarter_label": "2022-09 (Q3)",
      "revenue": 35984000,
      "gross_profit": null,
      "operating_income": null,
      "net_income": -2900000,
      "opex": 30169000,
      "cogs": null,
      "rd": null,
      "sga": null,
      "fcf": 12894000,
      "ocf": 12894000,
      "capex": null,
      "gross_margin": null,
      "op_margin": null,
      "fcf_margin": 0.358325922632281,
      "rev_growth_yoy": 0.21325735864324488,
      "rev_growth_yoy_accel": 0.12094914365377692,
      "op_leverage_ratio": 1.3240833046389795,
      "fcf_margin_change": -0.13826827350469761
    },
    {
      "date": "2022-12-31T00:00:00",
      "quarter_label": "2022-12 (Q4)",
      "revenue": 36368000,
      "gross_profit": null,
      "operating_income": null,
      "net_income": -5828000,
      "opex": 30535000,
      "cogs": null,
      "rd": null,
      "sga": null,
      "fcf": 4465000,
      "ocf": 4465000,
      "capex": null,
      "gross_margin": null,
      "op_margin": null,
      "fcf_margin": 0.12277276726792785,
      "rev_growth_yoy": 0.21230707690256342,
      "rev_growth_yoy_accel": -0.0009502817406814579,
      "op_leverage_ratio": 0.8796332067439808,
      "fcf_margin_change": -0.23555315536435317
    },
    {
      "date": "2023-03-31T00:00:00",
      "quarter_label": "2023-03 (Q1)",
      "revenue": 36511000,
      "gross_profit": null,
      "operating_income": null,
      "net_income": -5251000,
      "opex": 31373000,
      "cogs": null,
      "rd": null,
      "sga": null,
      "fcf": 12406000,
      "ocf": 12406000,
      "capex": null,
      "gross_margin": null,
      "op_margin": null,
      "fcf_margin": 0.33978800909315,
      "rev_growth_yoy": 0.2528222900868133,
      "rev_growth_yoy_accel": 0.04051521318424986,
      "fcf_margin_change": 0.21701524182522214
    },
    {
      "date": "2023-06-30T00:00:00",
      "quarter_label": "2023-06 (Q2)",
      "revenue": 38566000,
      "gross_profit": null,
      "operating_income": null,
      "net_income": -2313000,
      "opex": 30128000,
      "cogs": null,
      "rd": null,
      "sga": null,
      "fcf": 12546000,
      "ocf": 12546000,
      "capex": null,
      "gross_margin": null,
      "op_margin": null,
      "fcf_margin": 0.32531245138204634,
      "rev_growth_yoy": 0.19952723087928836,
      "rev_growth_yoy_accel": -0.05329505920752492,
      "op_leverage_ratio": Infinity,
      "fcf_margin_change": -0.014475557711103648
    },
    {
      "date": "2023-09-30T00:00:00",
      "quarter_label": "2023-09 (Q3)",
      "revenue": 36417000,
      "gross_profit": null,
      "operating_income": null,
      "net_income": -3710000,
      "opex": 29477000,
      "cogs": null,
      "rd": null,
      "sga": null,
      "fcf": 9434000,
      "ocf": 9434000,
      "capex": null,
      "gross_margin": null,
      "op_margin": null,
      "fcf_margin": 0.2590548370266634,
      "rev_growth_yoy": 0.012033125833703869,
      "rev_growth_yoy_accel": -0.1874941050455845,
      "fcf_margin_change": -0.06625761435538297
    },
    {
      "date": "2023-12-31T00:00:00",
      "quarter_label": "2023-12 (Q4)",
      "revenue": 38478000,
      "gross_profit": null,
      "operating_income": null,
      "net_income": -3849000,
      "opex": 31883000,
      "cogs": null,
      "rd": null,
      "sga": null,
      "fcf": 5015000,
      "ocf": 5015000,
      "capex": null,
      "gross_margin": null,
      "op_margin": null,
      "fcf_margin": 0.1303342169551432,
      "rev_growth_yoy": 0.058018037835459745,
      "rev_growth_yoy_accel": 0.045984912001755876,
      "op_leverage_ratio": 0.693364311439048,
      "fcf_margin_change": -0.1287206200715202
    },
    {
      "date": "2024-03-31T00:00:00",
      "quarter_label": "2024-03 (Q1)",
      "revenue": 37467000,
      "gross_profit": null,
      "operating_income": null,
      "net_income": -3338000,
      "opex": 30457000,
      "cogs": null,
      "rd": null,
      "sga": null,
      "fcf": 11866000,
      "ocf": 11866000,
      "capex": null,
      "gross_margin": null,
      "op_margin": null,
      "fcf_margin": 0.31670536738996985,
      "rev_growth_yoy": 0.026183889786639644,
      "rev_growth_yoy_accel": -0.0318341480488201,
      "fcf_margin_change": 0.18637115043482666
    },
    {
      "date": "2024-06-30T00:00:00",
      "quarter_label": "2024-06 (Q2)",
      "revenue": 37500000,
      "gross_profit": null,
      "operating_income": null,
      "net_income": -3203000,
      "opex": 30389000,
      "cogs": null,
      "rd": null,
      "sga": null,
      "fcf": 13901000,
      "ocf": 13901000,
      "capex": null,
      "gross_margin": null,
      "op_margin": null,
      "fcf_margin": 0.3706933333333333,
      "rev_growth_yoy": -0.027640927241611782,
      "rev_growth_yoy_accel": -0.053824817028251426,
      "fcf_margin_change": 0.05398796594336347
    },
    {
      "date": "2024-09-30T00:00:00",
      "quarter_label": "2024-09 (Q3)",
      "revenue": 37339000,
      "gross_profit": null,
      "operating_income": null,
      "net_income": -3207000,
      "opex": 30243000,
      "cogs": null,
      "rd": null,
      "sga": null,
      "fcf": 13183000,
      "ocf": 13183000,
      "capex": null,
      "gross_margin": null,
      "op_margin": null,
      "fcf_margin": 0.35306248158761616,
      "rev_growth_yoy": 0.025317846060905622,
      "rev_growth_yoy_accel": 0.0529587733025174,
      "fcf_margin_change": -0.017630851745717158
    },
    {
      "date": "2024-12-31T00:00:00",
      "quarter_label": "2024-12 (Q4)",
      "revenue": 37899000,
      "gross_profit": null,
      "operating_income": null,
      "net_income": -5230000,
      "opex": 33144000,
      "cogs": null,
      "rd": null,
      "sga": null,
      "fcf": 4342000,
      "ocf": 4342000,
      "capex": null,
      "gross_margin": null,
      "op_margin": null,
      "fcf_margin": 0.11456766669305259,
      "rev_growth_yoy": -0.015047559644472165,
      "rev_growth_yoy_accel": -0.04036540570537779,
      "op_leverage_ratio": 0.15635165584954838,
      "fcf_margin_change": -0.2384948148945636
    },
    {
      "date": "2025-03-31T00:00:00",
      "quarter_label": "2025-03 (Q1)",
      "revenue": 38805000,
      "gross_profit": null,
      "operating_income": null,
      "net_income": -2601000,
      "opex": 31719000,
      "cogs": null,
      "rd": null,
      "sga": null,
      "fcf": 11794000,
      "ocf": 11794000,
      "capex": null,
      "gross_margin": null,
      "op_margin": null,
      "fcf_margin": 0.30392990593995617,
      "rev_growth_yoy": 0.03571142605492834,
      "rev_growth_yoy_accel": 0.0507589856994005,
      "op_leverage_ratio": Infinity,
      "fcf_margin_change": 0.1893622392469036
    },
    {
      "date": "2025-06-30T00:00:00",
      "quarter_label": "2025-06 (Q2)",
      "revenue": 38125000,
      "gross_profit": null,
      "operating_income": null,
      "net_income": -2156000,
      "opex": 30544000,
      "cogs": null,
      "rd": null,
      "sga": null,
      "fcf": 14804000,
      "ocf": 14804000,
      "capex": null,
      "gross_margin": null,
      "op_margin": null,
      "fcf_margin": 0.3883016393442623,
      "rev_growth_yoy": 0.016666666666666666,
      "rev_growth_yoy_accel": -0.01904475938826167,
      "fcf_margin_change": 0.08437173340430615
    },
    {
      "date": "2025-09-30T00:00:00",
      "quarter_label": "2025-09 (Q3)",
      "revenue": 37985000,
      "gross_profit": null,
      "operating_income": null,
      "net_income": -1961000,
      "opex": 30175000,
      "cogs": null,
      "rd": null,
      "sga": null,
      "fcf": 12552000,
      "ocf": 12552000,
      "capex": null,
      "gross_margin": null,
      "op_margin": null,
      "fcf_margin": 0.33044622877451624,
      "rev_growth_yoy": 0.017300945392217253,
      "rev_growth_yoy_accel": 0.0006342787255505869,
      "fcf_margin_change": -0.05785541056974608
    }
  ],
  "signals": [
    {
      "quarter": "2025-06 (Q2)",
      "signal": "FCF MARGIN EXPANSION",
      "detail": "FCF margin: +30.4% -> +38.8% (+8.4%)",
      "severity": "MEDIUM"
    },
    {
      "quarter": "2025-03 (Q1)",
      "signal": "FCF MARGIN EXPANSION",
      "detail": "FCF margin: +11.5% -> +30.4% (+18.9%)",
      "severity": "MEDIUM"
    },
    {
      "quarter": "2025-03 (Q1)",
      "signal": "YoY REVENUE GROWTH ACCELERATION",
      "detail": "YoY growth: +3.6% vs prior quarter YoY: -1.5% (accel: +5.1%)",
      "severity": "MEDIUM"
    },
    {
      "quarter": "2024-09 (Q3)",
      "signal": "YoY REVENUE GROWTH ACCELERATION",
      "detail": "YoY growth: +2.5% vs prior quarter YoY: -2.8% (accel: +5.3%)",
      "severity": "MEDIUM"
    },
    {
      "quarter": "2024-06 (Q2)",
      "signal": "FCF MARGIN EXPANSION",
      "detail": "FCF margin: +31.7% -> +37.1% (+5.4%)",
      "severity": "MEDIUM"
    },
    {
      "quarter": "2024-06 (Q2)",
      "signal": "YoY REVENUE GROWTH DECELERATION",
      "detail": "YoY growth: -2.8% vs prior quarter YoY: +2.6% (decel: -5.4%)",
      "severity": "WARNING"
    },
    {
      "quarter": "2024-03 (Q1)",
      "signal": "FCF MARGIN EXPANSION",
      "detail": "FCF margin: +13.0% -> +31.7% (+18.6%)",
      "severity": "MEDIUM"
    },
    {
      "quarter": "2023-09 (Q3)",
      "signal": "YoY REVENUE GROWTH DECELERATION",
      "detail": "YoY growth: +1.2% vs prior quarter YoY: +20.0% (decel: -18.7%)",
      "severity": "WARNING"
    },
    {
      "quarter": "2023-06 (Q2)",
      "signal": "YoY REVENUE GROWTH DECELERATION",
      "detail": "YoY growth: +20.0% vs prior quarter YoY: +25.3% (decel: -5.3%)",
      "severity": "WARNING"
    },
    {
      "quarter": "2023-03 (Q1)",
      "signal": "FCF MARGIN EXPANSION",
      "detail": "FCF margin: +12.3% -> +34.0% (+21.7%)",
      "severity": "MEDIUM"
    },
    {
      "quarter": "2022-09 (Q3)",
      "signal": "YoY REVENUE GROWTH ACCELERATION",
      "detail": "YoY growth: +21.3% vs prior quarter YoY: +9.2% (accel: +12.1%)",
      "severity": "MEDIUM"
    },
    {
      "quarter": "2022-06 (Q2)",
      "signal": "FCF MARGIN EXPANSION",
      "detail": "FCF margin: +39.3% -> +49.7% (+10.3%)",
      "severity": "MEDIUM"
    },
    {
      "quarter": "2022-06 (Q2)",
      "signal": "YoY REVENUE GROWTH ACCELERATION",
      "detail": "YoY growth: +9.2% vs prior quarter YoY: -3.0% (accel: +12.2%)",
      "severity": "MEDIUM"
    },
    {
      "quarter": "2021-06 (Q2)",
      "signal": "FCF MARGIN EXPANSION",
      "detail": "FCF margin: +35.3% -> +44.4% (+9.1%)",
      "severity": "MEDIUM"
    }
  ],
  "data_quality": {
    "n_quarters": 20,
    "coverage": {
      "revenue": [
        20,
        20
      ],
      "gross_profit": [
        0,
        20
      ],
      "op_income": [
        0,
        20
      ],
      "fcf": [
        20,
        20
      ]
    },
    "gaps": [],
    "warnings": [
      "gross_profit: no data",
      "op_income: no data"
    ]
  },
  "market_cap": null,
  "source": "SEC EDGAR",
  "last_updated": "2026-02-02T22:36:49.818921"
}