{
  "ticker": "INSW",
  "name": "International Seaways, Inc.",
  "quarters": [
    {
      "date": "2020-12-31T00:00:00",
      "quarter_label": "2020-12 (Q4)",
      "revenue": 56703000,
      "gross_profit": null,
      "operating_income": -98193000,
      "net_income": -116889000,
      "opex": 154896000,
      "cogs": null,
      "rd": null,
      "sga": null,
      "fcf": 17349000,
      "ocf": 17349000,
      "capex": null,
      "gross_margin": null,
      "op_margin": -1.7317073170731707,
      "fcf_margin": 0.30596264747896934
    },
    {
      "date": "2021-03-31T00:00:00",
      "quarter_label": "2021-03 (Q1)",
      "revenue": 46756000,
      "gross_profit": null,
      "operating_income": -11845000,
      "net_income": -13365000,
      "opex": 58601000,
      "cogs": null,
      "rd": null,
      "sga": null,
      "fcf": -21006000,
      "ocf": -21006000,
      "capex": null,
      "gross_margin": null,
      "op_margin": -0.25333647018564465,
      "fcf_margin": -0.4492685430746856,
      "fcf_margin_change": -0.755231190553655
    },
    {
      "date": "2021-06-30T00:00:00",
      "quarter_label": "2021-06 (Q2)",
      "revenue": 46304000,
      "gross_profit": null,
      "operating_income": -17418000,
      "net_income": -18783000,
      "opex": 63722000,
      "cogs": null,
      "rd": null,
      "sga": null,
      "fcf": -1512000,
      "ocf": -1512000,
      "capex": null,
      "gross_margin": null,
      "op_margin": -0.37616620594333106,
      "fcf_margin": -0.03265376641326883,
      "fcf_margin_change": 0.4166147766614168
    },
    {
      "date": "2021-09-30T00:00:00",
      "quarter_label": "2021-09 (Q3)",
      "revenue": 84816000,
      "gross_profit": null,
      "operating_income": -62821000,
      "net_income": -67352000,
      "opex": 147637000,
      "cogs": null,
      "rd": null,
      "sga": null,
      "fcf": -26515000,
      "ocf": -26515000,
      "capex": null,
      "gross_margin": null,
      "op_margin": -0.7406739294472741,
      "fcf_margin": -0.3126179022825882,
      "op_leverage_ratio": 0.6315785368919687,
      "fcf_margin_change": -0.27996413586931934
    },
    {
      "date": "2021-12-31T00:00:00",
      "quarter_label": "2021-12 (Q4)",
      "revenue": 94670000,
      "gross_profit": null,
      "operating_income": -20053000,
      "net_income": -33992000,
      "opex": 114723000,
      "cogs": null,
      "rd": null,
      "sga": null,
      "fcf": -27159000,
      "ocf": -27159000,
      "capex": null,
      "gross_margin": null,
      "op_margin": -0.211820006337805,
      "fcf_margin": -0.28688074363578747,
      "incr_op_margin_yoy": 2.058103089525114,
      "rev_growth_yoy": 0.6695765656138123,
      "op_leverage_ratio": Infinity,
      "fcf_margin_change": 0.025737158646800706
    },
    {
      "date": "2022-03-31T00:00:00",
      "quarter_label": "2022-03 (Q1)",
      "revenue": 101482000,
      "gross_profit": null,
      "operating_income": -5628000,
      "net_income": -13001000,
      "opex": 107110000,
      "cogs": null,
      "rd": null,
      "sga": null,
      "fcf": -22781000,
      "ocf": -19781000,
      "capex": -3000000,
      "gross_margin": null,
      "op_margin": -0.055458110797974025,
      "fcf_margin": -0.22448315957509707,
      "incr_op_margin_yoy": 0.11360230968826518,
      "rev_growth_yoy": 1.170459406279408,
      "rev_growth_yoy_accel": 0.5008828406655957,
      "op_leverage_ratio": Infinity,
      "fcf_margin_change": 0.0623975840606904
    },
    {
      "date": "2022-06-30T00:00:00",
      "quarter_label": "2022-06 (Q2)",
      "revenue": 188197000,
      "gross_profit": null,
      "operating_income": 87382000,
      "net_income": 69036000,
      "opex": 100815000,
      "cogs": null,
      "rd": null,
      "sga": null,
      "fcf": 34626000,
      "ocf": 34626000,
      "capex": null,
      "gross_margin": null,
      "op_margin": 0.46431133333687574,
      "fcf_margin": 0.1839880550699533,
      "incr_op_margin_yoy": 0.7385847081956122,
      "rev_growth_yoy": 3.0643788873531443,
      "rev_growth_yoy_accel": 1.8939194810737363,
      "op_leverage_ratio": Infinity,
      "fcf_margin_change": 0.4084712146450504
    },
    {
      "date": "2022-09-30T00:00:00",
      "quarter_label": "2022-09 (Q3)",
      "revenue": 236829000,
      "gross_profit": null,
      "operating_income": 128407000,
      "net_income": 113427000,
      "opex": 108422000,
      "cogs": null,
      "rd": null,
      "sga": null,
      "fcf": 91356000,
      "ocf": 91356000,
      "capex": null,
      "gross_margin": null,
      "op_margin": 0.5421928902288149,
      "fcf_margin": 0.3857466779828484,
      "incr_op_margin_yoy": 1.257971357712827,
      "rev_growth_yoy": 1.7922679683078664,
      "rev_growth_yoy_accel": -1.272110919045278,
      "op_leverage_ratio": 3.424689264777318,
      "fcf_margin_change": 0.2017586229128951
    },
    {
      "date": "2022-12-31T00:00:00",
      "quarter_label": "2022-12 (Q4)",
      "revenue": 338157000,
      "gross_profit": null,
      "operating_income": 232493000,
      "net_income": 218429000,
      "opex": 105664000,
      "cogs": null,
      "rd": null,
      "sga": null,
      "fcf": 181600000,
      "ocf": 181600000,
      "capex": null,
      "gross_margin": null,
      "op_margin": 0.6875297568880727,
      "fcf_margin": 0.5370286582859441,
      "incr_op_margin_yoy": 1.0372052717393536,
      "rev_growth_yoy": 2.5719552128446184,
      "rev_growth_yoy_accel": 0.779687244536752,
      "op_leverage_ratio": Infinity,
      "fcf_margin_change": 0.15128198030309575
    },
    {
      "date": "2023-03-31T00:00:00",
      "quarter_label": "2023-03 (Q1)",
      "revenue": 287130000,
      "gross_profit": null,
      "operating_income": 185298000,
      "net_income": 172633000,
      "opex": 101832000,
      "cogs": null,
      "rd": null,
      "sga": null,
      "fcf": 220822000,
      "ocf": 220822000,
      "capex": null,
      "gross_margin": null,
      "op_margin": 0.6453453139692822,
      "fcf_margin": 0.7690662765994497,
      "incr_op_margin_yoy": 1.0284301473756787,
      "rev_growth_yoy": 1.8293687550501567,
      "rev_growth_yoy_accel": -0.7425864577944616,
      "fcf_margin_change": 0.23203761831350556
    },
    {
      "date": "2023-06-30T00:00:00",
      "quarter_label": "2023-06 (Q2)",
      "revenue": 292203000,
      "gross_profit": null,
      "operating_income": 168676000,
      "net_income": 153762000,
      "opex": 123527000,
      "cogs": null,
      "rd": null,
      "sga": null,
      "fcf": 193634000,
      "ocf": 193634000,
      "capex": null,
      "gross_margin": null,
      "op_margin": 0.5772562225576054,
      "fcf_margin": 0.6626694455566849,
      "incr_op_margin_yoy": 0.7816279830009807,
      "rev_growth_yoy": 0.5526443035755086,
      "rev_growth_yoy_accel": -1.276724451474648,
      "op_leverage_ratio": 0.08292985583009133,
      "fcf_margin_change": -0.10639683104276476
    },
    {
      "date": "2023-09-30T00:00:00",
      "quarter_label": "2023-09 (Q3)",
      "revenue": 241708000,
      "gross_profit": null,
      "operating_income": 114160000,
      "net_income": 97937000,
      "opex": 127548000,
      "cogs": null,
      "rd": null,
      "sga": null,
      "fcf": 148463000,
      "ocf": 148463000,
      "capex": null,
      "gross_margin": null,
      "op_margin": 0.4723054263822464,
      "fcf_margin": 0.6142246015853841,
      "incr_op_margin_yoy": -2.920065587210494,
      "rev_growth_yoy": 0.020601362164261977,
      "rev_growth_yoy_accel": -0.5320429414112466,
      "fcf_margin_change": -0.04844484397130089
    },
    {
      "date": "2023-12-31T00:00:00",
      "quarter_label": "2023-12 (Q4)",
      "revenue": 250734000,
      "gross_profit": null,
      "operating_income": 147297000,
      "net_income": 132114000,
      "opex": 103437000,
      "cogs": null,
      "rd": null,
      "sga": null,
      "fcf": 125483000,
      "ocf": 125483000,
      "capex": null,
      "gross_margin": null,
      "op_margin": 0.5874632080212496,
      "fcf_margin": 0.5004626416840158,
      "incr_op_margin_yoy": 0.9745261544444825,
      "rev_growth_yoy": -0.25852784357561726,
      "rev_growth_yoy_accel": -0.2791292057398792,
      "op_leverage_ratio": Infinity,
      "fcf_margin_change": -0.11376195990136828
    },
    {
      "date": "2024-03-31T00:00:00",
      "quarter_label": "2024-03 (Q1)",
      "revenue": 274401000,
      "gross_profit": null,
      "operating_income": 154423000,
      "net_income": 144490000,
      "opex": 119978000,
      "cogs": null,
      "rd": null,
      "sga": null,
      "fcf": 156442000,
      "ocf": 156442000,
      "capex": null,
      "gross_margin": null,
      "op_margin": 0.5627639840962678,
      "fcf_margin": 0.5701218290020809,
      "incr_op_margin_yoy": 2.425563673501453,
      "rev_growth_yoy": -0.04433183575383973,
      "rev_growth_yoy_accel": 0.21419600782177753,
      "op_leverage_ratio": 0.5902610637664643,
      "fcf_margin_change": 0.06965918731806509
    },
    {
      "date": "2024-06-30T00:00:00",
      "quarter_label": "2024-06 (Q2)",
      "revenue": 257409000,
      "gross_profit": null,
      "operating_income": 154788000,
      "net_income": 144723000,
      "opex": 102621000,
      "cogs": null,
      "rd": null,
      "sga": null,
      "fcf": 167939000,
      "ocf": 167939000,
      "capex": null,
      "gross_margin": null,
      "op_margin": 0.6013309557940865,
      "fcf_margin": 0.6524208555256421,
      "incr_op_margin_yoy": 0.3991492786112548,
      "rev_growth_yoy": -0.11907475282594635,
      "rev_growth_yoy_accel": -0.07474291707210662,
      "fcf_margin_change": 0.08229902652356125
    },
    {
      "date": "2024-09-30T00:00:00",
      "quarter_label": "2024-09 (Q3)",
      "revenue": 225190000,
      "gross_profit": null,
      "operating_income": 100972000,
      "net_income": 91688000,
      "opex": 124218000,
      "cogs": null,
      "rd": null,
      "sga": null,
      "fcf": 129135000,
      "ocf": 129135000,
      "capex": null,
      "gross_margin": null,
      "op_margin": 0.44838580754029933,
      "fcf_margin": 0.5734490874372752,
      "incr_op_margin_yoy": 0.7984017435524882,
      "rev_growth_yoy": -0.06833865656080891,
      "rev_growth_yoy_accel": 0.050736096265137434,
      "fcf_margin_change": -0.07897176808836692
    },
    {
      "date": "2024-12-31T00:00:00",
      "quarter_label": "2024-12 (Q4)",
      "revenue": 194613000,
      "gross_profit": null,
      "operating_income": 45042000,
      "net_income": 35823000,
      "opex": 149571000,
      "cogs": null,
      "rd": null,
      "sga": null,
      "fcf": 93622000,
      "ocf": 93622000,
      "capex": null,
      "gross_margin": null,
      "op_margin": 0.231443942593763,
      "fcf_margin": 0.48106755458268463,
      "incr_op_margin_yoy": 1.8220452237130487,
      "rev_growth_yoy": -0.22382684438488598,
      "rev_growth_yoy_accel": -0.15548818782407708,
      "fcf_margin_change": -0.09238153285459055
    },
    {
      "date": "2025-03-31T00:00:00",
      "quarter_label": "2025-03 (Q1)",
      "revenue": 183394000,
      "gross_profit": null,
      "operating_income": 59173000,
      "net_income": 49565000,
      "opex": 124221000,
      "cogs": null,
      "rd": null,
      "sga": null,
      "fcf": 69947000,
      "ocf": 69947000,
      "capex": null,
      "gross_margin": null,
      "op_margin": 0.32265504869297795,
      "fcf_margin": 0.3814028812283935,
      "incr_op_margin_yoy": 1.046622787258123,
      "rev_growth_yoy": -0.3316569546029351,
      "rev_growth_yoy_accel": -0.10783011021804911,
      "fcf_margin_change": -0.09966467335429113
    },
    {
      "date": "2025-06-30T00:00:00",
      "quarter_label": "2025-06 (Q2)",
      "revenue": 195641000,
      "gross_profit": null,
      "operating_income": 69367000,
      "net_income": 61646000,
      "opex": 126274000,
      "cogs": null,
      "rd": null,
      "sga": null,
      "fcf": 85779000,
      "ocf": 85779000,
      "capex": null,
      "gross_margin": null,
      "op_margin": 0.3545626939138524,
      "fcf_margin": 0.43845104042608657,
      "incr_op_margin_yoy": 1.382932910244787,
      "rev_growth_yoy": -0.23996052974060736,
      "rev_growth_yoy_accel": 0.09169642486232774,
      "op_leverage_ratio": 4.04064472413887,
      "fcf_margin_change": 0.05704815919769307
    },
    {
      "date": "2025-09-30T00:00:00",
      "quarter_label": "2025-09 (Q3)",
      "revenue": 196388000,
      "gross_profit": null,
      "operating_income": 78683000,
      "net_income": 70546000,
      "opex": 117705000,
      "cogs": null,
      "rd": null,
      "sga": null,
      "fcf": 78325000,
      "ocf": 78325000,
      "capex": null,
      "gross_margin": null,
      "op_margin": 0.40065075259180805,
      "fcf_margin": 0.39882783062101557,
      "incr_op_margin_yoy": 0.7738698701479064,
      "rev_growth_yoy": -0.1279008836982104,
      "rev_growth_yoy_accel": 0.11205964604239696,
      "fcf_margin_change": -0.039623209805071
    }
  ],
  "signals": [
    {
      "quarter": "2025-09 (Q3)",
      "signal": "YoY REVENUE GROWTH ACCELERATION",
      "detail": "YoY growth: -12.8% vs prior quarter YoY: -24.0% (accel: +11.2%)",
      "severity": "MEDIUM"
    },
    {
      "quarter": "2025-09 (Q3)",
      "signal": "INCREMENTAL MARGIN (YoY)",
      "detail": "YoY Incr OPM: +77.4% vs year-ago OPM: +44.8%",
      "severity": "HIGH"
    },
    {
      "quarter": "2025-06 (Q2)",
      "signal": "FCF MARGIN EXPANSION",
      "detail": "FCF margin: +38.1% -> +43.8% (+5.7%)",
      "severity": "MEDIUM"
    },
    {
      "quarter": "2025-06 (Q2)",
      "signal": "OPERATING LEVERAGE",
      "detail": "Rev growth +6.7% vs OpEx growth +1.7% (leverage: 4.0x)",
      "severity": "MEDIUM"
    },
    {
      "quarter": "2025-06 (Q2)",
      "signal": "YoY REVENUE GROWTH ACCELERATION",
      "detail": "YoY growth: -24.0% vs prior quarter YoY: -33.2% (accel: +9.2%)",
      "severity": "MEDIUM"
    },
    {
      "quarter": "2025-06 (Q2)",
      "signal": "INCREMENTAL MARGIN (YoY)",
      "detail": "YoY Incr OPM: +138.3% vs year-ago OPM: +60.1%",
      "severity": "HIGH"
    },
    {
      "quarter": "2025-03 (Q1)",
      "signal": "YoY REVENUE GROWTH DECELERATION",
      "detail": "YoY growth: -33.2% vs prior quarter YoY: -22.4% (decel: -10.8%)",
      "severity": "WARNING"
    },
    {
      "quarter": "2025-03 (Q1)",
      "signal": "INCREMENTAL MARGIN (YoY)",
      "detail": "YoY Incr OPM: +104.7% vs year-ago OPM: +56.3%",
      "severity": "HIGH"
    },
    {
      "quarter": "2024-12 (Q4)",
      "signal": "YoY REVENUE GROWTH DECELERATION",
      "detail": "YoY growth: -22.4% vs prior quarter YoY: -6.8% (decel: -15.5%)",
      "severity": "WARNING"
    },
    {
      "quarter": "2024-12 (Q4)",
      "signal": "INCREMENTAL MARGIN (YoY)",
      "detail": "YoY Incr OPM: +182.2% vs year-ago OPM: +58.7%",
      "severity": "HIGH"
    },
    {
      "quarter": "2024-09 (Q3)",
      "signal": "YoY REVENUE GROWTH ACCELERATION",
      "detail": "YoY growth: -6.8% vs prior quarter YoY: -11.9% (accel: +5.1%)",
      "severity": "MEDIUM"
    },
    {
      "quarter": "2024-09 (Q3)",
      "signal": "INCREMENTAL MARGIN (YoY)",
      "detail": "YoY Incr OPM: +79.8% vs year-ago OPM: +47.2%",
      "severity": "HIGH"
    },
    {
      "quarter": "2024-06 (Q2)",
      "signal": "FCF MARGIN EXPANSION",
      "detail": "FCF margin: +57.0% -> +65.2% (+8.2%)",
      "severity": "MEDIUM"
    },
    {
      "quarter": "2024-06 (Q2)",
      "signal": "YoY REVENUE GROWTH DECELERATION",
      "detail": "YoY growth: -11.9% vs prior quarter YoY: -4.4% (decel: -7.5%)",
      "severity": "WARNING"
    },
    {
      "quarter": "2024-03 (Q1)",
      "signal": "FCF MARGIN EXPANSION",
      "detail": "FCF margin: +50.0% -> +57.0% (+7.0%)",
      "severity": "MEDIUM"
    },
    {
      "quarter": "2024-03 (Q1)",
      "signal": "YoY REVENUE GROWTH ACCELERATION",
      "detail": "YoY growth: -4.4% vs prior quarter YoY: -25.9% (accel: +21.4%)",
      "severity": "HIGH"
    },
    {
      "quarter": "2024-03 (Q1)",
      "signal": "INCREMENTAL MARGIN (YoY)",
      "detail": "YoY Incr OPM: +242.6% vs year-ago OPM: +64.5%",
      "severity": "HIGH"
    },
    {
      "quarter": "2023-12 (Q4)",
      "signal": "YoY REVENUE GROWTH DECELERATION",
      "detail": "YoY growth: -25.9% vs prior quarter YoY: +2.1% (decel: -27.9%)",
      "severity": "WARNING"
    },
    {
      "quarter": "2023-12 (Q4)",
      "signal": "INCREMENTAL MARGIN (YoY)",
      "detail": "YoY Incr OPM: +97.5% vs year-ago OPM: +68.8%",
      "severity": "HIGH"
    },
    {
      "quarter": "2023-09 (Q3)",
      "signal": "YoY REVENUE GROWTH DECELERATION",
      "detail": "YoY growth: +2.1% vs prior quarter YoY: +55.3% (decel: -53.2%)",
      "severity": "WARNING"
    },
    {
      "quarter": "2023-06 (Q2)",
      "signal": "YoY REVENUE GROWTH DECELERATION",
      "detail": "YoY growth: +55.3% vs prior quarter YoY: +182.9% (decel: -127.7%)",
      "severity": "WARNING"
    },
    {
      "quarter": "2023-06 (Q2)",
      "signal": "INCREMENTAL MARGIN (YoY)",
      "detail": "YoY Incr OPM: +78.2% vs year-ago OPM: +46.4%",
      "severity": "HIGH"
    },
    {
      "quarter": "2023-03 (Q1)",
      "signal": "FCF MARGIN EXPANSION",
      "detail": "FCF margin: +53.7% -> +76.9% (+23.2%)",
      "severity": "MEDIUM"
    },
    {
      "quarter": "2023-03 (Q1)",
      "signal": "YoY REVENUE GROWTH DECELERATION",
      "detail": "YoY growth: +182.9% vs prior quarter YoY: +257.2% (decel: -74.3%)",
      "severity": "WARNING"
    },
    {
      "quarter": "2023-03 (Q1)",
      "signal": "OP MARGIN TURNED POSITIVE (YoY)",
      "detail": "Op margin: -5.5% (year-ago) -> +64.5%",
      "severity": "HIGH"
    },
    {
      "quarter": "2022-12 (Q4)",
      "signal": "FCF MARGIN EXPANSION",
      "detail": "FCF margin: +38.6% -> +53.7% (+15.1%)",
      "severity": "MEDIUM"
    },
    {
      "quarter": "2022-12 (Q4)",
      "signal": "YoY REVENUE GROWTH ACCELERATION",
      "detail": "YoY growth: +257.2% vs prior quarter YoY: +179.2% (accel: +78.0%)",
      "severity": "HIGH"
    },
    {
      "quarter": "2022-12 (Q4)",
      "signal": "OP MARGIN TURNED POSITIVE (YoY)",
      "detail": "Op margin: -21.2% (year-ago) -> +68.8%",
      "severity": "HIGH"
    },
    {
      "quarter": "2022-09 (Q3)",
      "signal": "FCF MARGIN EXPANSION",
      "detail": "FCF margin: +18.4% -> +38.6% (+20.2%)",
      "severity": "MEDIUM"
    },
    {
      "quarter": "2022-09 (Q3)",
      "signal": "OPERATING LEVERAGE",
      "detail": "Rev growth +25.8% vs OpEx growth +7.5% (leverage: 3.4x)",
      "severity": "MEDIUM"
    },
    {
      "quarter": "2022-09 (Q3)",
      "signal": "YoY REVENUE GROWTH DECELERATION",
      "detail": "YoY growth: +179.2% vs prior quarter YoY: +306.4% (decel: -127.2%)",
      "severity": "WARNING"
    },
    {
      "quarter": "2022-09 (Q3)",
      "signal": "OP MARGIN TURNED POSITIVE (YoY)",
      "detail": "Op margin: -74.1% (year-ago) -> +54.2%",
      "severity": "HIGH"
    },
    {
      "quarter": "2022-06 (Q2)",
      "signal": "FCF TURNED POSITIVE",
      "detail": "FCF margin: -22.4% -> +18.4%",
      "severity": "HIGH"
    },
    {
      "quarter": "2022-06 (Q2)",
      "signal": "YoY REVENUE GROWTH ACCELERATION",
      "detail": "YoY growth: +306.4% vs prior quarter YoY: +117.0% (accel: +189.4%)",
      "severity": "HIGH"
    },
    {
      "quarter": "2022-06 (Q2)",
      "signal": "OP MARGIN TURNED POSITIVE (YoY)",
      "detail": "Op margin: -37.6% (year-ago) -> +46.4%",
      "severity": "HIGH"
    },
    {
      "quarter": "2022-06 (Q2)",
      "signal": "OP MARGIN TURNED POSITIVE (QoQ)",
      "detail": "Op margin: -5.5% -> +46.4%",
      "severity": "HIGH"
    },
    {
      "quarter": "2022-03 (Q1)",
      "signal": "FCF MARGIN EXPANSION",
      "detail": "FCF margin: -28.7% -> -22.4% (+6.2%)",
      "severity": "MEDIUM"
    },
    {
      "quarter": "2022-03 (Q1)",
      "signal": "YoY REVENUE GROWTH ACCELERATION",
      "detail": "YoY growth: +117.0% vs prior quarter YoY: +67.0% (accel: +50.1%)",
      "severity": "HIGH"
    },
    {
      "quarter": "2021-06 (Q2)",
      "signal": "FCF MARGIN EXPANSION",
      "detail": "FCF margin: -44.9% -> -3.3% (+41.7%)",
      "severity": "MEDIUM"
    }
  ],
  "data_quality": {
    "n_quarters": 20,
    "coverage": {
      "revenue": [
        20,
        20
      ],
      "gross_profit": [
        0,
        20
      ],
      "op_income": [
        20,
        20
      ],
      "fcf": [
        20,
        20
      ]
    },
    "gaps": [],
    "warnings": [
      "gross_profit: no data"
    ]
  },
  "market_cap": null,
  "source": "SEC EDGAR",
  "last_updated": "2026-02-02T21:24:34.221708",
  "sector": "Energy",
  "industry": "Oil & Gas Midstream"
}