{
  "ticker": "INTG",
  "name": "THE INTERGROUP CORPORATION",
  "sector": "Consumer Cyclical",
  "industry": "Lodging",
  "quarters": [
    {
      "date": "2021-03-31T00:00:00",
      "quarter_label": "2021-03 (Q1)",
      "revenue": 6367000,
      "gross_profit": null,
      "operating_income": -1398000,
      "net_income": 1110000,
      "opex": 6638000,
      "cogs": null,
      "rd": null,
      "sga": null,
      "fcf": -7440000,
      "ocf": -7282000,
      "capex": -158000,
      "gross_margin": null,
      "op_margin": -0.21956965603895084,
      "fcf_margin": -1.1685252081042878
    },
    {
      "date": "2021-06-30T00:00:00",
      "quarter_label": "2021-06 (Q2)",
      "revenue": 8719000,
      "gross_profit": null,
      "operating_income": 1408000,
      "net_income": 4814000,
      "opex": 6171000,
      "cogs": null,
      "rd": null,
      "sga": null,
      "fcf": 3912000,
      "ocf": 4489000,
      "capex": -577000,
      "gross_margin": null,
      "op_margin": 0.16148640899185687,
      "fcf_margin": 0.4486753068012387,
      "op_leverage_ratio": null,
      "fcf_margin_change": 1.6172005149055266
    },
    {
      "date": "2021-09-30T00:00:00",
      "quarter_label": "2021-09 (Q3)",
      "revenue": 10921000,
      "gross_profit": null,
      "operating_income": 556000,
      "net_income": -2161000,
      "opex": 10365000,
      "cogs": null,
      "rd": null,
      "sga": null,
      "fcf": 2257000,
      "ocf": 2497000,
      "capex": -240000,
      "gross_margin": null,
      "op_margin": 0.050911088728138446,
      "fcf_margin": 0.2066660562219577,
      "op_leverage_ratio": 0.37160175572365023,
      "fcf_margin_change": -0.242009250579281
    },
    {
      "date": "2021-12-31T00:00:00",
      "quarter_label": "2021-12 (Q4)",
      "revenue": 10214000,
      "gross_profit": null,
      "operating_income": -252000,
      "net_income": -2003000,
      "opex": 10466000,
      "cogs": null,
      "rd": null,
      "sga": null,
      "fcf": -8111000,
      "ocf": -7089000,
      "capex": -1022000,
      "gross_margin": null,
      "op_margin": -0.02467201879772861,
      "fcf_margin": -0.7941061288427649,
      "fcf_margin_change": -1.0007721850647227
    },
    {
      "date": "2022-03-31T00:00:00",
      "quarter_label": "2022-03 (Q1)",
      "revenue": 10458000,
      "gross_profit": null,
      "operating_income": -121000,
      "net_income": -466000,
      "opex": 10579000,
      "cogs": null,
      "rd": null,
      "sga": null,
      "fcf": -4711000,
      "ocf": -4279000,
      "capex": -432000,
      "gross_margin": null,
      "op_margin": -0.011570089883342896,
      "fcf_margin": -0.4504685408299866,
      "incr_op_margin_yoy": 0.31214861891957957,
      "rev_growth_yoy": 0.6425318046175593,
      "op_leverage_ratio": 2.212566129085361,
      "fcf_margin_change": 0.3436375880127783
    },
    {
      "date": "2022-06-30T00:00:00",
      "quarter_label": "2022-06 (Q2)",
      "revenue": 15626000,
      "gross_profit": null,
      "operating_income": 3488000,
      "net_income": -4093000,
      "opex": 12138000,
      "cogs": null,
      "rd": null,
      "sga": null,
      "fcf": 9560000,
      "ocf": 9792000,
      "capex": -232000,
      "gross_margin": null,
      "op_margin": 0.22321771406629975,
      "fcf_margin": 0.6118008447459362,
      "incr_op_margin_yoy": 0.3011437671927031,
      "rev_growth_yoy": 0.792178002064457,
      "rev_growth_yoy_accel": 0.14964619744689767,
      "op_leverage_ratio": 3.3532996950077716,
      "fcf_margin_change": 1.0622693855759229
    },
    {
      "date": "2022-09-30T00:00:00",
      "quarter_label": "2022-09 (Q3)",
      "revenue": 16388000,
      "gross_profit": null,
      "operating_income": 2863000,
      "net_income": -199000,
      "opex": 13525000,
      "cogs": null,
      "rd": null,
      "sga": null,
      "fcf": 83000,
      "ocf": 1715000,
      "capex": -1632000,
      "gross_margin": null,
      "op_margin": 0.1747010007322431,
      "fcf_margin": 0.005064681474249451,
      "incr_op_margin_yoy": 0.42198646423998537,
      "rev_growth_yoy": 0.5005951835912462,
      "rev_growth_yoy_accel": -0.29158281847321077,
      "op_leverage_ratio": 0.42675421909263134,
      "fcf_margin_change": -0.6067361632716868
    },
    {
      "date": "2022-12-31T00:00:00",
      "quarter_label": "2022-12 (Q4)",
      "revenue": 13872000,
      "gross_profit": null,
      "operating_income": 197000,
      "net_income": 1890000,
      "opex": 13675000,
      "cogs": null,
      "rd": null,
      "sga": null,
      "fcf": -5274000,
      "ocf": -4224000,
      "capex": -1050000,
      "gross_margin": null,
      "op_margin": 0.014201268742791234,
      "fcf_margin": -0.38019031141868515,
      "incr_op_margin_yoy": 0.122744669218152,
      "rev_growth_yoy": 0.3581358919130605,
      "rev_growth_yoy_accel": -0.14245929167818572,
      "fcf_margin_change": -0.3852549928929346
    },
    {
      "date": "2023-03-31T00:00:00",
      "quarter_label": "2023-03 (Q1)",
      "revenue": 14362000,
      "gross_profit": null,
      "operating_income": 963000,
      "net_income": -356000,
      "opex": 13399000,
      "cogs": null,
      "rd": null,
      "sga": null,
      "fcf": -1367000,
      "ocf": 82000,
      "capex": -1449000,
      "gross_margin": null,
      "op_margin": 0.06705194262637516,
      "fcf_margin": -0.09518172956412756,
      "incr_op_margin_yoy": 0.2776639344262295,
      "rev_growth_yoy": 0.3733027347485179,
      "rev_growth_yoy_accel": 0.015166842835457384,
      "op_leverage_ratio": null,
      "fcf_margin_change": 0.2850085818545576
    },
    {
      "date": "2023-06-30T00:00:00",
      "quarter_label": "2023-06 (Q2)",
      "revenue": 12984000,
      "gross_profit": null,
      "operating_income": 313000,
      "net_income": -8054000,
      "opex": 12671000,
      "cogs": null,
      "rd": null,
      "sga": null,
      "fcf": 585000,
      "ocf": 2320000,
      "capex": -1735000,
      "gross_margin": null,
      "op_margin": 0.024106592729513248,
      "fcf_margin": 0.045055452865064696,
      "incr_op_margin_yoy": 1.2017411052233156,
      "rev_growth_yoy": -0.16907717906054012,
      "rev_growth_yoy_accel": -0.542379913809058,
      "fcf_margin_change": 0.14023718242919225
    },
    {
      "date": "2023-09-30T00:00:00",
      "quarter_label": "2023-09 (Q3)",
      "revenue": 15510000,
      "gross_profit": null,
      "operating_income": 1596000,
      "net_income": -1244000,
      "opex": 13914000,
      "cogs": null,
      "rd": null,
      "sga": null,
      "fcf": 1147000,
      "ocf": 1901000,
      "capex": -754000,
      "gross_margin": null,
      "op_margin": 0.10290135396518375,
      "fcf_margin": 0.07395228884590586,
      "rev_growth_yoy": -0.05357578716133756,
      "rev_growth_yoy_accel": 0.11550139189920255,
      "op_leverage_ratio": 1.9831912685158886,
      "fcf_margin_change": 0.028896835980841168
    },
    {
      "date": "2023-12-31T00:00:00",
      "quarter_label": "2023-12 (Q4)",
      "revenue": 14321000,
      "gross_profit": null,
      "operating_income": -1346000,
      "net_income": -1529000,
      "opex": 15667000,
      "cogs": null,
      "rd": null,
      "sga": null,
      "fcf": -3145000,
      "ocf": -1981000,
      "capex": -1164000,
      "gross_margin": null,
      "op_margin": -0.09398785001047413,
      "fcf_margin": -0.21960756930381956,
      "rev_growth_yoy": 0.03236735870818916,
      "rev_growth_yoy_accel": 0.08594314586952673,
      "fcf_margin_change": -0.2935598581497254
    },
    {
      "date": "2024-03-31T00:00:00",
      "quarter_label": "2024-03 (Q1)",
      "revenue": 14883000,
      "gross_profit": null,
      "operating_income": 709000,
      "net_income": -3164000,
      "opex": 14174000,
      "cogs": null,
      "rd": null,
      "sga": null,
      "fcf": 1131000,
      "ocf": 1862000,
      "capex": -731000,
      "gross_margin": null,
      "op_margin": 0.0476382449774911,
      "fcf_margin": 0.07599274339850837,
      "rev_growth_yoy": 0.036276284640022284,
      "rev_growth_yoy_accel": 0.003908925931833125,
      "op_leverage_ratio": null,
      "fcf_margin_change": 0.2956003127023279
    },
    {
      "date": "2024-06-30T00:00:00",
      "quarter_label": "2024-06 (Q2)",
      "revenue": 13426000,
      "gross_profit": null,
      "operating_income": 495000,
      "net_income": -3860000,
      "opex": 12931000,
      "cogs": null,
      "rd": null,
      "sga": null,
      "fcf": 3601000,
      "ocf": 5031000,
      "capex": -1430000,
      "gross_margin": null,
      "op_margin": 0.0368687621033815,
      "fcf_margin": 0.26821093400863993,
      "rev_growth_yoy": 0.0340418977202711,
      "rev_growth_yoy_accel": -0.002234386919751183,
      "fcf_margin_change": 0.19221819061013157
    },
    {
      "date": "2024-09-30T00:00:00",
      "quarter_label": "2024-09 (Q3)",
      "revenue": 16906000,
      "gross_profit": null,
      "operating_income": 3129000,
      "net_income": -398000,
      "opex": 13777000,
      "cogs": null,
      "rd": null,
      "sga": null,
      "fcf": 3091000,
      "ocf": 3360000,
      "capex": -269000,
      "gross_margin": null,
      "op_margin": 0.18508221933041524,
      "fcf_margin": 0.18283449662841594,
      "incr_op_margin_yoy": 1.098137535816619,
      "rev_growth_yoy": 0.09000644745325596,
      "rev_growth_yoy_accel": 0.05596454973298486,
      "op_leverage_ratio": 3.9618164395747435,
      "fcf_margin_change": -0.08537643738022399
    },
    {
      "date": "2024-12-31T00:00:00",
      "quarter_label": "2024-12 (Q4)",
      "revenue": 14441000,
      "gross_profit": null,
      "operating_income": 853000,
      "net_income": -2725000,
      "opex": 13588000,
      "cogs": null,
      "rd": null,
      "sga": null,
      "fcf": -1127000,
      "ocf": -781000,
      "capex": -346000,
      "gross_margin": null,
      "op_margin": 0.05906793158368534,
      "fcf_margin": -0.0780416868637906,
      "rev_growth_yoy": 0.008379303121290413,
      "rev_growth_yoy_accel": -0.08162714433196555,
      "fcf_margin_change": -0.26087618349220654
    },
    {
      "date": "2025-03-31T00:00:00",
      "quarter_label": "2025-03 (Q1)",
      "revenue": 16824000,
      "gross_profit": null,
      "operating_income": 2350000,
      "net_income": -578000,
      "opex": 14474000,
      "cogs": null,
      "rd": null,
      "sga": null,
      "fcf": -1151000,
      "ocf": -854000,
      "capex": -297000,
      "gross_margin": null,
      "op_margin": 0.13968140751307656,
      "fcf_margin": -0.06841417023300048,
      "incr_op_margin_yoy": 0.8454404945904173,
      "rev_growth_yoy": 0.130417254585769,
      "rev_growth_yoy_accel": 0.12203795146447859,
      "op_leverage_ratio": 2.530746184013632,
      "fcf_margin_change": 0.009627516630790117
    },
    {
      "date": "2025-06-30T00:00:00",
      "quarter_label": "2025-06 (Q2)",
      "revenue": 16207000,
      "gross_profit": null,
      "operating_income": 1311000,
      "net_income": -1647000,
      "opex": 14896000,
      "cogs": null,
      "rd": null,
      "sga": null,
      "fcf": 2828000,
      "ocf": 4168000,
      "capex": -1340000,
      "gross_margin": null,
      "op_margin": 0.08089097303634232,
      "fcf_margin": 0.174492503239341,
      "incr_op_margin_yoy": 0.29341963322545844,
      "rev_growth_yoy": 0.2071354089080888,
      "rev_growth_yoy_accel": 0.07671815432231979,
      "fcf_margin_change": 0.2429066734723415
    },
    {
      "date": "2025-09-30T00:00:00",
      "quarter_label": "2025-09 (Q3)",
      "revenue": 17913000,
      "gross_profit": null,
      "operating_income": 2732000,
      "net_income": -535000,
      "opex": 15181000,
      "cogs": null,
      "rd": null,
      "sga": null,
      "fcf": -1270000,
      "ocf": -296000,
      "capex": -974000,
      "gross_margin": null,
      "op_margin": 0.15251493328867302,
      "fcf_margin": -0.07089823033551053,
      "incr_op_margin_yoy": -0.394240317775571,
      "rev_growth_yoy": 0.05956465160298119,
      "rev_growth_yoy_accel": -0.1475707573051076,
      "op_leverage_ratio": 5.501754385964912,
      "fcf_margin_change": -0.24539073357485153
    },
    {
      "date": "2025-12-31T00:00:00",
      "quarter_label": "2025-12 (Q4)",
      "revenue": 17301000,
      "gross_profit": null,
      "operating_income": 2015000,
      "net_income": 1515000,
      "opex": 15286000,
      "cogs": null,
      "rd": null,
      "sga": null,
      "fcf": -481000,
      "ocf": -23000,
      "capex": -458000,
      "gross_margin": null,
      "op_margin": 0.1164672562279637,
      "fcf_margin": -0.02780186116409456,
      "incr_op_margin_yoy": 0.4062937062937063,
      "rev_growth_yoy": 0.19804722664635413,
      "rev_growth_yoy_accel": 0.13848257504337294,
      "fcf_margin_change": 0.04309636917141597
    }
  ],
  "signals": [
    {
      "quarter": "2025-12 (Q4)",
      "signal": "YoY REVENUE GROWTH ACCELERATION",
      "detail": "YoY growth: +19.8% vs prior quarter YoY: +6.0% (accel: +13.8%)",
      "severity": "MEDIUM"
    },
    {
      "quarter": "2025-12 (Q4)",
      "signal": "INCREMENTAL MARGIN (YoY)",
      "detail": "YoY Incr OPM: +40.6% vs year-ago OPM: +5.9%",
      "severity": "HIGH"
    },
    {
      "quarter": "2025-09 (Q3)",
      "signal": "OPERATING LEVERAGE",
      "detail": "Rev growth +10.5% vs OpEx growth +1.9% (leverage: 5.5x)",
      "severity": "MEDIUM"
    },
    {
      "quarter": "2025-09 (Q3)",
      "signal": "YoY REVENUE GROWTH DECELERATION",
      "detail": "YoY growth: +6.0% vs prior quarter YoY: +20.7% (decel: -14.8%)",
      "severity": "WARNING"
    },
    {
      "quarter": "2025-06 (Q2)",
      "signal": "FCF TURNED POSITIVE",
      "detail": "FCF margin: -6.8% -> +17.4%",
      "severity": "HIGH"
    },
    {
      "quarter": "2025-06 (Q2)",
      "signal": "YoY REVENUE GROWTH ACCELERATION",
      "detail": "YoY growth: +20.7% vs prior quarter YoY: +13.0% (accel: +7.7%)",
      "severity": "MEDIUM"
    },
    {
      "quarter": "2025-06 (Q2)",
      "signal": "INCREMENTAL MARGIN (YoY)",
      "detail": "YoY Incr OPM: +29.3% vs year-ago OPM: +3.7%",
      "severity": "HIGH"
    },
    {
      "quarter": "2025-03 (Q1)",
      "signal": "OPERATING LEVERAGE",
      "detail": "Rev growth +16.5% vs OpEx growth +6.5% (leverage: 2.5x)",
      "severity": "MEDIUM"
    },
    {
      "quarter": "2025-03 (Q1)",
      "signal": "YoY REVENUE GROWTH ACCELERATION",
      "detail": "YoY growth: +13.0% vs prior quarter YoY: +0.8% (accel: +12.2%)",
      "severity": "MEDIUM"
    },
    {
      "quarter": "2025-03 (Q1)",
      "signal": "INCREMENTAL MARGIN (YoY)",
      "detail": "YoY Incr OPM: +84.5% vs year-ago OPM: +4.8%",
      "severity": "HIGH"
    },
    {
      "quarter": "2024-12 (Q4)",
      "signal": "YoY REVENUE GROWTH DECELERATION",
      "detail": "YoY growth: +0.8% vs prior quarter YoY: +9.0% (decel: -8.2%)",
      "severity": "WARNING"
    },
    {
      "quarter": "2024-12 (Q4)",
      "signal": "OP MARGIN TURNED POSITIVE (YoY)",
      "detail": "Op margin: -9.4% (year-ago) -> +5.9%",
      "severity": "HIGH"
    },
    {
      "quarter": "2024-09 (Q3)",
      "signal": "OPERATING LEVERAGE",
      "detail": "Rev growth +25.9% vs OpEx growth +6.5% (leverage: 4.0x)",
      "severity": "MEDIUM"
    },
    {
      "quarter": "2024-09 (Q3)",
      "signal": "YoY REVENUE GROWTH ACCELERATION",
      "detail": "YoY growth: +9.0% vs prior quarter YoY: +3.4% (accel: +5.6%)",
      "severity": "MEDIUM"
    },
    {
      "quarter": "2024-09 (Q3)",
      "signal": "INCREMENTAL MARGIN (YoY)",
      "detail": "YoY Incr OPM: +109.8% vs year-ago OPM: +10.3%",
      "severity": "HIGH"
    },
    {
      "quarter": "2024-06 (Q2)",
      "signal": "FCF MARGIN EXPANSION",
      "detail": "FCF margin: +7.6% -> +26.8% (+19.2%)",
      "severity": "MEDIUM"
    },
    {
      "quarter": "2024-03 (Q1)",
      "signal": "FCF TURNED POSITIVE",
      "detail": "FCF margin: -22.0% -> +7.6%",
      "severity": "HIGH"
    },
    {
      "quarter": "2024-03 (Q1)",
      "signal": "OP MARGIN TURNED POSITIVE (QoQ)",
      "detail": "Op margin: -9.4% -> +4.8%",
      "severity": "HIGH"
    },
    {
      "quarter": "2023-12 (Q4)",
      "signal": "YoY REVENUE GROWTH ACCELERATION",
      "detail": "YoY growth: +3.2% vs prior quarter YoY: -5.4% (accel: +8.6%)",
      "severity": "MEDIUM"
    },
    {
      "quarter": "2023-09 (Q3)",
      "signal": "OPERATING LEVERAGE",
      "detail": "Rev growth +19.5% vs OpEx growth +9.8% (leverage: 2.0x)",
      "severity": "MEDIUM"
    },
    {
      "quarter": "2023-09 (Q3)",
      "signal": "YoY REVENUE GROWTH ACCELERATION",
      "detail": "YoY growth: -5.4% vs prior quarter YoY: -16.9% (accel: +11.6%)",
      "severity": "MEDIUM"
    },
    {
      "quarter": "2023-06 (Q2)",
      "signal": "FCF TURNED POSITIVE",
      "detail": "FCF margin: -9.5% -> +4.5%",
      "severity": "HIGH"
    },
    {
      "quarter": "2023-06 (Q2)",
      "signal": "YoY REVENUE GROWTH DECELERATION",
      "detail": "YoY growth: -16.9% vs prior quarter YoY: +37.3% (decel: -54.2%)",
      "severity": "WARNING"
    },
    {
      "quarter": "2023-06 (Q2)",
      "signal": "INCREMENTAL MARGIN (YoY)",
      "detail": "YoY Incr OPM: +120.2% vs year-ago OPM: +22.3%",
      "severity": "HIGH"
    },
    {
      "quarter": "2023-03 (Q1)",
      "signal": "FCF MARGIN EXPANSION",
      "detail": "FCF margin: -38.0% -> -9.5% (+28.5%)",
      "severity": "MEDIUM"
    },
    {
      "quarter": "2023-03 (Q1)",
      "signal": "OP MARGIN TURNED POSITIVE (YoY)",
      "detail": "Op margin: -1.2% (year-ago) -> +6.7%",
      "severity": "HIGH"
    },
    {
      "quarter": "2022-12 (Q4)",
      "signal": "YoY REVENUE GROWTH DECELERATION",
      "detail": "YoY growth: +35.8% vs prior quarter YoY: +50.1% (decel: -14.2%)",
      "severity": "WARNING"
    },
    {
      "quarter": "2022-12 (Q4)",
      "signal": "OP MARGIN TURNED POSITIVE (YoY)",
      "detail": "Op margin: -2.5% (year-ago) -> +1.4%",
      "severity": "HIGH"
    },
    {
      "quarter": "2022-09 (Q3)",
      "signal": "YoY REVENUE GROWTH DECELERATION",
      "detail": "YoY growth: +50.1% vs prior quarter YoY: +79.2% (decel: -29.2%)",
      "severity": "WARNING"
    },
    {
      "quarter": "2022-09 (Q3)",
      "signal": "INCREMENTAL MARGIN (YoY)",
      "detail": "YoY Incr OPM: +42.2% vs year-ago OPM: +5.1%",
      "severity": "HIGH"
    },
    {
      "quarter": "2022-06 (Q2)",
      "signal": "FCF TURNED POSITIVE",
      "detail": "FCF margin: -45.0% -> +61.2%",
      "severity": "HIGH"
    },
    {
      "quarter": "2022-06 (Q2)",
      "signal": "OPERATING LEVERAGE",
      "detail": "Rev growth +49.4% vs OpEx growth +14.7% (leverage: 3.4x)",
      "severity": "MEDIUM"
    },
    {
      "quarter": "2022-06 (Q2)",
      "signal": "YoY REVENUE GROWTH ACCELERATION",
      "detail": "YoY growth: +79.2% vs prior quarter YoY: +64.3% (accel: +15.0%)",
      "severity": "MEDIUM"
    },
    {
      "quarter": "2022-06 (Q2)",
      "signal": "INCREMENTAL MARGIN (YoY)",
      "detail": "YoY Incr OPM: +30.1% vs year-ago OPM: +16.1%",
      "severity": "MEDIUM"
    },
    {
      "quarter": "2022-06 (Q2)",
      "signal": "OP MARGIN TURNED POSITIVE (QoQ)",
      "detail": "Op margin: -1.2% -> +22.3%",
      "severity": "HIGH"
    },
    {
      "quarter": "2022-03 (Q1)",
      "signal": "FCF MARGIN EXPANSION",
      "detail": "FCF margin: -79.4% -> -45.0% (+34.4%)",
      "severity": "MEDIUM"
    },
    {
      "quarter": "2022-03 (Q1)",
      "signal": "OPERATING LEVERAGE",
      "detail": "Rev growth +2.4% vs OpEx growth +1.1% (leverage: 2.2x)",
      "severity": "MEDIUM"
    },
    {
      "quarter": "2021-06 (Q2)",
      "signal": "FCF TURNED POSITIVE",
      "detail": "FCF margin: -116.9% -> +44.9%",
      "severity": "HIGH"
    },
    {
      "quarter": "2021-06 (Q2)",
      "signal": "OP MARGIN TURNED POSITIVE (QoQ)",
      "detail": "Op margin: -22.0% -> +16.1%",
      "severity": "HIGH"
    }
  ],
  "data_quality": {
    "n_quarters": 20,
    "coverage": {
      "revenue": [
        20,
        20
      ],
      "gross_profit": [
        0,
        20
      ],
      "op_income": [
        20,
        20
      ],
      "fcf": [
        20,
        20
      ]
    },
    "gaps": [],
    "warnings": [
      "gross_profit: no data"
    ]
  },
  "market_cap": null,
  "source": "SEC EDGAR",
  "last_updated": "2026-02-24T10:55:32.744814"
}