{
  "ticker": "INVA",
  "name": "INNOVIVA, INC.",
  "quarters": [
    {
      "date": "2020-12-31T00:00:00",
      "quarter_label": "2020-12 (Q4)",
      "revenue": 90476000,
      "gross_profit": null,
      "operating_income": 84787000,
      "net_income": null,
      "opex": 5689000,
      "cogs": null,
      "rd": 219000,
      "sga": null,
      "fcf": 85280000,
      "ocf": 85280000,
      "capex": null,
      "gross_margin": null,
      "op_margin": 0.9371214465714665,
      "fcf_margin": 0.9425704054113798
    },
    {
      "date": "2021-03-31T00:00:00",
      "quarter_label": "2021-03 (Q1)",
      "revenue": 85518000,
      "gross_profit": null,
      "operating_income": 79483000,
      "net_income": null,
      "opex": 6035000,
      "cogs": null,
      "rd": 49000,
      "sga": null,
      "fcf": 84107000,
      "ocf": 84107000,
      "capex": null,
      "gross_margin": null,
      "op_margin": 0.9294300615075188,
      "fcf_margin": 0.9835005495918988,
      "fcf_margin_change": 0.04093014418051899
    },
    {
      "date": "2021-06-30T00:00:00",
      "quarter_label": "2021-06 (Q2)",
      "revenue": 100806000,
      "gross_profit": null,
      "operating_income": 96540000,
      "net_income": null,
      "opex": 4266000,
      "cogs": null,
      "rd": 38000,
      "sga": null,
      "fcf": 84614000,
      "ocf": 84614000,
      "capex": null,
      "gross_margin": null,
      "op_margin": 0.957681090411285,
      "fcf_margin": 0.8393746403983889,
      "op_leverage_ratio": Infinity,
      "fcf_margin_change": -0.14412590919350987
    },
    {
      "date": "2021-09-30T00:00:00",
      "quarter_label": "2021-09 (Q3)",
      "revenue": 97862000,
      "gross_profit": null,
      "operating_income": 94553000,
      "net_income": null,
      "opex": 3309000,
      "cogs": null,
      "rd": 449000,
      "sga": 2860000,
      "fcf": 96711000,
      "ocf": 96711000,
      "capex": null,
      "gross_margin": null,
      "op_margin": 0.9661870797653839,
      "fcf_margin": 0.9882385399848767,
      "fcf_margin_change": 0.1488638995864877
    },
    {
      "date": "2021-12-31T00:00:00",
      "quarter_label": "2021-12 (Q4)",
      "revenue": 107680000,
      "gross_profit": null,
      "operating_income": 104527000,
      "net_income": null,
      "opex": 3153000,
      "cogs": null,
      "rd": 40000,
      "sga": 3113000,
      "fcf": 98381000,
      "ocf": 98381000,
      "capex": null,
      "gross_margin": null,
      "op_margin": 0.9707187964338782,
      "fcf_margin": 0.9136422734026746,
      "incr_op_margin_yoy": 1.1474075796326435,
      "rev_growth_yoy": 0.19014987399973474,
      "op_leverage_ratio": Infinity,
      "fcf_margin_change": -0.07459626658220209
    },
    {
      "date": "2022-03-31T00:00:00",
      "quarter_label": "2022-03 (Q1)",
      "revenue": 90059000,
      "gross_profit": null,
      "operating_income": 77729000,
      "net_income": null,
      "opex": 12330000,
      "cogs": null,
      "rd": 5838000,
      "sga": 6492000,
      "fcf": 98093000,
      "ocf": 98102000,
      "capex": -9000,
      "gross_margin": null,
      "op_margin": 0.8630897522735096,
      "fcf_margin": 1.0892081857449005,
      "incr_op_margin_yoy": -0.38625853336269544,
      "rev_growth_yoy": 0.053099932178021,
      "rev_growth_yoy_accel": -0.13704994182171373,
      "fcf_margin_change": 0.17556591234222596
    },
    {
      "date": "2022-06-30T00:00:00",
      "quarter_label": "2022-06 (Q2)",
      "revenue": 108220000,
      "gross_profit": null,
      "operating_income": 82554000,
      "net_income": null,
      "opex": 25666000,
      "cogs": null,
      "rd": 13884000,
      "sga": 11782000,
      "fcf": 79022000,
      "ocf": 79035000,
      "capex": -13000,
      "gross_margin": null,
      "op_margin": 0.7628349658103862,
      "fcf_margin": 0.7301977453335797,
      "incr_op_margin_yoy": -1.8864310763420555,
      "rev_growth_yoy": 0.07354720949149852,
      "rev_growth_yoy_accel": 0.02044727731347752,
      "op_leverage_ratio": 0.18644473672471448,
      "fcf_margin_change": -0.3590104404113208
    },
    {
      "date": "2022-09-30T00:00:00",
      "quarter_label": "2022-09 (Q3)",
      "revenue": 67257000,
      "gross_profit": null,
      "operating_income": null,
      "net_income": null,
      "opex": -219167000,
      "cogs": null,
      "rd": 11725000,
      "sga": 27810000,
      "fcf": 15679000,
      "ocf": 15690000,
      "capex": -11000,
      "gross_margin": null,
      "op_margin": null,
      "fcf_margin": 0.23312071605929494,
      "rev_growth_yoy": -0.3127363021397478,
      "rev_growth_yoy_accel": -0.3862835116312463,
      "fcf_margin_change": -0.49707702927428477
    },
    {
      "date": "2022-12-31T00:00:00",
      "quarter_label": "2022-12 (Q4)",
      "revenue": 65803000,
      "gross_profit": null,
      "operating_income": null,
      "net_income": null,
      "opex": 130491000,
      "cogs": null,
      "rd": 9985000,
      "sga": 17454000,
      "fcf": 8865000,
      "ocf": 8899000,
      "capex": -34000,
      "gross_margin": null,
      "op_margin": null,
      "fcf_margin": 0.13472030150601036,
      "rev_growth_yoy": -0.3889023031203566,
      "rev_growth_yoy_accel": -0.07616600098060883,
      "fcf_margin_change": -0.09840041455328458
    },
    {
      "date": "2023-03-31T00:00:00",
      "quarter_label": "2023-03 (Q1)",
      "revenue": 76372000,
      "gross_profit": null,
      "operating_income": null,
      "net_income": null,
      "opex": 35232000,
      "cogs": null,
      "rd": 12588000,
      "sga": 19735000,
      "fcf": 25651000,
      "ocf": 25684000,
      "capex": -33000,
      "gross_margin": null,
      "op_margin": null,
      "fcf_margin": 0.3358691667103127,
      "rev_growth_yoy": -0.15197814765875703,
      "rev_growth_yoy_accel": 0.2369241554615996,
      "op_leverage_ratio": Infinity,
      "fcf_margin_change": 0.20114886520430234
    },
    {
      "date": "2023-06-30T00:00:00",
      "quarter_label": "2023-06 (Q2)",
      "revenue": 80992000,
      "gross_profit": null,
      "operating_income": null,
      "net_income": null,
      "opex": 75187000,
      "cogs": null,
      "rd": 14989000,
      "sga": 23542000,
      "fcf": 38182000,
      "ocf": 38182000,
      "capex": null,
      "gross_margin": null,
      "op_margin": null,
      "fcf_margin": 0.47142927696562625,
      "rev_growth_yoy": -0.25159859545370544,
      "rev_growth_yoy_accel": -0.09962044779494841,
      "op_leverage_ratio": 0.053342574687100686,
      "fcf_margin_change": 0.13556011025531356
    },
    {
      "date": "2023-09-30T00:00:00",
      "quarter_label": "2023-09 (Q3)",
      "revenue": 67259000,
      "gross_profit": null,
      "operating_income": null,
      "net_income": null,
      "opex": -18693000,
      "cogs": null,
      "rd": 3989000,
      "sga": 28636000,
      "fcf": 43715000,
      "ocf": 43942000,
      "capex": -227000,
      "gross_margin": null,
      "op_margin": null,
      "fcf_margin": 0.6499501925392884,
      "rev_growth_yoy": 2.9736681683690918e-05,
      "rev_growth_yoy_accel": 0.25162833213538915,
      "fcf_margin_change": 0.17852091557366218
    },
    {
      "date": "2023-12-31T00:00:00",
      "quarter_label": "2023-12 (Q4)",
      "revenue": 85840000,
      "gross_profit": null,
      "operating_income": null,
      "net_income": null,
      "opex": 24639000,
      "cogs": null,
      "rd": 2356000,
      "sga": 26319000,
      "fcf": 33105000,
      "ocf": 33256000,
      "capex": -151000,
      "gross_margin": null,
      "op_margin": null,
      "fcf_margin": 0.38565936626281455,
      "rev_growth_yoy": 0.3044997948421804,
      "rev_growth_yoy_accel": 0.3044700581604967,
      "op_leverage_ratio": Infinity,
      "fcf_margin_change": -0.2642908262764739
    },
    {
      "date": "2024-03-31T00:00:00",
      "quarter_label": "2024-03 (Q1)",
      "revenue": 77499000,
      "gross_profit": 60088000,
      "operating_income": 25805000,
      "net_income": null,
      "opex": 34283000,
      "cogs": null,
      "rd": 3878000,
      "sga": 30405000,
      "fcf": 37047000,
      "ocf": 37047000,
      "capex": null,
      "gross_margin": 0.7753390366327307,
      "op_margin": 0.3329720383488819,
      "fcf_margin": 0.47803197460612395,
      "rev_growth_yoy": 0.014756717121458126,
      "rev_growth_yoy_accel": -0.2897430777207223,
      "fcf_margin_change": 0.0923726083433094
    },
    {
      "date": "2024-06-30T00:00:00",
      "quarter_label": "2024-06 (Q2)",
      "revenue": 99898000,
      "gross_profit": 84986000,
      "operating_income": 54686000,
      "net_income": null,
      "opex": 30300000,
      "cogs": null,
      "rd": 2560000,
      "sga": 27740000,
      "fcf": 43718000,
      "ocf": 43718000,
      "capex": null,
      "gross_margin": 0.8507277422971431,
      "op_margin": 0.5474183667340687,
      "fcf_margin": 0.4376263789064846,
      "rev_growth_yoy": 0.2334304622678783,
      "rev_growth_yoy_accel": 0.21867374514642018,
      "op_leverage_ratio": Infinity,
      "fcf_margin_change": -0.04040559569963936
    },
    {
      "date": "2024-09-30T00:00:00",
      "quarter_label": "2024-09 (Q3)",
      "revenue": 89508000,
      "gross_profit": 73007000,
      "operating_income": 43237000,
      "net_income": null,
      "opex": 29770000,
      "cogs": null,
      "rd": 3551000,
      "sga": 26219000,
      "fcf": 48416000,
      "ocf": 48686000,
      "capex": -270000,
      "gross_margin": 0.8156477633284176,
      "op_margin": 0.4830517942530277,
      "fcf_margin": 0.5409125441301336,
      "rev_growth_yoy": 0.33079587861847487,
      "rev_growth_yoy_accel": 0.09736541635059656,
      "fcf_margin_change": 0.10328616522364897
    },
    {
      "date": "2024-12-31T00:00:00",
      "quarter_label": "2024-12 (Q4)",
      "revenue": 91806000,
      "gross_profit": null,
      "operating_income": null,
      "net_income": null,
      "opex": 226970000,
      "cogs": null,
      "rd": 3665000,
      "sga": 31326000,
      "fcf": 59239000,
      "ocf": 59239000,
      "capex": null,
      "gross_margin": null,
      "op_margin": null,
      "fcf_margin": 0.6452628368516219,
      "rev_growth_yoy": 0.06950139794967382,
      "rev_growth_yoy_accel": -0.26129448066880107,
      "op_leverage_ratio": 0.0038757887268521603,
      "fcf_margin_change": 0.10435029272148832
    },
    {
      "date": "2025-03-31T00:00:00",
      "quarter_label": "2025-03 (Q1)",
      "revenue": 88632000,
      "gross_profit": 73315000,
      "operating_income": 41428000,
      "net_income": null,
      "opex": 31887000,
      "cogs": null,
      "rd": 4396000,
      "sga": 27491000,
      "fcf": 48617000,
      "ocf": 48617000,
      "capex": null,
      "gross_margin": 0.8271843126635978,
      "op_margin": 0.4674158317537684,
      "fcf_margin": 0.5485264915606102,
      "incr_op_margin_yoy": 1.4033054881882692,
      "rev_growth_yoy": 0.1436534664963419,
      "rev_growth_yoy_accel": 0.07415206854666807,
      "fcf_margin_change": -0.09673634529101172
    },
    {
      "date": "2025-06-30T00:00:00",
      "quarter_label": "2025-06 (Q2)",
      "revenue": 100283000,
      "gross_profit": 83146000,
      "operating_income": 48751000,
      "net_income": null,
      "opex": 34395000,
      "cogs": null,
      "rd": 7983000,
      "sga": 26412000,
      "fcf": 44073000,
      "ocf": 44073000,
      "capex": null,
      "gross_margin": 0.829113608487979,
      "op_margin": 0.48613424010051554,
      "fcf_margin": 0.43948625390145885,
      "rev_growth_yoy": 0.0038539310096298222,
      "rev_growth_yoy_accel": -0.13979953548671206,
      "op_leverage_ratio": 1.6713168146253676,
      "fcf_margin_change": -0.10904023765915133
    },
    {
      "date": "2025-09-30T00:00:00",
      "quarter_label": "2025-09 (Q3)",
      "revenue": 107800000,
      "gross_profit": 75539000,
      "operating_income": 34578000,
      "net_income": null,
      "opex": 40961000,
      "cogs": null,
      "rd": 13670000,
      "sga": 27291000,
      "fcf": 49727000,
      "ocf": 49727000,
      "capex": null,
      "gross_margin": 0.7007328385899815,
      "op_margin": 0.32076066790352503,
      "fcf_margin": 0.46128942486085345,
      "incr_op_margin_yoy": -0.47337633938333695,
      "rev_growth_yoy": 0.2043616213075926,
      "rev_growth_yoy_accel": 0.20050769029796278,
      "op_leverage_ratio": 0.3926554846433998,
      "fcf_margin_change": 0.021803170959394602
    }
  ],
  "signals": [
    {
      "quarter": "2025-09 (Q3)",
      "signal": "YoY REVENUE GROWTH ACCELERATION",
      "detail": "YoY growth: +20.4% vs prior quarter YoY: +0.4% (accel: +20.1%)",
      "severity": "HIGH"
    },
    {
      "quarter": "2025-06 (Q2)",
      "signal": "OPERATING LEVERAGE",
      "detail": "Rev growth +13.1% vs OpEx growth +7.9% (leverage: 1.7x)",
      "severity": "MEDIUM"
    },
    {
      "quarter": "2025-06 (Q2)",
      "signal": "YoY REVENUE GROWTH DECELERATION",
      "detail": "YoY growth: +0.4% vs prior quarter YoY: +14.4% (decel: -14.0%)",
      "severity": "WARNING"
    },
    {
      "quarter": "2025-03 (Q1)",
      "signal": "YoY REVENUE GROWTH ACCELERATION",
      "detail": "YoY growth: +14.4% vs prior quarter YoY: +7.0% (accel: +7.4%)",
      "severity": "MEDIUM"
    },
    {
      "quarter": "2025-03 (Q1)",
      "signal": "INCREMENTAL MARGIN (YoY)",
      "detail": "YoY Incr OPM: +140.3% vs year-ago OPM: +33.3%",
      "severity": "HIGH"
    },
    {
      "quarter": "2024-12 (Q4)",
      "signal": "FCF MARGIN EXPANSION",
      "detail": "FCF margin: +54.1% -> +64.5% (+10.4%)",
      "severity": "MEDIUM"
    },
    {
      "quarter": "2024-12 (Q4)",
      "signal": "YoY REVENUE GROWTH DECELERATION",
      "detail": "YoY growth: +7.0% vs prior quarter YoY: +33.1% (decel: -26.1%)",
      "severity": "WARNING"
    },
    {
      "quarter": "2024-09 (Q3)",
      "signal": "FCF MARGIN EXPANSION",
      "detail": "FCF margin: +43.8% -> +54.1% (+10.3%)",
      "severity": "MEDIUM"
    },
    {
      "quarter": "2024-09 (Q3)",
      "signal": "YoY REVENUE GROWTH ACCELERATION",
      "detail": "YoY growth: +33.1% vs prior quarter YoY: +23.3% (accel: +9.7%)",
      "severity": "MEDIUM"
    },
    {
      "quarter": "2024-06 (Q2)",
      "signal": "YoY REVENUE GROWTH ACCELERATION",
      "detail": "YoY growth: +23.3% vs prior quarter YoY: +1.5% (accel: +21.9%)",
      "severity": "HIGH"
    },
    {
      "quarter": "2024-03 (Q1)",
      "signal": "FCF MARGIN EXPANSION",
      "detail": "FCF margin: +38.6% -> +47.8% (+9.2%)",
      "severity": "MEDIUM"
    },
    {
      "quarter": "2024-03 (Q1)",
      "signal": "YoY REVENUE GROWTH DECELERATION",
      "detail": "YoY growth: +1.5% vs prior quarter YoY: +30.4% (decel: -29.0%)",
      "severity": "WARNING"
    },
    {
      "quarter": "2023-12 (Q4)",
      "signal": "YoY REVENUE GROWTH ACCELERATION",
      "detail": "YoY growth: +30.4% vs prior quarter YoY: +0.0% (accel: +30.4%)",
      "severity": "HIGH"
    },
    {
      "quarter": "2023-09 (Q3)",
      "signal": "FCF MARGIN EXPANSION",
      "detail": "FCF margin: +47.1% -> +65.0% (+17.9%)",
      "severity": "MEDIUM"
    },
    {
      "quarter": "2023-09 (Q3)",
      "signal": "YoY REVENUE GROWTH ACCELERATION",
      "detail": "YoY growth: +0.0% vs prior quarter YoY: -25.2% (accel: +25.2%)",
      "severity": "HIGH"
    },
    {
      "quarter": "2023-06 (Q2)",
      "signal": "FCF MARGIN EXPANSION",
      "detail": "FCF margin: +33.6% -> +47.1% (+13.6%)",
      "severity": "MEDIUM"
    },
    {
      "quarter": "2023-06 (Q2)",
      "signal": "YoY REVENUE GROWTH DECELERATION",
      "detail": "YoY growth: -25.2% vs prior quarter YoY: -15.2% (decel: -10.0%)",
      "severity": "WARNING"
    },
    {
      "quarter": "2023-03 (Q1)",
      "signal": "FCF MARGIN EXPANSION",
      "detail": "FCF margin: +13.5% -> +33.6% (+20.1%)",
      "severity": "MEDIUM"
    },
    {
      "quarter": "2023-03 (Q1)",
      "signal": "YoY REVENUE GROWTH ACCELERATION",
      "detail": "YoY growth: -15.2% vs prior quarter YoY: -38.9% (accel: +23.7%)",
      "severity": "HIGH"
    },
    {
      "quarter": "2022-12 (Q4)",
      "signal": "YoY REVENUE GROWTH DECELERATION",
      "detail": "YoY growth: -38.9% vs prior quarter YoY: -31.3% (decel: -7.6%)",
      "severity": "WARNING"
    },
    {
      "quarter": "2022-09 (Q3)",
      "signal": "YoY REVENUE GROWTH DECELERATION",
      "detail": "YoY growth: -31.3% vs prior quarter YoY: +7.4% (decel: -38.6%)",
      "severity": "WARNING"
    },
    {
      "quarter": "2022-03 (Q1)",
      "signal": "FCF MARGIN EXPANSION",
      "detail": "FCF margin: +91.4% -> +108.9% (+17.6%)",
      "severity": "MEDIUM"
    },
    {
      "quarter": "2022-03 (Q1)",
      "signal": "YoY REVENUE GROWTH DECELERATION",
      "detail": "YoY growth: +5.3% vs prior quarter YoY: +19.0% (decel: -13.7%)",
      "severity": "WARNING"
    },
    {
      "quarter": "2021-12 (Q4)",
      "signal": "INCREMENTAL MARGIN (YoY)",
      "detail": "YoY Incr OPM: +114.7% vs year-ago OPM: +93.7%",
      "severity": "HIGH"
    },
    {
      "quarter": "2021-09 (Q3)",
      "signal": "FCF MARGIN EXPANSION",
      "detail": "FCF margin: +83.9% -> +98.8% (+14.9%)",
      "severity": "MEDIUM"
    }
  ],
  "data_quality": {
    "n_quarters": 20,
    "coverage": {
      "revenue": [
        20,
        20
      ],
      "gross_profit": [
        6,
        20
      ],
      "op_income": [
        13,
        20
      ],
      "fcf": [
        20,
        20
      ]
    },
    "gaps": [],
    "warnings": [
      "gross_profit: 6/20Q",
      "op_income: 13/20Q"
    ]
  },
  "market_cap": null,
  "source": "SEC EDGAR",
  "last_updated": "2026-02-02T21:49:10.282915",
  "sector": "Healthcare",
  "industry": "Biotechnology"
}