{
  "ticker": "INVE",
  "name": "IDENTIV, INC.",
  "quarters": [
    {
      "date": "2020-12-31T00:00:00",
      "quarter_label": "2020-12 (Q4)",
      "revenue": 24836000,
      "gross_profit": 8584000,
      "operating_income": -325000,
      "net_income": -698000,
      "opex": 8909000,
      "cogs": 16252000,
      "rd": 2383000,
      "sga": null,
      "fcf": 3559000,
      "ocf": 3559000,
      "capex": null,
      "gross_margin": 0.34562731518763085,
      "op_margin": -0.013085843130938959,
      "fcf_margin": 0.14330004831695925
    },
    {
      "date": "2021-03-31T00:00:00",
      "quarter_label": "2021-03 (Q1)",
      "revenue": 22162000,
      "gross_profit": 7692000,
      "operating_income": -1222000,
      "net_income": -1465000,
      "opex": 8914000,
      "cogs": 14470000,
      "rd": 2337000,
      "sga": null,
      "fcf": -411000,
      "ocf": -411000,
      "capex": null,
      "gross_margin": 0.34708058839454925,
      "op_margin": -0.05513942784947207,
      "fcf_margin": -0.018545257648226694,
      "fcf_margin_change": -0.16184530596518595
    },
    {
      "date": "2021-06-30T00:00:00",
      "quarter_label": "2021-06 (Q2)",
      "revenue": 23993000,
      "gross_profit": 8840000,
      "operating_income": -307000,
      "net_income": 2466000,
      "opex": 9147000,
      "cogs": 15153000,
      "rd": 2131000,
      "sga": null,
      "fcf": -2451000,
      "ocf": -2451000,
      "capex": null,
      "gross_margin": 0.3684407952319427,
      "op_margin": -0.0127953986579419,
      "fcf_margin": -0.102154795148585,
      "op_leverage_ratio": 3.1607933465356353,
      "fcf_margin_change": -0.08360953750035831
    },
    {
      "date": "2021-09-30T00:00:00",
      "quarter_label": "2021-09 (Q3)",
      "revenue": 29097000,
      "gross_profit": 11118000,
      "operating_income": 2060000,
      "net_income": 2540000,
      "opex": 9058000,
      "cogs": 17979000,
      "rd": 2088000,
      "sga": null,
      "fcf": 2867000,
      "ocf": 2867000,
      "capex": null,
      "gross_margin": 0.38210124755129393,
      "op_margin": 0.07079767673643331,
      "fcf_margin": 0.09853249475890985,
      "op_leverage_ratio": Infinity,
      "fcf_margin_change": 0.20068728990749485
    },
    {
      "date": "2021-12-31T00:00:00",
      "quarter_label": "2021-12 (Q4)",
      "revenue": 28517000,
      "gross_profit": 9417000,
      "operating_income": -1878000,
      "net_income": -1921000,
      "opex": 11295000,
      "cogs": 19100000,
      "rd": 2117000,
      "sga": null,
      "fcf": 1223000,
      "ocf": 1223000,
      "capex": null,
      "gross_margin": 0.33022407686643057,
      "op_margin": -0.06585545464109128,
      "fcf_margin": 0.04288669916190343,
      "incr_op_margin_yoy": -0.4218962238522141,
      "rev_growth_yoy": 0.14821227250765018,
      "fcf_margin_change": -0.05564579559700642
    },
    {
      "date": "2022-03-31T00:00:00",
      "quarter_label": "2022-03 (Q1)",
      "revenue": 25061000,
      "gross_profit": 8966000,
      "operating_income": -1021000,
      "net_income": -999000,
      "opex": 9987000,
      "cogs": 16095000,
      "rd": 2529000,
      "sga": null,
      "fcf": -34000,
      "ocf": -34000,
      "capex": null,
      "gross_margin": 0.3577670484018994,
      "op_margin": -0.0407405929531942,
      "fcf_margin": -0.0013566896771876622,
      "incr_op_margin_yoy": 0.06933425319075544,
      "rev_growth_yoy": 0.13080949372800288,
      "rev_growth_yoy_accel": -0.0174027787796473,
      "fcf_margin_change": -0.04424338883909109
    },
    {
      "date": "2022-06-30T00:00:00",
      "quarter_label": "2022-06 (Q2)",
      "revenue": 27857000,
      "gross_profit": 10210000,
      "operating_income": -261000,
      "net_income": -251000,
      "opex": 10471000,
      "cogs": 17647000,
      "rd": 2479000,
      "sga": null,
      "fcf": -865000,
      "ocf": -865000,
      "capex": null,
      "gross_margin": 0.366514700075385,
      "op_margin": -0.009369278816814446,
      "fcf_margin": -0.03105144128944251,
      "incr_op_margin_yoy": 0.011904761904761904,
      "rev_growth_yoy": 0.16104697203350976,
      "rev_growth_yoy_accel": 0.030237478305506882,
      "op_leverage_ratio": 2.302122655431491,
      "fcf_margin_change": -0.02969475161225485
    },
    {
      "date": "2022-09-30T00:00:00",
      "quarter_label": "2022-09 (Q3)",
      "revenue": 30996000,
      "gross_profit": 11188000,
      "operating_income": 549000,
      "net_income": 519000,
      "opex": 10639000,
      "cogs": 19808000,
      "rd": 2625000,
      "sga": null,
      "fcf": -2115000,
      "ocf": -2115000,
      "capex": null,
      "gross_margin": 0.36094979997419024,
      "op_margin": 0.017711962833914054,
      "fcf_margin": -0.06823461091753774,
      "incr_op_margin_yoy": -0.7956819378620327,
      "rev_growth_yoy": 0.0652644602536344,
      "rev_growth_yoy_accel": -0.09578251177987536,
      "op_leverage_ratio": 7.023213153229845,
      "fcf_margin_change": -0.03718316962809523
    },
    {
      "date": "2022-12-31T00:00:00",
      "quarter_label": "2022-12 (Q4)",
      "revenue": 29001000,
      "gross_profit": 10580000,
      "operating_income": 400000,
      "net_income": 339000,
      "opex": 10180000,
      "cogs": 18421000,
      "rd": 2283000,
      "sga": null,
      "fcf": -4793000,
      "ocf": -4793000,
      "capex": null,
      "gross_margin": 0.36481500637909037,
      "op_margin": 0.013792627840419297,
      "fcf_margin": -0.16527016309782422,
      "rev_growth_yoy": 0.0169723322930182,
      "rev_growth_yoy_accel": -0.0482921279606162,
      "fcf_margin_change": -0.09703555218028648
    },
    {
      "date": "2023-03-31T00:00:00",
      "quarter_label": "2023-03 (Q1)",
      "revenue": 25997000,
      "gross_profit": 9211000,
      "operating_income": -2732000,
      "net_income": -2719000,
      "opex": 11943000,
      "cogs": 16786000,
      "rd": 2707000,
      "sga": null,
      "fcf": -4698000,
      "ocf": -4698000,
      "capex": null,
      "gross_margin": 0.35431011270531215,
      "op_margin": -0.10508904873639266,
      "fcf_margin": -0.18071315921067815,
      "rev_growth_yoy": 0.03734886876022505,
      "rev_growth_yoy_accel": 0.02037653646720685,
      "fcf_margin_change": -0.015442996112853935
    },
    {
      "date": "2023-06-30T00:00:00",
      "quarter_label": "2023-06 (Q2)",
      "revenue": 29555000,
      "gross_profit": 10848000,
      "operating_income": -1030000,
      "net_income": -1144000,
      "opex": 11878000,
      "cogs": 18707000,
      "rd": 3015000,
      "sga": null,
      "fcf": 1406000,
      "ocf": 1406000,
      "capex": null,
      "gross_margin": 0.3670444933175436,
      "op_margin": -0.03485027914058535,
      "fcf_margin": 0.04757232278802233,
      "incr_op_margin_yoy": -0.45288574793875147,
      "rev_growth_yoy": 0.06095415873927559,
      "rev_growth_yoy_accel": 0.023605289979050537,
      "op_leverage_ratio": Infinity,
      "fcf_margin_change": 0.22828548199870047
    },
    {
      "date": "2023-09-30T00:00:00",
      "quarter_label": "2023-09 (Q3)",
      "revenue": 31846000,
      "gross_profit": 11941000,
      "operating_income": 341000,
      "net_income": -22000,
      "opex": 11600000,
      "cogs": 19905000,
      "rd": 2916000,
      "sga": null,
      "fcf": -322000,
      "ocf": -322000,
      "capex": null,
      "gross_margin": 0.3749607486026503,
      "op_margin": 0.010707781197010614,
      "fcf_margin": -0.01011115995729448,
      "rev_growth_yoy": 0.027422893276551813,
      "rev_growth_yoy_accel": -0.033531265462723774,
      "op_leverage_ratio": Infinity,
      "fcf_margin_change": -0.05768348274531681
    },
    {
      "date": "2023-12-31T00:00:00",
      "quarter_label": "2023-12 (Q4)",
      "revenue": 28985000,
      "gross_profit": 10164000,
      "operating_income": -1634000,
      "net_income": -1604000,
      "opex": 11798000,
      "cogs": 18821000,
      "rd": 2952000,
      "sga": null,
      "fcf": 4771000,
      "ocf": 4771000,
      "capex": null,
      "gross_margin": 0.3506641366223909,
      "op_margin": -0.05637398654476453,
      "fcf_margin": 0.1646023805416595,
      "rev_growth_yoy": -0.0005517051136167718,
      "rev_growth_yoy_accel": -0.027974598390168585,
      "fcf_margin_change": 0.17471354049895396
    },
    {
      "date": "2024-03-31T00:00:00",
      "quarter_label": "2024-03 (Q1)",
      "revenue": 22494000,
      "gross_profit": 8392000,
      "operating_income": -4195000,
      "net_income": -4558000,
      "opex": 12587000,
      "cogs": 14102000,
      "rd": 3011000,
      "sga": null,
      "fcf": -1301000,
      "ocf": -1301000,
      "capex": null,
      "gross_margin": 0.37307726504845734,
      "op_margin": -0.18649417622477105,
      "fcf_margin": -0.057837645594380725,
      "incr_op_margin_yoy": 0.41764202112475024,
      "rev_growth_yoy": -0.13474631688271724,
      "rev_growth_yoy_accel": -0.13419461176910047,
      "fcf_margin_change": -0.22244002613604022
    },
    {
      "date": "2024-06-30T00:00:00",
      "quarter_label": "2024-06 (Q2)",
      "revenue": 6741000,
      "gross_profit": 614000,
      "operating_income": -6720000,
      "net_income": -6216000,
      "opex": 7334000,
      "cogs": 6127000,
      "rd": 966000,
      "sga": null,
      "fcf": -993000,
      "ocf": -993000,
      "capex": null,
      "gross_margin": 0.09108440884141819,
      "op_margin": -0.9968847352024922,
      "fcf_margin": -0.14730752113929685,
      "incr_op_margin_yoy": 0.24940825808713948,
      "rev_growth_yoy": -0.7719167653527322,
      "rev_growth_yoy_accel": -0.637170448470015,
      "fcf_margin_change": -0.08946987554491612
    },
    {
      "date": "2024-09-30T00:00:00",
      "quarter_label": "2024-09 (Q3)",
      "revenue": 6532000,
      "gross_profit": 238000,
      "operating_income": -9553000,
      "net_income": 85949000,
      "opex": 9791000,
      "cogs": 6294000,
      "rd": 1102000,
      "sga": null,
      "fcf": -7216000,
      "ocf": -7216000,
      "capex": null,
      "gross_margin": 0.03643600734843846,
      "op_margin": -1.4624923453766074,
      "fcf_margin": -1.104715248009798,
      "incr_op_margin_yoy": 0.3908509125385162,
      "rev_growth_yoy": -0.7948878980091691,
      "rev_growth_yoy_accel": -0.02297113265643691,
      "fcf_margin_change": -0.957407726870501
    },
    {
      "date": "2024-12-31T00:00:00",
      "quarter_label": "2024-12 (Q4)",
      "revenue": 6697000,
      "gross_profit": -995000,
      "operating_income": -6625000,
      "net_income": -355000,
      "opex": 5630000,
      "cogs": 7692000,
      "rd": 922000,
      "sga": null,
      "fcf": -5923000,
      "ocf": -5923000,
      "capex": null,
      "gross_margin": -0.14857398835299387,
      "op_margin": -0.989248917425713,
      "fcf_margin": -0.8844258623264148,
      "incr_op_margin_yoy": 0.2239321608040201,
      "rev_growth_yoy": -0.7689494566154907,
      "rev_growth_yoy_accel": 0.025938441393678402,
      "op_leverage_ratio": Infinity,
      "fcf_margin_change": 0.22028938568338308
    },
    {
      "date": "2025-03-31T00:00:00",
      "quarter_label": "2025-03 (Q1)",
      "revenue": 5269000,
      "gross_profit": 132000,
      "operating_income": -5468000,
      "net_income": -4789000,
      "opex": 5600000,
      "cogs": 5137000,
      "rd": 787000,
      "sga": null,
      "fcf": -3280000,
      "ocf": -3280000,
      "capex": null,
      "gross_margin": 0.025052192066805846,
      "op_margin": -1.0377680774340483,
      "fcf_margin": -0.6225090149933574,
      "incr_op_margin_yoy": 0.07390420899854862,
      "rev_growth_yoy": -0.7657597581577309,
      "rev_growth_yoy_accel": 0.0031896984577598486,
      "fcf_margin_change": 0.2619168473330574
    },
    {
      "date": "2025-06-30T00:00:00",
      "quarter_label": "2025-06 (Q2)",
      "revenue": 5040000,
      "gross_profit": -474000,
      "operating_income": -6387000,
      "net_income": -6042000,
      "opex": 5913000,
      "cogs": 5514000,
      "rd": 890000,
      "sga": null,
      "fcf": -3568000,
      "ocf": -3568000,
      "capex": null,
      "gross_margin": -0.09404761904761905,
      "op_margin": -1.2672619047619047,
      "fcf_margin": -0.707936507936508,
      "incr_op_margin_yoy": -0.19576719576719576,
      "rev_growth_yoy": -0.2523364485981308,
      "rev_growth_yoy_accel": 0.5134233095596001,
      "fcf_margin_change": -0.08542749294315055
    },
    {
      "date": "2025-09-30T00:00:00",
      "quarter_label": "2025-09 (Q3)",
      "revenue": 5009000,
      "gross_profit": 534000,
      "operating_income": -5582000,
      "net_income": -3451000,
      "opex": 6116000,
      "cogs": 4475000,
      "rd": 828000,
      "sga": null,
      "fcf": -2881000,
      "ocf": -2881000,
      "capex": null,
      "gross_margin": 0.10660810541026153,
      "op_margin": -1.1143940906368537,
      "fcf_margin": -0.5751647035336395,
      "incr_op_margin_yoy": -2.6073539067629676,
      "rev_growth_yoy": -0.23315982853643602,
      "rev_growth_yoy_accel": 0.019176620061694793,
      "fcf_margin_change": 0.1327718044028685
    }
  ],
  "signals": [
    {
      "quarter": "2025-09 (Q3)",
      "signal": "FCF MARGIN EXPANSION",
      "detail": "FCF margin: -70.8% -> -57.5% (+13.3%)",
      "severity": "MEDIUM"
    },
    {
      "quarter": "2025-09 (Q3)",
      "signal": "GROSS MARGIN INFLECTION",
      "detail": "GM: +2.5% -> -9.4% -> +10.7% (reversal +20.1%)",
      "severity": "HIGH"
    },
    {
      "quarter": "2025-06 (Q2)",
      "signal": "YoY REVENUE GROWTH ACCELERATION",
      "detail": "YoY growth: -25.2% vs prior quarter YoY: -76.6% (accel: +51.3%)",
      "severity": "HIGH"
    },
    {
      "quarter": "2025-03 (Q1)",
      "signal": "FCF MARGIN EXPANSION",
      "detail": "FCF margin: -88.4% -> -62.3% (+26.2%)",
      "severity": "MEDIUM"
    },
    {
      "quarter": "2025-03 (Q1)",
      "signal": "GROSS MARGIN INFLECTION",
      "detail": "GM: +3.6% -> -14.9% -> +2.5% (reversal +17.4%)",
      "severity": "HIGH"
    },
    {
      "quarter": "2024-12 (Q4)",
      "signal": "FCF MARGIN EXPANSION",
      "detail": "FCF margin: -110.5% -> -88.4% (+22.0%)",
      "severity": "MEDIUM"
    },
    {
      "quarter": "2024-06 (Q2)",
      "signal": "YoY REVENUE GROWTH DECELERATION",
      "detail": "YoY growth: -77.2% vs prior quarter YoY: -13.5% (decel: -63.7%)",
      "severity": "WARNING"
    },
    {
      "quarter": "2024-03 (Q1)",
      "signal": "GROSS MARGIN INFLECTION",
      "detail": "GM: +37.5% -> +35.1% -> +37.3% (reversal +2.2%)",
      "severity": "MEDIUM"
    },
    {
      "quarter": "2024-03 (Q1)",
      "signal": "YoY REVENUE GROWTH DECELERATION",
      "detail": "YoY growth: -13.5% vs prior quarter YoY: -0.1% (decel: -13.4%)",
      "severity": "WARNING"
    },
    {
      "quarter": "2023-12 (Q4)",
      "signal": "FCF TURNED POSITIVE",
      "detail": "FCF margin: -1.0% -> +16.5%",
      "severity": "HIGH"
    },
    {
      "quarter": "2023-09 (Q3)",
      "signal": "OP MARGIN TURNED POSITIVE (QoQ)",
      "detail": "Op margin: -3.5% -> +1.1%",
      "severity": "HIGH"
    },
    {
      "quarter": "2023-06 (Q2)",
      "signal": "FCF TURNED POSITIVE",
      "detail": "FCF margin: -18.1% -> +4.8%",
      "severity": "HIGH"
    },
    {
      "quarter": "2022-12 (Q4)",
      "signal": "OP MARGIN TURNED POSITIVE (YoY)",
      "detail": "Op margin: -6.6% (year-ago) -> +1.4%",
      "severity": "HIGH"
    },
    {
      "quarter": "2022-09 (Q3)",
      "signal": "OPERATING LEVERAGE",
      "detail": "Rev growth +11.3% vs OpEx growth +1.6% (leverage: 7.0x)",
      "severity": "MEDIUM"
    },
    {
      "quarter": "2022-09 (Q3)",
      "signal": "YoY REVENUE GROWTH DECELERATION",
      "detail": "YoY growth: +6.5% vs prior quarter YoY: +16.1% (decel: -9.6%)",
      "severity": "WARNING"
    },
    {
      "quarter": "2022-09 (Q3)",
      "signal": "OP MARGIN TURNED POSITIVE (QoQ)",
      "detail": "Op margin: -0.9% -> +1.8%",
      "severity": "HIGH"
    },
    {
      "quarter": "2022-06 (Q2)",
      "signal": "OPERATING LEVERAGE",
      "detail": "Rev growth +11.2% vs OpEx growth +4.8% (leverage: 2.3x)",
      "severity": "MEDIUM"
    },
    {
      "quarter": "2022-03 (Q1)",
      "signal": "GROSS MARGIN INFLECTION",
      "detail": "GM: +38.2% -> +33.0% -> +35.8% (reversal +2.8%)",
      "severity": "MEDIUM"
    },
    {
      "quarter": "2021-09 (Q3)",
      "signal": "FCF TURNED POSITIVE",
      "detail": "FCF margin: -10.2% -> +9.9%",
      "severity": "HIGH"
    },
    {
      "quarter": "2021-09 (Q3)",
      "signal": "OP MARGIN TURNED POSITIVE (QoQ)",
      "detail": "Op margin: -1.3% -> +7.1%",
      "severity": "HIGH"
    },
    {
      "quarter": "2021-06 (Q2)",
      "signal": "OPERATING LEVERAGE",
      "detail": "Rev growth +8.3% vs OpEx growth +2.6% (leverage: 3.2x)",
      "severity": "MEDIUM"
    }
  ],
  "data_quality": {
    "n_quarters": 20,
    "coverage": {
      "revenue": [
        20,
        20
      ],
      "gross_profit": [
        20,
        20
      ],
      "op_income": [
        20,
        20
      ],
      "fcf": [
        20,
        20
      ]
    },
    "gaps": [],
    "warnings": []
  },
  "market_cap": null,
  "source": "SEC EDGAR",
  "last_updated": "2026-02-02T23:28:39.008854",
  "sector": "Industrials",
  "industry": "Building Products & Equipment"
}