{
  "ticker": "INVH",
  "name": "Invitation Homes Inc.",
  "sector": "Real Estate",
  "industry": "REIT - Residential",
  "quarters": [
    {
      "date": "2021-03-31T00:00:00",
      "quarter_label": "2021-03 (Q1)",
      "revenue": 475225000,
      "gross_profit": null,
      "operating_income": null,
      "net_income": 57367000,
      "opex": 429428000,
      "cogs": null,
      "rd": null,
      "sga": null,
      "fcf": 240588000,
      "ocf": 240588000,
      "capex": null,
      "gross_margin": null,
      "op_margin": null,
      "fcf_margin": 0.5062612446735757
    },
    {
      "date": "2021-06-30T00:00:00",
      "quarter_label": "2021-06 (Q2)",
      "revenue": 491633000,
      "gross_profit": null,
      "operating_income": null,
      "net_income": 60338000,
      "opex": 439970000,
      "cogs": null,
      "rd": null,
      "sga": null,
      "fcf": 229513000,
      "ocf": 229513000,
      "capex": null,
      "gross_margin": null,
      "op_margin": null,
      "fcf_margin": 0.46683806823382484,
      "op_leverage_ratio": 1.4064481121928893,
      "fcf_margin_change": -0.03942317643975085
    },
    {
      "date": "2021-09-30T00:00:00",
      "quarter_label": "2021-09 (Q3)",
      "revenue": 509532000,
      "gross_profit": null,
      "operating_income": null,
      "net_income": 69177000,
      "opex": 456097000,
      "cogs": null,
      "rd": null,
      "sga": null,
      "fcf": 312213000,
      "ocf": 312213000,
      "capex": null,
      "gross_margin": null,
      "op_margin": null,
      "fcf_margin": 0.6127446362544453,
      "op_leverage_ratio": 0.9932469042809715,
      "fcf_margin_change": 0.14590656802062046
    },
    {
      "date": "2021-12-31T00:00:00",
      "quarter_label": "2021-12 (Q4)",
      "revenue": 520225000,
      "gross_profit": null,
      "operating_income": null,
      "net_income": 74543000,
      "opex": 451551000,
      "cogs": null,
      "rd": null,
      "sga": null,
      "fcf": 125346000,
      "ocf": 125346000,
      "capex": null,
      "gross_margin": null,
      "op_margin": null,
      "fcf_margin": 0.2409457446297275,
      "op_leverage_ratio": null,
      "fcf_margin_change": -0.3717988916247178
    },
    {
      "date": "2022-03-31T00:00:00",
      "quarter_label": "2022-03 (Q1)",
      "revenue": 532310000,
      "gross_profit": null,
      "operating_income": null,
      "net_income": 92615000,
      "opex": 452575000,
      "cogs": null,
      "rd": null,
      "sga": null,
      "fcf": 235034000,
      "ocf": 235034000,
      "capex": null,
      "gross_margin": null,
      "op_margin": null,
      "fcf_margin": 0.44153594709849525,
      "rev_growth_yoy": 0.12012204745120732,
      "op_leverage_ratio": 10.243828231999975,
      "fcf_margin_change": 0.20059020246876774
    },
    {
      "date": "2022-06-30T00:00:00",
      "quarter_label": "2022-06 (Q2)",
      "revenue": 557300000,
      "gross_profit": null,
      "operating_income": null,
      "net_income": 110963000,
      "opex": 466603000,
      "cogs": null,
      "rd": null,
      "sga": null,
      "fcf": 317023000,
      "ocf": 317023000,
      "capex": null,
      "gross_margin": null,
      "op_margin": null,
      "fcf_margin": 0.5688551946886775,
      "rev_growth_yoy": 0.13356914609068146,
      "rev_growth_yoy_accel": 0.013447098639474145,
      "op_leverage_ratio": 1.514594704562433,
      "fcf_margin_change": 0.12731924759018226
    },
    {
      "date": "2022-09-30T00:00:00",
      "quarter_label": "2022-09 (Q3)",
      "revenue": 568675000,
      "gross_profit": null,
      "operating_income": null,
      "net_income": 79179000,
      "opex": 503181000,
      "cogs": null,
      "rd": null,
      "sga": null,
      "fcf": 351889000,
      "ocf": 351889000,
      "capex": null,
      "gross_margin": null,
      "op_margin": null,
      "fcf_margin": 0.6187875324218578,
      "rev_growth_yoy": 0.11607318087970922,
      "rev_growth_yoy_accel": -0.017495965210972242,
      "op_leverage_ratio": 0.2603693946908615,
      "fcf_margin_change": 0.04993233773318029
    },
    {
      "date": "2022-12-31T00:00:00",
      "quarter_label": "2022-12 (Q4)",
      "revenue": 579836000,
      "gross_profit": null,
      "operating_income": null,
      "net_income": 100572000,
      "opex": 496856000,
      "cogs": null,
      "rd": null,
      "sga": null,
      "fcf": 119641000,
      "ocf": 119641000,
      "capex": null,
      "gross_margin": null,
      "op_margin": null,
      "fcf_margin": 0.20633592946971213,
      "rev_growth_yoy": 0.1145869575664376,
      "rev_growth_yoy_accel": -0.0014862233132716257,
      "op_leverage_ratio": null,
      "fcf_margin_change": -0.41245160295214567
    },
    {
      "date": "2023-03-31T00:00:00",
      "quarter_label": "2023-03 (Q1)",
      "revenue": 589890000,
      "gross_profit": null,
      "operating_income": null,
      "net_income": 120242000,
      "opex": 493416000,
      "cogs": null,
      "rd": null,
      "sga": null,
      "fcf": 317791000,
      "ocf": 317791000,
      "capex": null,
      "gross_margin": null,
      "op_margin": null,
      "fcf_margin": 0.5387292546067911,
      "rev_growth_yoy": 0.10817005128590483,
      "rev_growth_yoy_accel": -0.006416906280532764,
      "op_leverage_ratio": null,
      "fcf_margin_change": 0.332393325137079
    },
    {
      "date": "2023-06-30T00:00:00",
      "quarter_label": "2023-06 (Q2)",
      "revenue": 600372000,
      "gross_profit": null,
      "operating_income": null,
      "net_income": 137864000,
      "opex": 503431000,
      "cogs": null,
      "rd": null,
      "sga": null,
      "fcf": 280950000,
      "ocf": 280950000,
      "capex": null,
      "gross_margin": null,
      "op_margin": null,
      "fcf_margin": 0.46795986488377206,
      "rev_growth_yoy": 0.0772869190741073,
      "rev_growth_yoy_accel": -0.03088313221179753,
      "op_leverage_ratio": 0.8754581619916157,
      "fcf_margin_change": -0.07076938972301905
    },
    {
      "date": "2023-09-30T00:00:00",
      "quarter_label": "2023-09 (Q3)",
      "revenue": 617695000,
      "gross_profit": null,
      "operating_income": null,
      "net_income": 131818000,
      "opex": 535529000,
      "cogs": null,
      "rd": null,
      "sga": null,
      "fcf": 420803000,
      "ocf": 420803000,
      "capex": null,
      "gross_margin": null,
      "op_margin": null,
      "fcf_margin": 0.6812472174778815,
      "rev_growth_yoy": 0.08620037807183364,
      "rev_growth_yoy_accel": 0.008913458997726345,
      "op_leverage_ratio": 0.452548008360764,
      "fcf_margin_change": 0.21328735259410947
    },
    {
      "date": "2023-12-31T00:00:00",
      "quarter_label": "2023-12 (Q4)",
      "revenue": 624321000,
      "gross_profit": null,
      "operating_income": null,
      "net_income": 129546000,
      "opex": 542452000,
      "cogs": null,
      "rd": null,
      "sga": null,
      "fcf": 87544000,
      "ocf": 87544000,
      "capex": null,
      "gross_margin": null,
      "op_margin": null,
      "fcf_margin": 0.14022273798254423,
      "rev_growth_yoy": 0.07671996909470954,
      "rev_growth_yoy_accel": -0.0094804089771241,
      "op_leverage_ratio": 0.8297858176419436,
      "fcf_margin_change": -0.5410244794953373
    },
    {
      "date": "2024-03-31T00:00:00",
      "quarter_label": "2024-03 (Q1)",
      "revenue": 646039000,
      "gross_profit": null,
      "operating_income": null,
      "net_income": 142350000,
      "opex": 554377000,
      "cogs": null,
      "rd": null,
      "sga": null,
      "fcf": 265585000,
      "ocf": 265585000,
      "capex": null,
      "gross_margin": null,
      "op_margin": null,
      "fcf_margin": 0.4110974724436141,
      "rev_growth_yoy": 0.09518554306735154,
      "rev_growth_yoy_accel": 0.018465573972641994,
      "op_leverage_ratio": 1.5823946739595338,
      "fcf_margin_change": 0.2708747344610699
    },
    {
      "date": "2024-06-30T00:00:00",
      "quarter_label": "2024-06 (Q2)",
      "revenue": 653451000,
      "gross_profit": null,
      "operating_income": null,
      "net_income": 73188000,
      "opex": 565297000,
      "cogs": null,
      "rd": null,
      "sga": null,
      "fcf": 369797000,
      "ocf": 369797000,
      "capex": null,
      "gross_margin": null,
      "op_margin": null,
      "fcf_margin": 0.5659138940792806,
      "rev_growth_yoy": 0.08841018568487538,
      "rev_growth_yoy_accel": -0.006775357382476158,
      "op_leverage_ratio": 0.5824507918349002,
      "fcf_margin_change": 0.1548164216356665
    },
    {
      "date": "2024-09-30T00:00:00",
      "quarter_label": "2024-09 (Q3)",
      "revenue": 660322000,
      "gross_profit": null,
      "operating_income": null,
      "net_income": 95269000,
      "opex": 590748000,
      "cogs": null,
      "rd": null,
      "sga": null,
      "fcf": 313615000,
      "ocf": 313615000,
      "capex": null,
      "gross_margin": null,
      "op_margin": null,
      "fcf_margin": 0.4749425280393505,
      "rev_growth_yoy": 0.0690097863832474,
      "rev_growth_yoy_accel": -0.019400399301627985,
      "op_leverage_ratio": 0.2335493975578886,
      "fcf_margin_change": -0.09097136603993011
    },
    {
      "date": "2024-12-31T00:00:00",
      "quarter_label": "2024-12 (Q4)",
      "revenue": 659130000,
      "gross_profit": null,
      "operating_income": null,
      "net_income": 143110000,
      "opex": 616274000,
      "cogs": null,
      "rd": null,
      "sga": null,
      "fcf": 132808000,
      "ocf": 132808000,
      "capex": null,
      "gross_margin": null,
      "op_margin": null,
      "fcf_margin": 0.2014898426714002,
      "rev_growth_yoy": 0.055754972201800035,
      "rev_growth_yoy_accel": -0.01325481418144736,
      "fcf_margin_change": -0.2734526853679503
    },
    {
      "date": "2025-03-31T00:00:00",
      "quarter_label": "2025-03 (Q1)",
      "revenue": 674479000,
      "gross_profit": null,
      "operating_income": null,
      "net_income": 165745000,
      "opex": 575789000,
      "cogs": null,
      "rd": null,
      "sga": null,
      "fcf": 300516000,
      "ocf": 300516000,
      "capex": null,
      "gross_margin": null,
      "op_margin": null,
      "fcf_margin": 0.44555278963466616,
      "rev_growth_yoy": 0.04402211012028685,
      "rev_growth_yoy_accel": -0.011732862081513182,
      "op_leverage_ratio": null,
      "fcf_margin_change": 0.24406294696326597
    },
    {
      "date": "2025-06-30T00:00:00",
      "quarter_label": "2025-06 (Q2)",
      "revenue": 681401000,
      "gross_profit": null,
      "operating_income": null,
      "net_income": 140887000,
      "opex": 579600000,
      "cogs": null,
      "rd": null,
      "sga": null,
      "fcf": 382462000,
      "ocf": 382462000,
      "capex": null,
      "gross_margin": null,
      "op_margin": null,
      "fcf_margin": 0.5612876999006459,
      "rev_growth_yoy": 0.04277290875673922,
      "rev_growth_yoy_accel": -0.0012492013635476348,
      "op_leverage_ratio": 1.5505564344413667,
      "fcf_margin_change": 0.1157349102659797
    },
    {
      "date": "2025-09-30T00:00:00",
      "quarter_label": "2025-09 (Q3)",
      "revenue": 688166000,
      "gross_profit": null,
      "operating_income": null,
      "net_income": 136738000,
      "opex": 597212000,
      "cogs": null,
      "rd": null,
      "sga": null,
      "fcf": 394602000,
      "ocf": 394602000,
      "capex": null,
      "gross_margin": null,
      "op_margin": null,
      "fcf_margin": 0.5734110665159279,
      "rev_growth_yoy": 0.04216730625361566,
      "rev_growth_yoy_accel": -0.0006056025031235604,
      "fcf_margin_change": 0.012123366615282016
    },
    {
      "date": "2025-12-31T00:00:00",
      "quarter_label": "2025-12 (Q4)",
      "revenue": 685250000,
      "gross_profit": null,
      "operating_income": null,
      "net_income": 144554000,
      "opex": 589069000,
      "cogs": null,
      "rd": null,
      "sga": null,
      "fcf": 128650000,
      "ocf": 128650000,
      "capex": null,
      "gross_margin": null,
      "op_margin": null,
      "fcf_margin": 0.1877417001094491,
      "rev_growth_yoy": 0.039627994477568915,
      "rev_growth_yoy_accel": -0.002539311776046743,
      "fcf_margin_change": -0.38566936640647875
    }
  ],
  "signals": [
    {
      "quarter": "2025-06 (Q2)",
      "signal": "FCF MARGIN EXPANSION",
      "detail": "FCF margin: +44.6% -> +56.1% (+11.6%)",
      "severity": "MEDIUM"
    },
    {
      "quarter": "2025-06 (Q2)",
      "signal": "OPERATING LEVERAGE",
      "detail": "Rev growth +1.0% vs OpEx growth +0.7% (leverage: 1.6x)",
      "severity": "MEDIUM"
    },
    {
      "quarter": "2025-03 (Q1)",
      "signal": "FCF MARGIN EXPANSION",
      "detail": "FCF margin: +20.1% -> +44.6% (+24.4%)",
      "severity": "MEDIUM"
    },
    {
      "quarter": "2024-06 (Q2)",
      "signal": "FCF MARGIN EXPANSION",
      "detail": "FCF margin: +41.1% -> +56.6% (+15.5%)",
      "severity": "MEDIUM"
    },
    {
      "quarter": "2024-03 (Q1)",
      "signal": "FCF MARGIN EXPANSION",
      "detail": "FCF margin: +14.0% -> +41.1% (+27.1%)",
      "severity": "MEDIUM"
    },
    {
      "quarter": "2024-03 (Q1)",
      "signal": "OPERATING LEVERAGE",
      "detail": "Rev growth +3.5% vs OpEx growth +2.2% (leverage: 1.6x)",
      "severity": "MEDIUM"
    },
    {
      "quarter": "2023-09 (Q3)",
      "signal": "FCF MARGIN EXPANSION",
      "detail": "FCF margin: +46.8% -> +68.1% (+21.3%)",
      "severity": "MEDIUM"
    },
    {
      "quarter": "2023-03 (Q1)",
      "signal": "FCF MARGIN EXPANSION",
      "detail": "FCF margin: +20.6% -> +53.9% (+33.2%)",
      "severity": "MEDIUM"
    },
    {
      "quarter": "2022-06 (Q2)",
      "signal": "FCF MARGIN EXPANSION",
      "detail": "FCF margin: +44.2% -> +56.9% (+12.7%)",
      "severity": "MEDIUM"
    },
    {
      "quarter": "2022-06 (Q2)",
      "signal": "OPERATING LEVERAGE",
      "detail": "Rev growth +4.7% vs OpEx growth +3.1% (leverage: 1.5x)",
      "severity": "MEDIUM"
    },
    {
      "quarter": "2022-03 (Q1)",
      "signal": "FCF MARGIN EXPANSION",
      "detail": "FCF margin: +24.1% -> +44.2% (+20.1%)",
      "severity": "MEDIUM"
    },
    {
      "quarter": "2022-03 (Q1)",
      "signal": "OPERATING LEVERAGE",
      "detail": "Rev growth +2.3% vs OpEx growth +0.2% (leverage: 10.2x)",
      "severity": "MEDIUM"
    },
    {
      "quarter": "2021-09 (Q3)",
      "signal": "FCF MARGIN EXPANSION",
      "detail": "FCF margin: +46.7% -> +61.3% (+14.6%)",
      "severity": "MEDIUM"
    }
  ],
  "data_quality": {
    "n_quarters": 20,
    "coverage": {
      "revenue": [
        20,
        20
      ],
      "gross_profit": [
        0,
        20
      ],
      "op_income": [
        0,
        20
      ],
      "fcf": [
        20,
        20
      ]
    },
    "gaps": [],
    "warnings": [
      "gross_profit: no data",
      "op_income: no data"
    ]
  },
  "market_cap": null,
  "source": "SEC EDGAR",
  "last_updated": "2026-02-24T10:21:55.983965"
}