{
  "ticker": "INVU",
  "name": "Investview, Inc.",
  "quarters": [
    {
      "date": "2020-09-30T00:00:00",
      "quarter_label": "2020-09 (Q3)",
      "revenue": 7753337,
      "gross_profit": 6028528,
      "operating_income": 571017,
      "net_income": -1187760,
      "opex": 7182320,
      "cogs": 1724809,
      "rd": null,
      "sga": null,
      "fcf": null,
      "ocf": null,
      "capex": null,
      "gross_margin": 0.7775397870620095,
      "op_margin": 0.07364790154226496,
      "fcf_margin": null
    },
    {
      "date": "2020-12-31T00:00:00",
      "quarter_label": "2020-12 (Q4)",
      "revenue": 7875038,
      "gross_profit": 5819659,
      "operating_income": -1573661,
      "net_income": 1725779,
      "opex": 9448699,
      "cogs": 2055379,
      "rd": null,
      "sga": null,
      "fcf": 418477,
      "ocf": 1007590,
      "capex": -589113,
      "gross_margin": 0.7390007514884372,
      "op_margin": -0.19982900399972672,
      "fcf_margin": 0.05313968008789291,
      "op_leverage_ratio": 0.049743655732075176
    },
    {
      "date": "2021-03-31T00:00:00",
      "quarter_label": "2021-03 (Q1)",
      "revenue": 17053970,
      "gross_profit": null,
      "operating_income": 4850476,
      "net_income": 4941561,
      "opex": 12203494,
      "cogs": null,
      "rd": null,
      "sga": 27651,
      "fcf": 4703706,
      "ocf": 5331203,
      "capex": -627497,
      "gross_margin": null,
      "op_margin": 0.28441917043362924,
      "fcf_margin": 0.2758129631985983,
      "op_leverage_ratio": 3.9978106680683023,
      "fcf_margin_change": 0.22267328311070542
    },
    {
      "date": "2021-06-30T00:00:00",
      "quarter_label": "2021-06 (Q2)",
      "revenue": 25626565,
      "gross_profit": null,
      "operating_income": 10537450,
      "net_income": 8772658,
      "opex": 15089115,
      "cogs": null,
      "rd": null,
      "sga": null,
      "fcf": 6702593,
      "ocf": 6764171,
      "capex": -61578,
      "gross_margin": null,
      "op_margin": 0.41119244814902034,
      "fcf_margin": 0.2615486312738364,
      "op_leverage_ratio": 2.12584557765435,
      "fcf_margin_change": -0.014264331924761953
    },
    {
      "date": "2021-09-30T00:00:00",
      "quarter_label": "2021-09 (Q3)",
      "revenue": 23371100,
      "gross_profit": null,
      "operating_income": 7403582,
      "net_income": 8374591,
      "opex": 15967518,
      "cogs": null,
      "rd": null,
      "sga": null,
      "fcf": 7111180,
      "ocf": 7893592,
      "capex": -782412,
      "gross_margin": null,
      "op_margin": 0.3167836344887489,
      "fcf_margin": 0.30427237057733697,
      "incr_op_margin_yoy": 0.4374867898814958,
      "rev_growth_yoy": 2.0143278952017694,
      "fcf_margin_change": 0.042723739303500596
    },
    {
      "date": "2022-03-31T00:00:00",
      "quarter_label": "2022-03 (Q1)",
      "revenue": 17748059,
      "gross_profit": null,
      "operating_income": 4284522,
      "net_income": 2379029,
      "opex": 13463537,
      "cogs": null,
      "rd": null,
      "sga": 11754,
      "fcf": -1944495,
      "ocf": 4071715,
      "capex": -6016210,
      "gross_margin": null,
      "op_margin": 0.24140791959278476,
      "fcf_margin": -0.10956099481075648,
      "rev_growth_yoy": 0.04069955558735004,
      "rev_growth_yoy_accel": -1.9736283396144194,
      "fcf_margin_change": -0.41383336538809345
    },
    {
      "date": "2022-06-30T00:00:00",
      "quarter_label": "2022-06 (Q2)",
      "revenue": 14765621,
      "gross_profit": null,
      "operating_income": 1599429,
      "net_income": -99708,
      "opex": 13166192,
      "cogs": null,
      "rd": null,
      "sga": null,
      "fcf": -4750918,
      "ocf": 419925,
      "capex": -5170843,
      "gross_margin": null,
      "op_margin": 0.10832114680445881,
      "fcf_margin": -0.3217553802850554,
      "incr_op_margin_yoy": 0.8229506569594687,
      "rev_growth_yoy": -0.423815833296425,
      "rev_growth_yoy_accel": -0.4645153888837751,
      "fcf_margin_change": -0.21219438547429892
    },
    {
      "date": "2022-09-30T00:00:00",
      "quarter_label": "2022-09 (Q3)",
      "revenue": 14996159,
      "gross_profit": null,
      "operating_income": 523014,
      "net_income": -420679,
      "opex": 14473145,
      "cogs": null,
      "rd": null,
      "sga": null,
      "fcf": -1235473,
      "ocf": 2842834,
      "capex": -4078307,
      "gross_margin": null,
      "op_margin": 0.034876530716965594,
      "fcf_margin": -0.08238596296558338,
      "incr_op_margin_yoy": 0.8215661459585207,
      "rev_growth_yoy": -0.35834603420463734,
      "rev_growth_yoy_accel": 0.06546979909178768,
      "op_leverage_ratio": 0.15728634423578633,
      "fcf_margin_change": 0.23936941731947203
    },
    {
      "date": "2022-12-31T00:00:00",
      "quarter_label": "2022-12 (Q4)",
      "revenue": 14339065,
      "gross_profit": null,
      "operating_income": -15019751,
      "net_income": -14803586,
      "opex": 29358816,
      "cogs": null,
      "rd": null,
      "sga": 5478,
      "fcf": 2023542,
      "ocf": 2026114,
      "capex": -2572,
      "gross_margin": null,
      "op_margin": -1.0474707381548238,
      "fcf_margin": 0.1411209168798663,
      "fcf_margin_change": 0.2235068798454497
    },
    {
      "date": "2023-03-31T00:00:00",
      "quarter_label": "2023-03 (Q1)",
      "revenue": 13566608,
      "gross_profit": null,
      "operating_income": 392372,
      "net_income": 407894,
      "opex": 13174236,
      "cogs": null,
      "rd": null,
      "sga": 252434,
      "fcf": -1016413,
      "ocf": -398653,
      "capex": -617760,
      "gross_margin": null,
      "op_margin": 0.028921894109419245,
      "fcf_margin": -0.07492020112912527,
      "incr_op_margin_yoy": 0.930813251189599,
      "rev_growth_yoy": -0.2356004676342354,
      "fcf_margin_change": -0.21604111800899156
    },
    {
      "date": "2023-06-30T00:00:00",
      "quarter_label": "2023-06 (Q2)",
      "revenue": 17257879,
      "gross_profit": null,
      "operating_income": 1208969,
      "net_income": 597405,
      "opex": 16048910,
      "cogs": null,
      "rd": null,
      "sga": null,
      "fcf": 2598713,
      "ocf": 4389611,
      "capex": -1790898,
      "gross_margin": null,
      "op_margin": 0.0700531623845549,
      "fcf_margin": 0.15058125045377824,
      "incr_op_margin_yoy": -0.15666917309524134,
      "rev_growth_yoy": 0.16878788911079323,
      "rev_growth_yoy_accel": 0.4043883567450286,
      "op_leverage_ratio": 1.2469283303111345,
      "fcf_margin_change": 0.22550145158290352
    },
    {
      "date": "2023-09-30T00:00:00",
      "quarter_label": "2023-09 (Q3)",
      "revenue": 19169640,
      "gross_profit": null,
      "operating_income": 2242755,
      "net_income": 2008314,
      "opex": 16926885,
      "cogs": null,
      "rd": null,
      "sga": null,
      "fcf": 1688850,
      "ocf": 1809429,
      "capex": -120579,
      "gross_margin": null,
      "op_margin": 0.11699515483858852,
      "fcf_margin": 0.08810024601400965,
      "incr_op_margin_yoy": 0.41206393415951814,
      "rev_growth_yoy": 0.2783033308729255,
      "rev_growth_yoy_accel": 0.10951544176213229,
      "op_leverage_ratio": 2.024927926451825,
      "fcf_margin_change": -0.06248100443976859
    },
    {
      "date": "2023-12-31T00:00:00",
      "quarter_label": "2023-12 (Q4)",
      "revenue": 17926744,
      "gross_profit": null,
      "operating_income": 760834,
      "net_income": -181693,
      "opex": 17165910,
      "cogs": null,
      "rd": null,
      "sga": 23601,
      "fcf": 233106,
      "ocf": 264870,
      "capex": -31764,
      "gross_margin": null,
      "op_margin": 0.042441282142479414,
      "fcf_margin": 0.013003253686224335,
      "incr_op_margin_yoy": 4.398549870264313,
      "rev_growth_yoy": 0.25020313388634474,
      "rev_growth_yoy_accel": -0.028100196986580783,
      "fcf_margin_change": -0.07509699232778531
    },
    {
      "date": "2024-03-31T00:00:00",
      "quarter_label": "2024-03 (Q1)",
      "revenue": 15671917,
      "gross_profit": null,
      "operating_income": 1870424,
      "net_income": 1669940,
      "opex": 13801493,
      "cogs": null,
      "rd": null,
      "sga": 11795,
      "fcf": 4796708,
      "ocf": 4799611,
      "capex": -2903,
      "gross_margin": null,
      "op_margin": 0.11934876888385766,
      "fcf_margin": 0.3060702784477483,
      "incr_op_margin_yoy": 0.7020594126562895,
      "rev_growth_yoy": 0.15518315263476323,
      "rev_growth_yoy_accel": -0.09501998125158151,
      "fcf_margin_change": 0.29306702476152396
    },
    {
      "date": "2024-06-30T00:00:00",
      "quarter_label": "2024-06 (Q2)",
      "revenue": 13106681,
      "gross_profit": null,
      "operating_income": 455082,
      "net_income": 532847,
      "opex": 12651599,
      "cogs": null,
      "rd": null,
      "sga": null,
      "fcf": 5472724,
      "ocf": 5476177,
      "capex": -3453,
      "gross_margin": null,
      "op_margin": 0.03472137606767114,
      "fcf_margin": 0.41755223919770384,
      "incr_op_margin_yoy": 0.18160709269950506,
      "rev_growth_yoy": -0.24053929222704598,
      "rev_growth_yoy_accel": -0.3957224448618092,
      "fcf_margin_change": 0.11148196074995553
    },
    {
      "date": "2024-09-30T00:00:00",
      "quarter_label": "2024-09 (Q3)",
      "revenue": 11742881,
      "gross_profit": null,
      "operating_income": -698495,
      "net_income": -810648,
      "opex": 12441376,
      "cogs": null,
      "rd": null,
      "sga": null,
      "fcf": 2747445,
      "ocf": 2747445,
      "capex": null,
      "gross_margin": null,
      "op_margin": -0.05948242173279283,
      "fcf_margin": 0.23396686043229084,
      "incr_op_margin_yoy": 0.39603412471038846,
      "rev_growth_yoy": -0.387422977165977,
      "rev_growth_yoy_accel": -0.14688368493893103,
      "fcf_margin_change": -0.183585378765413
    },
    {
      "date": "2024-12-31T00:00:00",
      "quarter_label": "2024-12 (Q4)",
      "revenue": 11860492,
      "gross_profit": null,
      "operating_income": 67708,
      "net_income": -200970,
      "opex": 11792784,
      "cogs": null,
      "rd": null,
      "sga": null,
      "fcf": -5176481,
      "ocf": -4720892,
      "capex": -455589,
      "gross_margin": null,
      "op_margin": 0.005708700785768415,
      "fcf_margin": -0.43644740875842253,
      "incr_op_margin_yoy": 0.11425934827633273,
      "rev_growth_yoy": -0.3383911768919108,
      "rev_growth_yoy_accel": 0.04903180027406623,
      "op_leverage_ratio": Infinity,
      "fcf_margin_change": -0.6704142691907133
    },
    {
      "date": "2025-03-31T00:00:00",
      "quarter_label": "2025-03 (Q1)",
      "revenue": 10030052,
      "gross_profit": null,
      "operating_income": -413080,
      "net_income": -685866,
      "opex": 10443132,
      "cogs": null,
      "rd": null,
      "sga": null,
      "fcf": -3698488,
      "ocf": -3374578,
      "capex": -323910,
      "gross_margin": null,
      "op_margin": -0.04118423314255998,
      "fcf_margin": -0.36874066056686444,
      "incr_op_margin_yoy": 0.4047427579355408,
      "rev_growth_yoy": -0.35999839713290976,
      "rev_growth_yoy_accel": -0.02160722024099898,
      "fcf_margin_change": 0.06770674819155809
    },
    {
      "date": "2025-06-30T00:00:00",
      "quarter_label": "2025-06 (Q2)",
      "revenue": 10023918,
      "gross_profit": null,
      "operating_income": -17094,
      "net_income": 425497,
      "opex": 10041012,
      "cogs": null,
      "rd": null,
      "sga": null,
      "fcf": -158548,
      "ocf": -340560,
      "capex": 182012,
      "gross_margin": null,
      "op_margin": -0.0017053212127234082,
      "fcf_margin": -0.015816968973608923,
      "incr_op_margin_yoy": 0.15316649382388461,
      "rev_growth_yoy": -0.23520546506014756,
      "rev_growth_yoy_accel": 0.12479293207276221,
      "fcf_margin_change": 0.35292369159325554
    },
    {
      "date": "2025-09-30T00:00:00",
      "quarter_label": "2025-09 (Q3)",
      "revenue": 9052608,
      "gross_profit": null,
      "operating_income": -1037806,
      "net_income": -854143,
      "opex": 10090414,
      "cogs": null,
      "rd": null,
      "sga": null,
      "fcf": 236434,
      "ocf": 609252,
      "capex": -372818,
      "gross_margin": null,
      "op_margin": -0.11464165906664688,
      "fcf_margin": 0.026117777330024673,
      "incr_op_margin_yoy": 0.12612511815715358,
      "rev_growth_yoy": -0.22909820852310434,
      "rev_growth_yoy_accel": 0.006107256537043221,
      "fcf_margin_change": 0.0419347463036336
    }
  ],
  "signals": [
    {
      "quarter": "2025-09 (Q3)",
      "signal": "FCF TURNED POSITIVE",
      "detail": "FCF margin: -1.6% -> +2.6%",
      "severity": "HIGH"
    },
    {
      "quarter": "2025-06 (Q2)",
      "signal": "FCF MARGIN EXPANSION",
      "detail": "FCF margin: -36.9% -> -1.6% (+35.3%)",
      "severity": "MEDIUM"
    },
    {
      "quarter": "2025-06 (Q2)",
      "signal": "YoY REVENUE GROWTH ACCELERATION",
      "detail": "YoY growth: -23.5% vs prior quarter YoY: -36.0% (accel: +12.5%)",
      "severity": "MEDIUM"
    },
    {
      "quarter": "2025-03 (Q1)",
      "signal": "FCF MARGIN EXPANSION",
      "detail": "FCF margin: -43.6% -> -36.9% (+6.8%)",
      "severity": "MEDIUM"
    },
    {
      "quarter": "2024-12 (Q4)",
      "signal": "OP MARGIN TURNED POSITIVE (QoQ)",
      "detail": "Op margin: -5.9% -> +0.6%",
      "severity": "HIGH"
    },
    {
      "quarter": "2024-09 (Q3)",
      "signal": "YoY REVENUE GROWTH DECELERATION",
      "detail": "YoY growth: -38.7% vs prior quarter YoY: -24.1% (decel: -14.7%)",
      "severity": "WARNING"
    },
    {
      "quarter": "2024-06 (Q2)",
      "signal": "FCF MARGIN EXPANSION",
      "detail": "FCF margin: +30.6% -> +41.8% (+11.1%)",
      "severity": "MEDIUM"
    },
    {
      "quarter": "2024-06 (Q2)",
      "signal": "YoY REVENUE GROWTH DECELERATION",
      "detail": "YoY growth: -24.1% vs prior quarter YoY: +15.5% (decel: -39.6%)",
      "severity": "WARNING"
    },
    {
      "quarter": "2024-06 (Q2)",
      "signal": "INCREMENTAL MARGIN (YoY)",
      "detail": "YoY Incr OPM: +18.2% vs year-ago OPM: +7.0%",
      "severity": "MEDIUM"
    },
    {
      "quarter": "2024-03 (Q1)",
      "signal": "FCF MARGIN EXPANSION",
      "detail": "FCF margin: +1.3% -> +30.6% (+29.3%)",
      "severity": "MEDIUM"
    },
    {
      "quarter": "2024-03 (Q1)",
      "signal": "YoY REVENUE GROWTH DECELERATION",
      "detail": "YoY growth: +15.5% vs prior quarter YoY: +25.0% (decel: -9.5%)",
      "severity": "WARNING"
    },
    {
      "quarter": "2024-03 (Q1)",
      "signal": "INCREMENTAL MARGIN (YoY)",
      "detail": "YoY Incr OPM: +70.2% vs year-ago OPM: +2.9%",
      "severity": "HIGH"
    },
    {
      "quarter": "2023-12 (Q4)",
      "signal": "OP MARGIN TURNED POSITIVE (YoY)",
      "detail": "Op margin: -104.7% (year-ago) -> +4.2%",
      "severity": "HIGH"
    },
    {
      "quarter": "2023-09 (Q3)",
      "signal": "OPERATING LEVERAGE",
      "detail": "Rev growth +11.1% vs OpEx growth +5.5% (leverage: 2.0x)",
      "severity": "MEDIUM"
    },
    {
      "quarter": "2023-09 (Q3)",
      "signal": "YoY REVENUE GROWTH ACCELERATION",
      "detail": "YoY growth: +27.8% vs prior quarter YoY: +16.9% (accel: +11.0%)",
      "severity": "MEDIUM"
    },
    {
      "quarter": "2023-09 (Q3)",
      "signal": "INCREMENTAL MARGIN (YoY)",
      "detail": "YoY Incr OPM: +41.2% vs year-ago OPM: +3.5%",
      "severity": "HIGH"
    },
    {
      "quarter": "2023-06 (Q2)",
      "signal": "FCF TURNED POSITIVE",
      "detail": "FCF margin: -7.5% -> +15.1%",
      "severity": "HIGH"
    },
    {
      "quarter": "2023-06 (Q2)",
      "signal": "YoY REVENUE GROWTH ACCELERATION",
      "detail": "YoY growth: +16.9% vs prior quarter YoY: -23.6% (accel: +40.4%)",
      "severity": "HIGH"
    },
    {
      "quarter": "2023-03 (Q1)",
      "signal": "INCREMENTAL MARGIN (YoY)",
      "detail": "YoY Incr OPM: +93.1% vs year-ago OPM: +24.1%",
      "severity": "HIGH"
    },
    {
      "quarter": "2023-03 (Q1)",
      "signal": "OP MARGIN TURNED POSITIVE (QoQ)",
      "detail": "Op margin: -104.7% -> +2.9%",
      "severity": "HIGH"
    },
    {
      "quarter": "2022-12 (Q4)",
      "signal": "FCF TURNED POSITIVE",
      "detail": "FCF margin: -8.2% -> +14.1%",
      "severity": "HIGH"
    },
    {
      "quarter": "2022-09 (Q3)",
      "signal": "FCF MARGIN EXPANSION",
      "detail": "FCF margin: -32.2% -> -8.2% (+23.9%)",
      "severity": "MEDIUM"
    },
    {
      "quarter": "2022-09 (Q3)",
      "signal": "YoY REVENUE GROWTH ACCELERATION",
      "detail": "YoY growth: -35.8% vs prior quarter YoY: -42.4% (accel: +6.5%)",
      "severity": "MEDIUM"
    },
    {
      "quarter": "2022-09 (Q3)",
      "signal": "INCREMENTAL MARGIN (YoY)",
      "detail": "YoY Incr OPM: +82.2% vs year-ago OPM: +31.7%",
      "severity": "HIGH"
    },
    {
      "quarter": "2022-06 (Q2)",
      "signal": "YoY REVENUE GROWTH DECELERATION",
      "detail": "YoY growth: -42.4% vs prior quarter YoY: +4.1% (decel: -46.5%)",
      "severity": "WARNING"
    },
    {
      "quarter": "2022-06 (Q2)",
      "signal": "INCREMENTAL MARGIN (YoY)",
      "detail": "YoY Incr OPM: +82.3% vs year-ago OPM: +41.1%",
      "severity": "HIGH"
    },
    {
      "quarter": "2022-03 (Q1)",
      "signal": "YoY REVENUE GROWTH DECELERATION",
      "detail": "YoY growth: +4.1% vs prior quarter YoY: +201.4% (decel: -197.4%)",
      "severity": "WARNING"
    },
    {
      "quarter": "2021-09 (Q3)",
      "signal": "INCREMENTAL MARGIN (YoY)",
      "detail": "YoY Incr OPM: +43.7% vs year-ago OPM: +7.4%",
      "severity": "HIGH"
    },
    {
      "quarter": "2021-06 (Q2)",
      "signal": "OPERATING LEVERAGE",
      "detail": "Rev growth +50.3% vs OpEx growth +23.6% (leverage: 2.1x)",
      "severity": "MEDIUM"
    },
    {
      "quarter": "2021-03 (Q1)",
      "signal": "FCF MARGIN EXPANSION",
      "detail": "FCF margin: +5.3% -> +27.6% (+22.3%)",
      "severity": "MEDIUM"
    },
    {
      "quarter": "2021-03 (Q1)",
      "signal": "OPERATING LEVERAGE",
      "detail": "Rev growth +116.6% vs OpEx growth +29.2% (leverage: 4.0x)",
      "severity": "MEDIUM"
    },
    {
      "quarter": "2021-03 (Q1)",
      "signal": "OP MARGIN TURNED POSITIVE (QoQ)",
      "detail": "Op margin: -20.0% -> +28.4%",
      "severity": "HIGH"
    }
  ],
  "data_quality": {
    "n_quarters": 20,
    "coverage": {
      "revenue": [
        20,
        20
      ],
      "gross_profit": [
        2,
        20
      ],
      "op_income": [
        20,
        20
      ],
      "fcf": [
        19,
        20
      ]
    },
    "gaps": [
      [
        "2021-09 (Q3)",
        "2022-03 (Q1)",
        182
      ]
    ],
    "warnings": [
      "gross_profit: 2/20Q",
      "gap: 1Q missing between 2021-09 (Q3) and 2022-03 (Q1)"
    ]
  },
  "market_cap": null,
  "source": "SEC EDGAR",
  "last_updated": "2026-02-02T23:39:21.286299",
  "sector": "Technology",
  "industry": "Software - Application"
}