{
  "ticker": "IOSP",
  "name": "INNOSPEC INC.",
  "sector": "Basic Materials",
  "industry": "Specialty Chemicals",
  "quarters": [
    {
      "date": "2021-03-31T00:00:00",
      "quarter_label": "2021-03 (Q1)",
      "revenue": 339600000,
      "gross_profit": 100800000,
      "operating_income": 28200000,
      "net_income": null,
      "opex": 72600000,
      "cogs": 238800000,
      "rd": 9000000,
      "sga": 63600000,
      "fcf": 22700000,
      "ocf": 22700000,
      "capex": null,
      "gross_margin": 0.2968197879858657,
      "op_margin": 0.08303886925795052,
      "fcf_margin": 0.06684334511189635
    },
    {
      "date": "2021-06-30T00:00:00",
      "quarter_label": "2021-06 (Q2)",
      "revenue": 354500000,
      "gross_profit": 108300000,
      "operating_income": 37000000,
      "net_income": null,
      "opex": 71300000,
      "cogs": 246200000,
      "rd": 8600000,
      "sga": 62700000,
      "fcf": -1100000,
      "ocf": -1100000,
      "capex": null,
      "gross_margin": 0.3055007052186178,
      "op_margin": 0.10437235543018336,
      "fcf_margin": -0.0031029619181946405,
      "op_leverage_ratio": null,
      "fcf_margin_change": -0.069946307030091
    },
    {
      "date": "2021-09-30T00:00:00",
      "quarter_label": "2021-09 (Q3)",
      "revenue": 376100000,
      "gross_profit": 112900000,
      "operating_income": 31400000,
      "net_income": null,
      "opex": 81500000,
      "cogs": 263200000,
      "rd": 10300000,
      "sga": 71200000,
      "fcf": 2800000,
      "ocf": 2800000,
      "capex": null,
      "gross_margin": 0.30018612071257644,
      "op_margin": 0.08348843392714704,
      "fcf_margin": 0.007444828503057698,
      "op_leverage_ratio": 0.4259188583755082,
      "fcf_margin_change": 0.010547790421252338
    },
    {
      "date": "2021-12-31T00:00:00",
      "quarter_label": "2021-12 (Q4)",
      "revenue": 413200000,
      "gross_profit": 112900000,
      "operating_income": 35500000,
      "net_income": null,
      "opex": 77400000,
      "cogs": 300300000,
      "rd": 9500000,
      "sga": 69700000,
      "fcf": 68800000,
      "ocf": 68800000,
      "capex": null,
      "gross_margin": 0.27323330106485966,
      "op_margin": 0.08591481122942884,
      "fcf_margin": 0.1665053242981607,
      "op_leverage_ratio": null,
      "fcf_margin_change": 0.159060495795103
    },
    {
      "date": "2022-03-31T00:00:00",
      "quarter_label": "2022-03 (Q1)",
      "revenue": 472400000,
      "gross_profit": 139300000,
      "operating_income": 44300000,
      "net_income": null,
      "opex": 95000000,
      "cogs": 333100000,
      "rd": 10100000,
      "sga": 84900000,
      "fcf": -29000000,
      "ocf": -29000000,
      "capex": null,
      "gross_margin": 0.29487722269263333,
      "op_margin": 0.09377646062658763,
      "fcf_margin": -0.06138865368331922,
      "incr_op_margin_yoy": 0.12123493975903614,
      "rev_growth_yoy": 0.3910482921083628,
      "op_leverage_ratio": 0.6300712839919036,
      "fcf_margin_change": -0.22789397798147992
    },
    {
      "date": "2022-06-30T00:00:00",
      "quarter_label": "2022-06 (Q2)",
      "revenue": 467600000,
      "gross_profit": 139800000,
      "operating_income": 46300000,
      "net_income": null,
      "opex": 93500000,
      "cogs": 327800000,
      "rd": 10100000,
      "sga": 83400000,
      "fcf": -7500000,
      "ocf": -7500000,
      "capex": null,
      "gross_margin": 0.29897348160821213,
      "op_margin": 0.09901625320786997,
      "fcf_margin": -0.0160393498716852,
      "incr_op_margin_yoy": 0.08222811671087533,
      "rev_growth_yoy": 0.31904090267983076,
      "rev_growth_yoy_accel": -0.07200738942853202,
      "fcf_margin_change": 0.04534930381163402
    },
    {
      "date": "2022-09-30T00:00:00",
      "quarter_label": "2022-09 (Q3)",
      "revenue": 513000000,
      "gross_profit": 156000000,
      "operating_income": 50100000,
      "net_income": null,
      "opex": 105900000,
      "cogs": 357000000,
      "rd": 10100000,
      "sga": 95800000,
      "fcf": 39800000,
      "ocf": 39800000,
      "capex": null,
      "gross_margin": 0.30409356725146197,
      "op_margin": 0.0976608187134503,
      "fcf_margin": 0.07758284600389864,
      "incr_op_margin_yoy": 0.13659605551497445,
      "rev_growth_yoy": 0.36399893645307096,
      "rev_growth_yoy_accel": 0.0449580337732402,
      "op_leverage_ratio": 0.7321014652722204,
      "fcf_margin_change": 0.09362219587558385
    },
    {
      "date": "2022-12-31T00:00:00",
      "quarter_label": "2022-12 (Q4)",
      "revenue": 510700000,
      "gross_profit": 151600000,
      "operating_income": 46600000,
      "net_income": null,
      "opex": 105000000,
      "cogs": 359100000,
      "rd": 8400000,
      "sga": 96600000,
      "fcf": 78400000,
      "ocf": 78400000,
      "capex": null,
      "gross_margin": 0.2968474642647347,
      "op_margin": 0.09124730761699627,
      "fcf_margin": 0.15351478363031135,
      "incr_op_margin_yoy": 0.11384615384615385,
      "rev_growth_yoy": 0.23596321393998063,
      "rev_growth_yoy_accel": -0.12803572251309034,
      "fcf_margin_change": 0.0759319376264127
    },
    {
      "date": "2023-03-31T00:00:00",
      "quarter_label": "2023-03 (Q1)",
      "revenue": 509600000,
      "gross_profit": 147800000,
      "operating_income": 41000000,
      "net_income": null,
      "opex": 106800000,
      "cogs": 361800000,
      "rd": 10600000,
      "sga": 96200000,
      "fcf": 21800000,
      "ocf": 21800000,
      "capex": null,
      "gross_margin": 0.2900313971742543,
      "op_margin": 0.0804552590266876,
      "fcf_margin": 0.04277864992150707,
      "incr_op_margin_yoy": -0.08870967741935484,
      "rev_growth_yoy": 0.07874682472480948,
      "rev_growth_yoy_accel": -0.15721638921517114,
      "fcf_margin_change": -0.11073613370880428
    },
    {
      "date": "2023-06-30T00:00:00",
      "quarter_label": "2023-06 (Q2)",
      "revenue": 480400000,
      "gross_profit": 150400000,
      "operating_income": 34200000,
      "net_income": null,
      "opex": 116200000,
      "cogs": 330000000,
      "rd": 10600000,
      "sga": 105600000,
      "fcf": 55000000,
      "ocf": 55000000,
      "capex": null,
      "gross_margin": 0.3130724396336386,
      "op_margin": 0.07119067443796837,
      "fcf_margin": 0.1144879267277269,
      "incr_op_margin_yoy": -0.9453125,
      "rev_growth_yoy": 0.02737382378100941,
      "rev_growth_yoy_accel": -0.051373000943800075,
      "fcf_margin_change": 0.07170927680621983
    },
    {
      "date": "2023-09-30T00:00:00",
      "quarter_label": "2023-09 (Q3)",
      "revenue": 464100000,
      "gross_profit": 137200000,
      "operating_income": 41900000,
      "net_income": null,
      "opex": 95300000,
      "cogs": 326900000,
      "rd": 11600000,
      "sga": 83700000,
      "fcf": 58100000,
      "ocf": 58100000,
      "capex": null,
      "gross_margin": 0.2956259426847662,
      "op_margin": 0.09028226675285499,
      "fcf_margin": 0.12518853695324283,
      "incr_op_margin_yoy": 0.16768916155419222,
      "rev_growth_yoy": -0.09532163742690059,
      "rev_growth_yoy_accel": -0.12269546120791,
      "fcf_margin_change": 0.010700610225515939
    },
    {
      "date": "2023-12-31T00:00:00",
      "quarter_label": "2023-12 (Q4)",
      "revenue": 494700000,
      "gross_profit": 155700000,
      "operating_income": 44500000,
      "net_income": null,
      "opex": 111200000,
      "cogs": 339000000,
      "rd": 8900000,
      "sga": 102300000,
      "fcf": 72400000,
      "ocf": 72400000,
      "capex": null,
      "gross_margin": 0.31473620375985445,
      "op_margin": 0.0899535071760663,
      "fcf_margin": 0.14635132403476855,
      "incr_op_margin_yoy": 0.13125,
      "rev_growth_yoy": -0.03132954767965537,
      "rev_growth_yoy_accel": 0.06399208974724521,
      "op_leverage_ratio": 0.3951897159444329,
      "fcf_margin_change": 0.02116278708152572
    },
    {
      "date": "2024-03-31T00:00:00",
      "quarter_label": "2024-03 (Q1)",
      "revenue": 500200000,
      "gross_profit": 155700000,
      "operating_income": 50500000,
      "net_income": null,
      "opex": 105200000,
      "cogs": 344500000,
      "rd": 11800000,
      "sga": 92700000,
      "fcf": 80600000,
      "ocf": 80600000,
      "capex": null,
      "gross_margin": 0.3112754898040784,
      "op_margin": 0.10095961615353859,
      "fcf_margin": 0.16113554578168732,
      "incr_op_margin_yoy": -1.0106382978723405,
      "rev_growth_yoy": -0.018445839874411302,
      "rev_growth_yoy_accel": 0.01288370780524407,
      "op_leverage_ratio": null,
      "fcf_margin_change": 0.014784221746918763
    },
    {
      "date": "2024-06-30T00:00:00",
      "quarter_label": "2024-06 (Q2)",
      "revenue": 435000000,
      "gross_profit": 126900000,
      "operating_income": 40700000,
      "net_income": null,
      "opex": 86200000,
      "cogs": 308100000,
      "rd": 12200000,
      "sga": 73400000,
      "fcf": 4700000,
      "ocf": 4700000,
      "capex": null,
      "gross_margin": 0.29172413793103447,
      "op_margin": 0.0935632183908046,
      "fcf_margin": 0.010804597701149426,
      "incr_op_margin_yoy": -0.14317180616740088,
      "rev_growth_yoy": -0.09450457951706911,
      "rev_growth_yoy_accel": -0.07605873964265782,
      "fcf_margin_change": -0.1503309480805379
    },
    {
      "date": "2024-09-30T00:00:00",
      "quarter_label": "2024-09 (Q3)",
      "revenue": 443400000,
      "gross_profit": 124100000,
      "operating_income": 45600000,
      "net_income": null,
      "opex": 78500000,
      "cogs": 319300000,
      "rd": 11100000,
      "sga": 66800000,
      "fcf": 73500000,
      "ocf": 73500000,
      "capex": null,
      "gross_margin": 0.2798827244023455,
      "op_margin": 0.10284167794316644,
      "fcf_margin": 0.16576454668470908,
      "incr_op_margin_yoy": -0.178743961352657,
      "rev_growth_yoy": -0.04460245636716225,
      "rev_growth_yoy_accel": 0.049902123149906864,
      "op_leverage_ratio": null,
      "fcf_margin_change": 0.15495994898355966
    },
    {
      "date": "2024-12-31T00:00:00",
      "quarter_label": "2024-12 (Q4)",
      "revenue": 466800000,
      "gross_profit": 136200000,
      "operating_income": 41100000,
      "net_income": null,
      "opex": 95100000,
      "cogs": 330600000,
      "rd": 12700000,
      "sga": 81100000,
      "fcf": 25700000,
      "ocf": 25700000,
      "capex": null,
      "gross_margin": 0.2917737789203085,
      "op_margin": 0.08804627249357326,
      "fcf_margin": 0.055055698371893745,
      "incr_op_margin_yoy": 0.12186379928315412,
      "rev_growth_yoy": -0.056397816858702245,
      "rev_growth_yoy_accel": -0.011795360491539994,
      "op_leverage_ratio": 0.24956388476775843,
      "fcf_margin_change": -0.11070884831281533
    },
    {
      "date": "2025-03-31T00:00:00",
      "quarter_label": "2025-03 (Q1)",
      "revenue": 440800000,
      "gross_profit": 125100000,
      "operating_income": 42500000,
      "net_income": null,
      "opex": 82600000,
      "cogs": 315700000,
      "rd": 12700000,
      "sga": 69300000,
      "fcf": 28300000,
      "ocf": 28300000,
      "capex": null,
      "gross_margin": 0.2838021778584392,
      "op_margin": 0.09641560798548095,
      "fcf_margin": 0.06420145190562614,
      "incr_op_margin_yoy": 0.13468013468013468,
      "rev_growth_yoy": -0.11875249900039984,
      "rev_growth_yoy_accel": -0.0623546821416976,
      "fcf_margin_change": 0.009145753533732391
    },
    {
      "date": "2025-06-30T00:00:00",
      "quarter_label": "2025-06 (Q2)",
      "revenue": 439700000,
      "gross_profit": 123200000,
      "operating_income": 34300000,
      "net_income": null,
      "opex": 88900000,
      "cogs": 316500000,
      "rd": 13600000,
      "sga": 74600000,
      "fcf": 9300000,
      "ocf": 9300000,
      "capex": null,
      "gross_margin": 0.28019103934500794,
      "op_margin": 0.07800773254491698,
      "fcf_margin": 0.021150784625881283,
      "incr_op_margin_yoy": -1.3617021276595744,
      "rev_growth_yoy": 0.010804597701149426,
      "rev_growth_yoy_accel": 0.12955709670154927,
      "fcf_margin_change": -0.04305066727974485
    },
    {
      "date": "2025-09-30T00:00:00",
      "quarter_label": "2025-09 (Q3)",
      "revenue": 441900000,
      "gross_profit": 116700000,
      "operating_income": 5900000,
      "net_income": null,
      "opex": 110800000,
      "cogs": 325200000,
      "rd": 13700000,
      "sga": 71900000,
      "fcf": 39300000,
      "ocf": 39300000,
      "capex": null,
      "gross_margin": 0.2640868974881195,
      "op_margin": 0.013351436976691559,
      "fcf_margin": 0.08893414799728445,
      "incr_op_margin_yoy": 26.466666666666665,
      "rev_growth_yoy": -0.0033829499323410014,
      "rev_growth_yoy_accel": -0.014187547633490427,
      "fcf_margin_change": 0.06778336337140317
    },
    {
      "date": "2025-12-31T00:00:00",
      "quarter_label": "2025-12 (Q4)",
      "revenue": 455600000,
      "gross_profit": 127400000,
      "operating_income": 46800000,
      "net_income": null,
      "opex": 80600000,
      "cogs": 328200000,
      "rd": 11000000,
      "sga": 69300000,
      "fcf": 61400000,
      "ocf": 61400000,
      "capex": null,
      "gross_margin": 0.2796312554872695,
      "op_margin": 0.10272168568920105,
      "fcf_margin": 0.13476733977172958,
      "incr_op_margin_yoy": -0.5089285714285714,
      "rev_growth_yoy": -0.023993144815766924,
      "rev_growth_yoy_accel": -0.02061019488342592,
      "op_leverage_ratio": null,
      "fcf_margin_change": 0.04583319177444513
    }
  ],
  "signals": [
    {
      "quarter": "2025-09 (Q3)",
      "signal": "FCF MARGIN EXPANSION",
      "detail": "FCF margin: +2.1% -> +8.9% (+6.8%)",
      "severity": "MEDIUM"
    },
    {
      "quarter": "2025-09 (Q3)",
      "signal": "INCREMENTAL MARGIN (YoY)",
      "detail": "YoY Incr OPM: +2646.7% vs year-ago OPM: +10.3%",
      "severity": "HIGH"
    },
    {
      "quarter": "2025-06 (Q2)",
      "signal": "YoY REVENUE GROWTH ACCELERATION",
      "detail": "YoY growth: +1.1% vs prior quarter YoY: -11.9% (accel: +13.0%)",
      "severity": "MEDIUM"
    },
    {
      "quarter": "2025-03 (Q1)",
      "signal": "YoY REVENUE GROWTH DECELERATION",
      "detail": "YoY growth: -11.9% vs prior quarter YoY: -5.6% (decel: -6.2%)",
      "severity": "WARNING"
    },
    {
      "quarter": "2024-09 (Q3)",
      "signal": "FCF MARGIN EXPANSION",
      "detail": "FCF margin: +1.1% -> +16.6% (+15.5%)",
      "severity": "MEDIUM"
    },
    {
      "quarter": "2024-06 (Q2)",
      "signal": "YoY REVENUE GROWTH DECELERATION",
      "detail": "YoY growth: -9.5% vs prior quarter YoY: -1.8% (decel: -7.6%)",
      "severity": "WARNING"
    },
    {
      "quarter": "2023-12 (Q4)",
      "signal": "YoY REVENUE GROWTH ACCELERATION",
      "detail": "YoY growth: -3.1% vs prior quarter YoY: -9.5% (accel: +6.4%)",
      "severity": "MEDIUM"
    },
    {
      "quarter": "2023-09 (Q3)",
      "signal": "YoY REVENUE GROWTH DECELERATION",
      "detail": "YoY growth: -9.5% vs prior quarter YoY: +2.7% (decel: -12.3%)",
      "severity": "WARNING"
    },
    {
      "quarter": "2023-06 (Q2)",
      "signal": "FCF MARGIN EXPANSION",
      "detail": "FCF margin: +4.3% -> +11.4% (+7.2%)",
      "severity": "MEDIUM"
    },
    {
      "quarter": "2023-06 (Q2)",
      "signal": "GROSS MARGIN INFLECTION",
      "detail": "GM: +29.7% -> +29.0% -> +31.3% (reversal +2.3%)",
      "severity": "MEDIUM"
    },
    {
      "quarter": "2023-06 (Q2)",
      "signal": "YoY REVENUE GROWTH DECELERATION",
      "detail": "YoY growth: +2.7% vs prior quarter YoY: +7.9% (decel: -5.1%)",
      "severity": "WARNING"
    },
    {
      "quarter": "2023-03 (Q1)",
      "signal": "YoY REVENUE GROWTH DECELERATION",
      "detail": "YoY growth: +7.9% vs prior quarter YoY: +23.6% (decel: -15.7%)",
      "severity": "WARNING"
    },
    {
      "quarter": "2022-12 (Q4)",
      "signal": "FCF MARGIN EXPANSION",
      "detail": "FCF margin: +7.8% -> +15.4% (+7.6%)",
      "severity": "MEDIUM"
    },
    {
      "quarter": "2022-12 (Q4)",
      "signal": "YoY REVENUE GROWTH DECELERATION",
      "detail": "YoY growth: +23.6% vs prior quarter YoY: +36.4% (decel: -12.8%)",
      "severity": "WARNING"
    },
    {
      "quarter": "2022-09 (Q3)",
      "signal": "FCF TURNED POSITIVE",
      "detail": "FCF margin: -1.6% -> +7.8%",
      "severity": "HIGH"
    },
    {
      "quarter": "2022-06 (Q2)",
      "signal": "YoY REVENUE GROWTH DECELERATION",
      "detail": "YoY growth: +31.9% vs prior quarter YoY: +39.1% (decel: -7.2%)",
      "severity": "WARNING"
    },
    {
      "quarter": "2022-03 (Q1)",
      "signal": "GROSS MARGIN INFLECTION",
      "detail": "GM: +30.0% -> +27.3% -> +29.5% (reversal +2.2%)",
      "severity": "MEDIUM"
    },
    {
      "quarter": "2021-12 (Q4)",
      "signal": "FCF MARGIN EXPANSION",
      "detail": "FCF margin: +0.7% -> +16.7% (+15.9%)",
      "severity": "MEDIUM"
    },
    {
      "quarter": "2021-09 (Q3)",
      "signal": "FCF TURNED POSITIVE",
      "detail": "FCF margin: -0.3% -> +0.7%",
      "severity": "HIGH"
    }
  ],
  "data_quality": {
    "n_quarters": 20,
    "coverage": {
      "revenue": [
        20,
        20
      ],
      "gross_profit": [
        20,
        20
      ],
      "op_income": [
        20,
        20
      ],
      "fcf": [
        20,
        20
      ]
    },
    "gaps": [],
    "warnings": []
  },
  "market_cap": null,
  "source": "SEC EDGAR",
  "last_updated": "2026-02-24T10:28:26.156020"
}