{
  "ticker": "IPSC",
  "name": "Century Therapeutics, Inc.",
  "quarters": [
    {
      "date": "2022-03-31T00:00:00",
      "quarter_label": "2022-03 (Q1)",
      "revenue": 1058000,
      "gross_profit": null,
      "operating_income": -37436000,
      "net_income": -37513000,
      "opex": 38494000,
      "cogs": null,
      "rd": null,
      "sga": null,
      "fcf": 82686000,
      "ocf": 86753000,
      "capex": -4067000,
      "gross_margin": null,
      "op_margin": -35.38374291115312,
      "fcf_margin": 78.1531190926276
    },
    {
      "date": "2022-06-30T00:00:00",
      "quarter_label": "2022-06 (Q2)",
      "revenue": 1396000,
      "gross_profit": null,
      "operating_income": -31351000,
      "net_income": -30988000,
      "opex": 32747000,
      "cogs": null,
      "rd": null,
      "sga": null,
      "fcf": -36013000,
      "ocf": -25556000,
      "capex": -10457000,
      "gross_margin": null,
      "op_margin": -22.457736389684815,
      "fcf_margin": -25.79727793696275,
      "op_leverage_ratio": Infinity,
      "fcf_margin_change": -103.95039702959036
    },
    {
      "date": "2022-09-30T00:00:00",
      "quarter_label": "2022-09 (Q3)",
      "revenue": 2224000,
      "gross_profit": null,
      "operating_income": -31738000,
      "net_income": -30749000,
      "opex": 33962000,
      "cogs": null,
      "rd": null,
      "sga": null,
      "fcf": -34050000,
      "ocf": -24238000,
      "capex": -9812000,
      "gross_margin": null,
      "op_margin": -14.27068345323741,
      "fcf_margin": -15.31025179856115,
      "op_leverage_ratio": 15.986012947044468,
      "fcf_margin_change": 10.4870261384016
    },
    {
      "date": "2022-12-31T00:00:00",
      "quarter_label": "2022-12 (Q4)",
      "revenue": 521000,
      "gross_profit": null,
      "operating_income": -33306000,
      "net_income": -31682000,
      "opex": 33827000,
      "cogs": null,
      "rd": null,
      "sga": null,
      "fcf": -29175000,
      "ocf": -22907000,
      "capex": -6268000,
      "gross_margin": null,
      "op_margin": -63.92706333973128,
      "fcf_margin": -55.99808061420345,
      "fcf_margin_change": -40.687828815642305
    },
    {
      "date": "2023-03-31T00:00:00",
      "quarter_label": "2023-03 (Q1)",
      "revenue": 1720000,
      "gross_profit": null,
      "operating_income": -32081000,
      "net_income": -31264000,
      "opex": 33801000,
      "cogs": null,
      "rd": null,
      "sga": null,
      "fcf": -34210000,
      "ocf": -29219000,
      "capex": -4991000,
      "gross_margin": null,
      "op_margin": -18.65174418604651,
      "fcf_margin": -19.88953488372093,
      "rev_growth_yoy": 0.6257088846880907,
      "op_leverage_ratio": Infinity,
      "fcf_margin_change": 36.10854573048252
    },
    {
      "date": "2023-06-30T00:00:00",
      "quarter_label": "2023-06 (Q2)",
      "revenue": 99000,
      "gross_profit": null,
      "operating_income": -35077000,
      "net_income": -33291000,
      "opex": 35176000,
      "cogs": null,
      "rd": null,
      "sga": null,
      "fcf": -23750000,
      "ocf": -19250000,
      "capex": -4500000,
      "gross_margin": null,
      "op_margin": -354.3131313131313,
      "fcf_margin": -239.8989898989899,
      "incr_op_margin_yoy": 2.8727833461835,
      "rev_growth_yoy": -0.9290830945558739,
      "rev_growth_yoy_accel": -1.5547919792439646,
      "fcf_margin_change": -220.00945501526897
    },
    {
      "date": "2023-09-30T00:00:00",
      "quarter_label": "2023-09 (Q3)",
      "revenue": 148000,
      "gross_profit": null,
      "operating_income": -35626000,
      "net_income": -32720000,
      "opex": 35774000,
      "cogs": null,
      "rd": null,
      "sga": null,
      "fcf": -16914000,
      "ocf": -13649000,
      "capex": -3265000,
      "gross_margin": null,
      "op_margin": -240.71621621621622,
      "fcf_margin": -114.28378378378379,
      "incr_op_margin_yoy": 1.8728323699421965,
      "rev_growth_yoy": -0.9334532374100719,
      "rev_growth_yoy_accel": -0.004370142854198011,
      "op_leverage_ratio": 29.114286679504072,
      "fcf_margin_change": 125.6152061152061
    },
    {
      "date": "2023-12-31T00:00:00",
      "quarter_label": "2023-12 (Q4)",
      "revenue": 268000,
      "gross_profit": null,
      "operating_income": -43762000,
      "net_income": -39398000,
      "opex": 44030000,
      "cogs": null,
      "rd": null,
      "sga": null,
      "fcf": -27210000,
      "ocf": -26230000,
      "capex": -980000,
      "gross_margin": null,
      "op_margin": -163.2910447761194,
      "fcf_margin": -101.52985074626865,
      "rev_growth_yoy": -0.4856046065259117,
      "rev_growth_yoy_accel": 0.4478486308841602,
      "op_leverage_ratio": 3.5133170961659337,
      "fcf_margin_change": 12.75393303751514
    },
    {
      "date": "2024-03-31T00:00:00",
      "quarter_label": "2024-03 (Q1)",
      "revenue": 855000,
      "gross_profit": null,
      "operating_income": -31309000,
      "net_income": -28062000,
      "opex": 32164000,
      "cogs": null,
      "rd": null,
      "sga": null,
      "fcf": -30787000,
      "ocf": -30248000,
      "capex": -539000,
      "gross_margin": null,
      "op_margin": -36.6187134502924,
      "fcf_margin": -36.008187134502926,
      "rev_growth_yoy": -0.502906976744186,
      "rev_growth_yoy_accel": -0.017302370218274354,
      "op_leverage_ratio": Infinity,
      "fcf_margin_change": 65.52166361176572
    },
    {
      "date": "2024-06-30T00:00:00",
      "quarter_label": "2024-06 (Q2)",
      "revenue": 771000,
      "gross_profit": null,
      "operating_income": -34755000,
      "net_income": -31207000,
      "opex": 35526000,
      "cogs": null,
      "rd": null,
      "sga": null,
      "fcf": -27597000,
      "ocf": -27332000,
      "capex": -265000,
      "gross_margin": null,
      "op_margin": -45.07782101167315,
      "fcf_margin": -35.793774319066145,
      "rev_growth_yoy": 6.787878787878788,
      "rev_growth_yoy_accel": 7.290785764622974,
      "fcf_margin_change": 0.2144128154367806
    },
    {
      "date": "2024-09-30T00:00:00",
      "quarter_label": "2024-09 (Q3)",
      "revenue": 791000,
      "gross_profit": null,
      "operating_income": -34789000,
      "net_income": -31226000,
      "opex": 35580000,
      "cogs": null,
      "rd": null,
      "sga": null,
      "fcf": -28332000,
      "ocf": -28332000,
      "capex": null,
      "gross_margin": null,
      "op_margin": -43.98103666245259,
      "fcf_margin": -35.81795195954488,
      "rev_growth_yoy": 4.344594594594595,
      "rev_growth_yoy_accel": -2.4432841932841933,
      "op_leverage_ratio": 17.06585963395302,
      "fcf_margin_change": -0.024177640478733053
    },
    {
      "date": "2024-12-31T00:00:00",
      "quarter_label": "2024-12 (Q4)",
      "revenue": 4173000,
      "gross_profit": null,
      "operating_income": -37284000,
      "net_income": -36073000,
      "opex": 41457000,
      "cogs": null,
      "rd": null,
      "sga": null,
      "fcf": -24223000,
      "ocf": -24223000,
      "capex": null,
      "gross_margin": null,
      "op_margin": -8.934579439252337,
      "fcf_margin": -5.804696860771627,
      "incr_op_margin_yoy": 1.658898847631242,
      "rev_growth_yoy": 14.57089552238806,
      "rev_growth_yoy_accel": 10.226300927793465,
      "op_leverage_ratio": 25.88495252550871,
      "fcf_margin_change": 30.01325509877325
    },
    {
      "date": "2025-03-31T00:00:00",
      "quarter_label": "2025-03 (Q1)",
      "revenue": 109164000,
      "gross_profit": null,
      "operating_income": 74176000,
      "net_income": 76560000,
      "opex": 34988000,
      "cogs": null,
      "rd": null,
      "sga": null,
      "fcf": -35098000,
      "ocf": -34623000,
      "capex": -475000,
      "gross_margin": null,
      "op_margin": 0.6794914074236927,
      "fcf_margin": -0.321516250778645,
      "incr_op_margin_yoy": 0.9739264511721094,
      "rev_growth_yoy": 126.67719298245613,
      "rev_growth_yoy_accel": 112.10629746006808,
      "op_leverage_ratio": Infinity,
      "fcf_margin_change": 5.483180609992982
    }
  ],
  "signals": [
    {
      "quarter": "2025-03 (Q1)",
      "signal": "FCF MARGIN EXPANSION",
      "detail": "FCF margin: -580.5% -> -32.2% (+548.3%)",
      "severity": "MEDIUM"
    },
    {
      "quarter": "2025-03 (Q1)",
      "signal": "YoY REVENUE GROWTH ACCELERATION",
      "detail": "YoY growth: +12667.7% vs prior quarter YoY: +1457.1% (accel: +11210.6%)",
      "severity": "HIGH"
    },
    {
      "quarter": "2025-03 (Q1)",
      "signal": "OP MARGIN TURNED POSITIVE (YoY)",
      "detail": "Op margin: -3661.9% (year-ago) -> +67.9%",
      "severity": "HIGH"
    },
    {
      "quarter": "2025-03 (Q1)",
      "signal": "OP MARGIN TURNED POSITIVE (QoQ)",
      "detail": "Op margin: -893.5% -> +67.9%",
      "severity": "HIGH"
    },
    {
      "quarter": "2024-12 (Q4)",
      "signal": "FCF MARGIN EXPANSION",
      "detail": "FCF margin: -3581.8% -> -580.5% (+3001.3%)",
      "severity": "MEDIUM"
    },
    {
      "quarter": "2024-12 (Q4)",
      "signal": "OPERATING LEVERAGE",
      "detail": "Rev growth +427.6% vs OpEx growth +16.5% (leverage: 25.9x)",
      "severity": "MEDIUM"
    },
    {
      "quarter": "2024-12 (Q4)",
      "signal": "YoY REVENUE GROWTH ACCELERATION",
      "detail": "YoY growth: +1457.1% vs prior quarter YoY: +434.5% (accel: +1022.6%)",
      "severity": "HIGH"
    },
    {
      "quarter": "2024-09 (Q3)",
      "signal": "OPERATING LEVERAGE",
      "detail": "Rev growth +2.6% vs OpEx growth +0.2% (leverage: 17.1x)",
      "severity": "MEDIUM"
    },
    {
      "quarter": "2024-09 (Q3)",
      "signal": "YoY REVENUE GROWTH DECELERATION",
      "detail": "YoY growth: +434.5% vs prior quarter YoY: +678.8% (decel: -244.3%)",
      "severity": "WARNING"
    },
    {
      "quarter": "2024-06 (Q2)",
      "signal": "FCF MARGIN EXPANSION",
      "detail": "FCF margin: -3600.8% -> -3579.4% (+21.4%)",
      "severity": "MEDIUM"
    },
    {
      "quarter": "2024-06 (Q2)",
      "signal": "YoY REVENUE GROWTH ACCELERATION",
      "detail": "YoY growth: +678.8% vs prior quarter YoY: -50.3% (accel: +729.1%)",
      "severity": "HIGH"
    },
    {
      "quarter": "2024-03 (Q1)",
      "signal": "FCF MARGIN EXPANSION",
      "detail": "FCF margin: -10153.0% -> -3600.8% (+6552.2%)",
      "severity": "MEDIUM"
    },
    {
      "quarter": "2023-12 (Q4)",
      "signal": "FCF MARGIN EXPANSION",
      "detail": "FCF margin: -11428.4% -> -10153.0% (+1275.4%)",
      "severity": "MEDIUM"
    },
    {
      "quarter": "2023-12 (Q4)",
      "signal": "OPERATING LEVERAGE",
      "detail": "Rev growth +81.1% vs OpEx growth +23.1% (leverage: 3.5x)",
      "severity": "MEDIUM"
    },
    {
      "quarter": "2023-12 (Q4)",
      "signal": "YoY REVENUE GROWTH ACCELERATION",
      "detail": "YoY growth: -48.6% vs prior quarter YoY: -93.3% (accel: +44.8%)",
      "severity": "HIGH"
    },
    {
      "quarter": "2023-09 (Q3)",
      "signal": "FCF MARGIN EXPANSION",
      "detail": "FCF margin: -23989.9% -> -11428.4% (+12561.5%)",
      "severity": "MEDIUM"
    },
    {
      "quarter": "2023-09 (Q3)",
      "signal": "OPERATING LEVERAGE",
      "detail": "Rev growth +49.5% vs OpEx growth +1.7% (leverage: 29.1x)",
      "severity": "MEDIUM"
    },
    {
      "quarter": "2023-06 (Q2)",
      "signal": "YoY REVENUE GROWTH DECELERATION",
      "detail": "YoY growth: -92.9% vs prior quarter YoY: +62.6% (decel: -155.5%)",
      "severity": "WARNING"
    },
    {
      "quarter": "2023-03 (Q1)",
      "signal": "FCF MARGIN EXPANSION",
      "detail": "FCF margin: -5599.8% -> -1989.0% (+3610.9%)",
      "severity": "MEDIUM"
    },
    {
      "quarter": "2022-09 (Q3)",
      "signal": "FCF MARGIN EXPANSION",
      "detail": "FCF margin: -2579.7% -> -1531.0% (+1048.7%)",
      "severity": "MEDIUM"
    },
    {
      "quarter": "2022-09 (Q3)",
      "signal": "OPERATING LEVERAGE",
      "detail": "Rev growth +59.3% vs OpEx growth +3.7% (leverage: 16.0x)",
      "severity": "MEDIUM"
    }
  ],
  "data_quality": {
    "n_quarters": 13,
    "coverage": {
      "revenue": [
        13,
        13
      ],
      "gross_profit": [
        0,
        13
      ],
      "op_income": [
        13,
        13
      ],
      "fcf": [
        13,
        13
      ]
    },
    "gaps": [],
    "warnings": [
      "gross_profit: no data"
    ]
  },
  "market_cap": null,
  "source": "SEC EDGAR",
  "last_updated": "2026-02-02T22:56:01.671449"
}