{
  "ticker": "IQV",
  "name": "IQVIA HOLDINGS INC.",
  "quarters": [
    {
      "date": "2020-12-31T00:00:00",
      "quarter_label": "2020-12 (Q4)",
      "revenue": 3298000000,
      "gross_profit": 1126000000,
      "operating_income": 289000000,
      "net_income": 119000000,
      "opex": 837000000,
      "cogs": 2172000000,
      "rd": null,
      "sga": 491000000,
      "fcf": 750000000,
      "ocf": 750000000,
      "capex": null,
      "gross_margin": 0.34141904184354155,
      "op_margin": 0.08762886597938144,
      "fcf_margin": 0.22741055184960582
    },
    {
      "date": "2021-03-31T00:00:00",
      "quarter_label": "2021-03 (Q1)",
      "revenue": 3409000000,
      "gross_profit": 731000000,
      "operating_income": 342000000,
      "net_income": 212000000,
      "opex": 389000000,
      "cogs": 2293000000,
      "rd": null,
      "sga": 442000000,
      "fcf": 867000000,
      "ocf": 867000000,
      "capex": null,
      "gross_margin": 0.21443238486359636,
      "op_margin": 0.10032267527134058,
      "fcf_margin": 0.2543267820475213,
      "op_leverage_ratio": Infinity,
      "fcf_margin_change": 0.026916230197915475
    },
    {
      "date": "2021-06-30T00:00:00",
      "quarter_label": "2021-06 (Q2)",
      "revenue": 3438000000,
      "gross_profit": 715000000,
      "operating_income": 286000000,
      "net_income": 175000000,
      "opex": 429000000,
      "cogs": 2323000000,
      "rd": null,
      "sga": 482000000,
      "fcf": 539000000,
      "ocf": 539000000,
      "capex": null,
      "gross_margin": 0.20796974985456662,
      "op_margin": 0.08318789994182664,
      "fcf_margin": 0.15677719604421175,
      "fcf_margin_change": -0.09754958600330954
    },
    {
      "date": "2021-09-30T00:00:00",
      "quarter_label": "2021-09 (Q3)",
      "revenue": 3391000000,
      "gross_profit": 727000000,
      "operating_income": 302000000,
      "net_income": 261000000,
      "opex": 425000000,
      "cogs": 2253000000,
      "rd": null,
      "sga": 498000000,
      "fcf": 844000000,
      "ocf": 844000000,
      "capex": null,
      "gross_margin": 0.21439103509289295,
      "op_margin": 0.08905927455028015,
      "fcf_margin": 0.248894131524624,
      "fcf_margin_change": 0.09211693548041225
    },
    {
      "date": "2021-12-31T00:00:00",
      "quarter_label": "2021-12 (Q4)",
      "revenue": 3636000000,
      "gross_profit": 1272000000,
      "operating_income": 463000000,
      "net_income": 318000000,
      "opex": 809000000,
      "cogs": 2364000000,
      "rd": null,
      "sga": 542000000,
      "fcf": 692000000,
      "ocf": 692000000,
      "capex": null,
      "gross_margin": 0.34983498349834985,
      "op_margin": 0.12733773377337734,
      "fcf_margin": 0.19031903190319033,
      "incr_op_margin_yoy": 0.514792899408284,
      "rev_growth_yoy": 0.10248635536688902,
      "op_leverage_ratio": 0.07996427430453161,
      "fcf_margin_change": -0.058575099621433674
    },
    {
      "date": "2022-03-31T00:00:00",
      "quarter_label": "2022-03 (Q1)",
      "revenue": 3568000000,
      "gross_profit": 799000000,
      "operating_income": 495000000,
      "net_income": 325000000,
      "opex": 304000000,
      "cogs": 2323000000,
      "rd": null,
      "sga": 488000000,
      "fcf": 508000000,
      "ocf": 508000000,
      "capex": null,
      "gross_margin": 0.22393497757847533,
      "op_margin": 0.13873318385650224,
      "fcf_margin": 0.14237668161434977,
      "incr_op_margin_yoy": 0.9622641509433962,
      "rev_growth_yoy": 0.04664124376650044,
      "rev_growth_yoy_accel": -0.05584511160038858,
      "fcf_margin_change": -0.04794235028884056
    },
    {
      "date": "2022-06-30T00:00:00",
      "quarter_label": "2022-06 (Q2)",
      "revenue": 3541000000,
      "gross_profit": 795000000,
      "operating_income": 453000000,
      "net_income": 256000000,
      "opex": 342000000,
      "cogs": 2331000000,
      "rd": null,
      "sga": 483000000,
      "fcf": 329000000,
      "ocf": 329000000,
      "capex": null,
      "gross_margin": 0.2245128494775487,
      "op_margin": 0.12792996328720702,
      "fcf_margin": 0.09291160689070883,
      "incr_op_margin_yoy": 1.6213592233009708,
      "rev_growth_yoy": 0.029959278650378125,
      "rev_growth_yoy_accel": -0.016681965116122313,
      "fcf_margin_change": -0.04946507472364094
    },
    {
      "date": "2022-09-30T00:00:00",
      "quarter_label": "2022-09 (Q3)",
      "revenue": 3562000000,
      "gross_profit": 812000000,
      "operating_income": 472000000,
      "net_income": 283000000,
      "opex": 340000000,
      "cogs": 2321000000,
      "rd": null,
      "sga": 517000000,
      "fcf": 863000000,
      "ocf": 863000000,
      "capex": null,
      "gross_margin": 0.22796181920269512,
      "op_margin": 0.13250982594048288,
      "fcf_margin": 0.24227961819202695,
      "incr_op_margin_yoy": 0.9941520467836257,
      "rev_growth_yoy": 0.05042760247714539,
      "rev_growth_yoy_accel": 0.020468323826767262,
      "fcf_margin_change": 0.1493680113013181
    },
    {
      "date": "2022-12-31T00:00:00",
      "quarter_label": "2022-12 (Q4)",
      "revenue": 3739000000,
      "gross_profit": 1332000000,
      "operating_income": 379000000,
      "net_income": 227000000,
      "opex": 953000000,
      "cogs": 2407000000,
      "rd": null,
      "sga": 583000000,
      "fcf": 560000000,
      "ocf": 560000000,
      "capex": null,
      "gross_margin": 0.35624498529018456,
      "op_margin": 0.10136400106980475,
      "fcf_margin": 0.14977266648836587,
      "incr_op_margin_yoy": -0.8155339805825242,
      "rev_growth_yoy": 0.02832783278327833,
      "rev_growth_yoy_accel": -0.02209976969386706,
      "op_leverage_ratio": 0.02756117913117711,
      "fcf_margin_change": -0.09250695170366108
    },
    {
      "date": "2023-03-31T00:00:00",
      "quarter_label": "2023-03 (Q1)",
      "revenue": 3652000000,
      "gross_profit": 802000000,
      "operating_income": 471000000,
      "net_income": 289000000,
      "opex": 331000000,
      "cogs": 2398000000,
      "rd": null,
      "sga": 513000000,
      "fcf": 417000000,
      "ocf": 417000000,
      "capex": null,
      "gross_margin": 0.21960569550930997,
      "op_margin": 0.12897042716319826,
      "fcf_margin": 0.11418400876232201,
      "incr_op_margin_yoy": -0.2857142857142857,
      "rev_growth_yoy": 0.023542600896860985,
      "rev_growth_yoy_accel": -0.004785231886417343,
      "fcf_margin_change": -0.03558865772604386
    },
    {
      "date": "2023-06-30T00:00:00",
      "quarter_label": "2023-06 (Q2)",
      "revenue": 3728000000,
      "gross_profit": 850000000,
      "operating_income": 524000000,
      "net_income": 297000000,
      "opex": 326000000,
      "cogs": 2443000000,
      "rd": null,
      "sga": 482000000,
      "fcf": 402000000,
      "ocf": 402000000,
      "capex": null,
      "gross_margin": 0.22800429184549356,
      "op_margin": 0.1405579399141631,
      "fcf_margin": 0.10783261802575107,
      "incr_op_margin_yoy": 0.37967914438502676,
      "rev_growth_yoy": 0.052809940694719004,
      "rev_growth_yoy_accel": 0.02926733979785802,
      "op_leverage_ratio": Infinity,
      "fcf_margin_change": -0.0063513907365709416
    },
    {
      "date": "2023-09-30T00:00:00",
      "quarter_label": "2023-09 (Q3)",
      "revenue": 3736000000,
      "gross_profit": 862000000,
      "operating_income": 481000000,
      "net_income": 303000000,
      "opex": 381000000,
      "cogs": 2426000000,
      "rd": null,
      "sga": 502000000,
      "fcf": 583000000,
      "ocf": 583000000,
      "capex": null,
      "gross_margin": 0.23072805139186295,
      "op_margin": 0.1287473233404711,
      "fcf_margin": 0.15604925053533192,
      "incr_op_margin_yoy": 0.05172413793103448,
      "rev_growth_yoy": 0.04884896125772038,
      "rev_growth_yoy_accel": -0.003960979436998621,
      "fcf_margin_change": 0.048216632509580845
    },
    {
      "date": "2023-12-31T00:00:00",
      "quarter_label": "2023-12 (Q4)",
      "revenue": 3868000000,
      "gross_profit": 1390000000,
      "operating_income": 501000000,
      "net_income": 469000000,
      "opex": 889000000,
      "cogs": 2478000000,
      "rd": null,
      "sga": 556000000,
      "fcf": 747000000,
      "ocf": 747000000,
      "capex": null,
      "gross_margin": 0.359358841778697,
      "op_margin": 0.12952430196483972,
      "fcf_margin": 0.19312306101344365,
      "incr_op_margin_yoy": 0.9457364341085271,
      "rev_growth_yoy": 0.03450120353035571,
      "rev_growth_yoy_accel": -0.014347757727364671,
      "op_leverage_ratio": 0.02649892933618844,
      "fcf_margin_change": 0.03707381047811173
    },
    {
      "date": "2024-03-31T00:00:00",
      "quarter_label": "2024-03 (Q1)",
      "revenue": 3737000000,
      "gross_profit": 827000000,
      "operating_income": 506000000,
      "net_income": 288000000,
      "opex": 321000000,
      "cogs": 2444000000,
      "rd": null,
      "sga": 508000000,
      "fcf": 522000000,
      "ocf": 522000000,
      "capex": null,
      "gross_margin": 0.2213005084292213,
      "op_margin": 0.1354027294621354,
      "fcf_margin": 0.13968423869413968,
      "incr_op_margin_yoy": 0.4117647058823529,
      "rev_growth_yoy": 0.023274917853231106,
      "rev_growth_yoy_accel": -0.011226285677124605,
      "fcf_margin_change": -0.05343882231930397
    },
    {
      "date": "2024-06-30T00:00:00",
      "quarter_label": "2024-06 (Q2)",
      "revenue": 3814000000,
      "gross_profit": 863000000,
      "operating_income": 520000000,
      "net_income": 363000000,
      "opex": 343000000,
      "cogs": 2488000000,
      "rd": null,
      "sga": 509000000,
      "fcf": 588000000,
      "ocf": 588000000,
      "capex": null,
      "gross_margin": 0.22627163083377033,
      "op_margin": 0.1363398007341374,
      "fcf_margin": 0.15416885159937074,
      "incr_op_margin_yoy": -0.046511627906976744,
      "rev_growth_yoy": 0.023068669527896997,
      "rev_growth_yoy_accel": -0.0002062483253341095,
      "op_leverage_ratio": 0.3006422263848007,
      "fcf_margin_change": 0.014484612905231065
    },
    {
      "date": "2024-09-30T00:00:00",
      "quarter_label": "2024-09 (Q3)",
      "revenue": 3896000000,
      "gross_profit": 915000000,
      "operating_income": 550000000,
      "net_income": 285000000,
      "opex": 365000000,
      "cogs": 2518000000,
      "rd": null,
      "sga": 522000000,
      "fcf": 721000000,
      "ocf": 721000000,
      "capex": null,
      "gross_margin": 0.23485626283367556,
      "op_margin": 0.14117043121149897,
      "fcf_margin": 0.18506160164271046,
      "incr_op_margin_yoy": 0.43125,
      "rev_growth_yoy": 0.042826552462526764,
      "rev_growth_yoy_accel": 0.019757882934629767,
      "op_leverage_ratio": 0.33520045764408635,
      "fcf_margin_change": 0.030892750043339717
    },
    {
      "date": "2024-12-31T00:00:00",
      "quarter_label": "2024-12 (Q4)",
      "revenue": 3958000000,
      "gross_profit": 1378000000,
      "operating_income": 626000000,
      "net_income": 437000000,
      "opex": 752000000,
      "cogs": 2580000000,
      "rd": null,
      "sga": 453000000,
      "fcf": 885000000,
      "ocf": 885000000,
      "capex": null,
      "gross_margin": 0.348155634158666,
      "op_margin": 0.15816068721576554,
      "fcf_margin": 0.2235977766548762,
      "incr_op_margin_yoy": 1.3888888888888888,
      "rev_growth_yoy": 0.02326783867631851,
      "rev_growth_yoy_accel": -0.019558713786208253,
      "op_leverage_ratio": 0.01500909963972855,
      "fcf_margin_change": 0.038536175012165746
    },
    {
      "date": "2025-03-31T00:00:00",
      "quarter_label": "2025-03 (Q1)",
      "revenue": 3829000000,
      "gross_profit": 1298000000,
      "operating_income": 496000000,
      "net_income": 249000000,
      "opex": 802000000,
      "cogs": 2531000000,
      "rd": null,
      "sga": 508000000,
      "fcf": 568000000,
      "ocf": 568000000,
      "capex": null,
      "gross_margin": 0.3389919038913555,
      "op_margin": 0.12953773831287543,
      "fcf_margin": 0.1483416035518412,
      "incr_op_margin_yoy": -0.10869565217391304,
      "rev_growth_yoy": 0.02461867808402462,
      "rev_growth_yoy_accel": 0.001350839407706108,
      "fcf_margin_change": -0.075256173103035
    },
    {
      "date": "2025-06-30T00:00:00",
      "quarter_label": "2025-06 (Q2)",
      "revenue": 4017000000,
      "gross_profit": 1323000000,
      "operating_income": 506000000,
      "net_income": 266000000,
      "opex": 817000000,
      "cogs": 2694000000,
      "rd": null,
      "sga": 509000000,
      "fcf": 443000000,
      "ocf": 443000000,
      "capex": null,
      "gross_margin": 0.32935026138909634,
      "op_margin": 0.1259646502364949,
      "fcf_margin": 0.11028130445606174,
      "incr_op_margin_yoy": -0.06896551724137931,
      "rev_growth_yoy": 0.053224960671211324,
      "rev_growth_yoy_accel": 0.028606282587186706,
      "op_leverage_ratio": 2.625158875250283,
      "fcf_margin_change": -0.03806029909577946
    },
    {
      "date": "2025-09-30T00:00:00",
      "quarter_label": "2025-09 (Q3)",
      "revenue": 4100000000,
      "gross_profit": 1373000000,
      "operating_income": 553000000,
      "net_income": 331000000,
      "opex": 820000000,
      "cogs": 2727000000,
      "rd": null,
      "sga": 514000000,
      "fcf": 908000000,
      "ocf": 908000000,
      "capex": null,
      "gross_margin": 0.3348780487804878,
      "op_margin": 0.1348780487804878,
      "fcf_margin": 0.22146341463414634,
      "incr_op_margin_yoy": 0.014705882352941176,
      "rev_growth_yoy": 0.052361396303901436,
      "rev_growth_yoy_accel": -0.0008635643673098881,
      "op_leverage_ratio": 5.6270019085553065,
      "fcf_margin_change": 0.1111821101780846
    }
  ],
  "signals": [
    {
      "quarter": "2025-09 (Q3)",
      "signal": "FCF MARGIN EXPANSION",
      "detail": "FCF margin: +11.0% -> +22.1% (+11.1%)",
      "severity": "MEDIUM"
    },
    {
      "quarter": "2025-09 (Q3)",
      "signal": "OPERATING LEVERAGE",
      "detail": "Rev growth +2.1% vs OpEx growth +0.4% (leverage: 5.6x)",
      "severity": "MEDIUM"
    },
    {
      "quarter": "2025-06 (Q2)",
      "signal": "OPERATING LEVERAGE",
      "detail": "Rev growth +4.9% vs OpEx growth +1.9% (leverage: 2.6x)",
      "severity": "MEDIUM"
    },
    {
      "quarter": "2024-12 (Q4)",
      "signal": "INCREMENTAL MARGIN (YoY)",
      "detail": "YoY Incr OPM: +138.9% vs year-ago OPM: +13.0%",
      "severity": "HIGH"
    },
    {
      "quarter": "2024-09 (Q3)",
      "signal": "INCREMENTAL MARGIN (YoY)",
      "detail": "YoY Incr OPM: +43.1% vs year-ago OPM: +12.9%",
      "severity": "HIGH"
    },
    {
      "quarter": "2024-03 (Q1)",
      "signal": "INCREMENTAL MARGIN (YoY)",
      "detail": "YoY Incr OPM: +41.2% vs year-ago OPM: +12.9%",
      "severity": "HIGH"
    },
    {
      "quarter": "2023-12 (Q4)",
      "signal": "INCREMENTAL MARGIN (YoY)",
      "detail": "YoY Incr OPM: +94.6% vs year-ago OPM: +10.1%",
      "severity": "HIGH"
    },
    {
      "quarter": "2023-06 (Q2)",
      "signal": "INCREMENTAL MARGIN (YoY)",
      "detail": "YoY Incr OPM: +38.0% vs year-ago OPM: +12.8%",
      "severity": "HIGH"
    },
    {
      "quarter": "2022-09 (Q3)",
      "signal": "FCF MARGIN EXPANSION",
      "detail": "FCF margin: +9.3% -> +24.2% (+14.9%)",
      "severity": "MEDIUM"
    },
    {
      "quarter": "2022-09 (Q3)",
      "signal": "INCREMENTAL MARGIN (YoY)",
      "detail": "YoY Incr OPM: +99.4% vs year-ago OPM: +8.9%",
      "severity": "HIGH"
    },
    {
      "quarter": "2022-06 (Q2)",
      "signal": "INCREMENTAL MARGIN (YoY)",
      "detail": "YoY Incr OPM: +162.1% vs year-ago OPM: +8.3%",
      "severity": "HIGH"
    },
    {
      "quarter": "2022-03 (Q1)",
      "signal": "YoY REVENUE GROWTH DECELERATION",
      "detail": "YoY growth: +4.7% vs prior quarter YoY: +10.2% (decel: -5.6%)",
      "severity": "WARNING"
    },
    {
      "quarter": "2022-03 (Q1)",
      "signal": "INCREMENTAL MARGIN (YoY)",
      "detail": "YoY Incr OPM: +96.2% vs year-ago OPM: +10.0%",
      "severity": "HIGH"
    },
    {
      "quarter": "2021-12 (Q4)",
      "signal": "INCREMENTAL MARGIN (YoY)",
      "detail": "YoY Incr OPM: +51.5% vs year-ago OPM: +8.8%",
      "severity": "HIGH"
    },
    {
      "quarter": "2021-09 (Q3)",
      "signal": "FCF MARGIN EXPANSION",
      "detail": "FCF margin: +15.7% -> +24.9% (+9.2%)",
      "severity": "MEDIUM"
    }
  ],
  "data_quality": {
    "n_quarters": 20,
    "coverage": {
      "revenue": [
        20,
        20
      ],
      "gross_profit": [
        20,
        20
      ],
      "op_income": [
        20,
        20
      ],
      "fcf": [
        20,
        20
      ]
    },
    "gaps": [],
    "warnings": []
  },
  "market_cap": null,
  "source": "SEC EDGAR",
  "last_updated": "2026-02-02T20:02:46.638163",
  "sector": "Healthcare",
  "industry": "Diagnostics & Research"
}