{
  "ticker": "IR",
  "name": "Ingersoll Rand Inc.",
  "quarters": [
    {
      "date": "2020-12-31T00:00:00",
      "quarter_label": "2020-12 (Q4)",
      "revenue": 1510700000,
      "gross_profit": 526900000,
      "operating_income": 130400000,
      "net_income": 151600000,
      "opex": 396500000,
      "cogs": 983800000,
      "rd": null,
      "sga": 246100000,
      "fcf": 411800000,
      "ocf": 411800000,
      "capex": null,
      "gross_margin": 0.34877871185543124,
      "op_margin": 0.08631760111206725,
      "fcf_margin": 0.2725888660885682
    },
    {
      "date": "2021-03-31T00:00:00",
      "quarter_label": "2021-03 (Q1)",
      "revenue": 1369800000,
      "gross_profit": 515400000,
      "operating_income": 149700000,
      "net_income": -90400000,
      "opex": 365700000,
      "cogs": 854400000,
      "rd": null,
      "sga": 270700000,
      "fcf": null,
      "ocf": null,
      "capex": null,
      "gross_margin": 0.3762593079281647,
      "op_margin": 0.10928602715724924,
      "fcf_margin": null
    },
    {
      "date": "2021-06-30T00:00:00",
      "quarter_label": "2021-06 (Q2)",
      "revenue": 1279100000,
      "gross_profit": 512700000,
      "operating_income": 140100000,
      "net_income": 233900000,
      "opex": 372600000,
      "cogs": 766400000,
      "rd": null,
      "sga": 267200000,
      "fcf": null,
      "ocf": null,
      "capex": null,
      "gross_margin": 0.4008287076850911,
      "op_margin": 0.10953013837854741,
      "fcf_margin": null
    },
    {
      "date": "2021-09-30T00:00:00",
      "quarter_label": "2021-09 (Q3)",
      "revenue": 1325000000,
      "gross_profit": 514300000,
      "operating_income": 163900000,
      "net_income": 126000000,
      "opex": 350400000,
      "cogs": 810700000,
      "rd": null,
      "sga": 252600000,
      "fcf": null,
      "ocf": null,
      "capex": null,
      "gross_margin": 0.3881509433962264,
      "op_margin": 0.12369811320754717,
      "fcf_margin": null,
      "op_leverage_ratio": Infinity
    },
    {
      "date": "2021-12-31T00:00:00",
      "quarter_label": "2021-12 (Q4)",
      "revenue": 1418800000,
      "gross_profit": 509400000,
      "operating_income": 140400000,
      "net_income": 293000000,
      "opex": 369000000,
      "cogs": 909400000,
      "rd": null,
      "sga": 255900000,
      "fcf": null,
      "ocf": null,
      "capex": null,
      "gross_margin": 0.359035804905554,
      "op_margin": 0.0989568649563011,
      "fcf_margin": null,
      "incr_op_margin_yoy": -0.1088139281828074,
      "rev_growth_yoy": -0.06083272655060568,
      "op_leverage_ratio": 1.3336384662203287
    },
    {
      "date": "2022-03-31T00:00:00",
      "quarter_label": "2022-03 (Q1)",
      "revenue": 1337000000,
      "gross_profit": 526100000,
      "operating_income": 157000000,
      "net_income": 103700000,
      "opex": 369100000,
      "cogs": 810900000,
      "rd": null,
      "sga": 265500000,
      "fcf": null,
      "ocf": null,
      "capex": null,
      "gross_margin": 0.39349289454001496,
      "op_margin": 0.11742707554225879,
      "fcf_margin": null,
      "incr_op_margin_yoy": -0.2225609756097561,
      "rev_growth_yoy": -0.023945101474667836,
      "rev_growth_yoy_accel": 0.03688762507593785
    },
    {
      "date": "2022-06-30T00:00:00",
      "quarter_label": "2022-06 (Q2)",
      "revenue": 1439900000,
      "gross_profit": 569800000,
      "operating_income": 197400000,
      "net_income": 138500000,
      "opex": 372400000,
      "cogs": 870100000,
      "rd": null,
      "sga": 275600000,
      "fcf": null,
      "ocf": null,
      "capex": null,
      "gross_margin": 0.39572192513368987,
      "op_margin": 0.13709285367039378,
      "fcf_margin": null,
      "incr_op_margin_yoy": 0.35634328358208955,
      "rev_growth_yoy": 0.12571339222891095,
      "rev_growth_yoy_accel": 0.14965849370357878,
      "op_leverage_ratio": 8.608234174202762
    },
    {
      "date": "2022-09-30T00:00:00",
      "quarter_label": "2022-09 (Q3)",
      "revenue": 1515700000,
      "gross_profit": 575300000,
      "operating_income": 190000000,
      "net_income": 145100000,
      "opex": 385300000,
      "cogs": 940400000,
      "rd": null,
      "sga": 278700000,
      "fcf": null,
      "ocf": null,
      "capex": null,
      "gross_margin": 0.37956059906313916,
      "op_margin": 0.12535462162697103,
      "fcf_margin": null,
      "incr_op_margin_yoy": 0.13686418458311483,
      "rev_growth_yoy": 0.1439245283018868,
      "rev_growth_yoy_accel": 0.018211136072975836,
      "op_leverage_ratio": 1.5196964044122356
    },
    {
      "date": "2022-12-31T00:00:00",
      "quarter_label": "2022-12 (Q4)",
      "revenue": 1623700000,
      "gross_profit": 654400000,
      "operating_income": 272900000,
      "net_income": 217400000,
      "opex": 381500000,
      "cogs": 969300000,
      "rd": null,
      "sga": 276000000,
      "fcf": null,
      "ocf": null,
      "capex": null,
      "gross_margin": 0.40303011640081293,
      "op_margin": 0.16807291987436102,
      "fcf_margin": null,
      "incr_op_margin_yoy": 0.6466569058077111,
      "rev_growth_yoy": 0.14441781787425995,
      "rev_growth_yoy_accel": 0.0004932895723731567,
      "op_leverage_ratio": Infinity
    },
    {
      "date": "2023-03-31T00:00:00",
      "quarter_label": "2023-03 (Q1)",
      "revenue": 1629300000,
      "gross_profit": 664200000,
      "operating_income": 240300000,
      "net_income": 161100000,
      "opex": 423900000,
      "cogs": 965100000,
      "rd": null,
      "sga": 311100000,
      "fcf": 170300000,
      "ocf": 170300000,
      "capex": null,
      "gross_margin": 0.40765973117289633,
      "op_margin": 0.14748665070889339,
      "fcf_margin": 0.10452341496348125,
      "incr_op_margin_yoy": 0.2849811837153609,
      "rev_growth_yoy": 0.21862378459237097,
      "rev_growth_yoy_accel": 0.07420596671811103
    },
    {
      "date": "2023-06-30T00:00:00",
      "quarter_label": "2023-06 (Q2)",
      "revenue": 1686500000,
      "gross_profit": 697500000,
      "operating_income": 272400000,
      "net_income": 179500000,
      "opex": 425100000,
      "cogs": 989000000,
      "rd": null,
      "sga": 315600000,
      "fcf": 228400000,
      "ocf": 228400000,
      "capex": null,
      "gross_margin": 0.41357841683960866,
      "op_margin": 0.16151793655499555,
      "fcf_margin": 0.13542840201600947,
      "incr_op_margin_yoy": 0.30413625304136255,
      "rev_growth_yoy": 0.17126189318702686,
      "rev_growth_yoy_accel": -0.04736189140534411,
      "op_leverage_ratio": 12.401583502117473,
      "fcf_margin_change": 0.030904987052528227
    },
    {
      "date": "2023-09-30T00:00:00",
      "quarter_label": "2023-09 (Q3)",
      "revenue": 1738900000,
      "gross_profit": 739300000,
      "operating_income": 318400000,
      "net_income": 208300000,
      "opex": 420900000,
      "cogs": 999600000,
      "rd": null,
      "sga": 315200000,
      "fcf": 397300000,
      "ocf": 397300000,
      "capex": null,
      "gross_margin": 0.42515383288285696,
      "op_margin": 0.18310426131462418,
      "fcf_margin": 0.2284777733049629,
      "incr_op_margin_yoy": 0.5752688172043011,
      "rev_growth_yoy": 0.14725869235336808,
      "rev_growth_yoy_accel": -0.024003200833658783,
      "op_leverage_ratio": Infinity,
      "fcf_margin_change": 0.09304937128895344
    },
    {
      "date": "2023-12-31T00:00:00",
      "quarter_label": "2023-12 (Q4)",
      "revenue": 1821400000,
      "gross_profit": 781200000,
      "operating_income": 333200000,
      "net_income": 229800000,
      "opex": 448000000,
      "cogs": 1040200000,
      "rd": null,
      "sga": 330800000,
      "fcf": null,
      "ocf": null,
      "capex": null,
      "gross_margin": 0.42890084550345886,
      "op_margin": 0.18293620292083013,
      "fcf_margin": null,
      "incr_op_margin_yoy": 0.30500758725341426,
      "rev_growth_yoy": 0.12175894561803288,
      "rev_growth_yoy_accel": -0.0254997467353352,
      "op_leverage_ratio": 0.7368667769143618
    },
    {
      "date": "2024-03-31T00:00:00",
      "quarter_label": "2024-03 (Q1)",
      "revenue": 1670100000,
      "gross_profit": 746300000,
      "operating_income": 293200000,
      "net_income": 202200000,
      "opex": 453100000,
      "cogs": 923800000,
      "rd": null,
      "sga": 336300000,
      "fcf": 161600000,
      "ocf": 161600000,
      "capex": null,
      "gross_margin": 0.4468594694928447,
      "op_margin": 0.1755583497994132,
      "fcf_margin": 0.096760673013592,
      "incr_op_margin_yoy": 1.2965686274509804,
      "rev_growth_yoy": 0.02504142883446879,
      "rev_growth_yoy_accel": -0.09671751678356409
    },
    {
      "date": "2024-06-30T00:00:00",
      "quarter_label": "2024-06 (Q2)",
      "revenue": 1805300000,
      "gross_profit": 793300000,
      "operating_income": 271800000,
      "net_income": 185000000,
      "opex": 521500000,
      "cogs": 1012000000,
      "rd": null,
      "sga": 342100000,
      "fcf": 304900000,
      "ocf": 304900000,
      "capex": null,
      "gross_margin": 0.43942834985874923,
      "op_margin": 0.15055669417825293,
      "fcf_margin": 0.16889159696449343,
      "incr_op_margin_yoy": -0.005050505050505051,
      "rev_growth_yoy": 0.07044174325526238,
      "rev_growth_yoy_accel": 0.04540031442079359,
      "op_leverage_ratio": 0.5362560143647944,
      "fcf_margin_change": 0.07213092395090144
    },
    {
      "date": "2024-09-30T00:00:00",
      "quarter_label": "2024-09 (Q3)",
      "revenue": 1861000000,
      "gross_profit": 815000000,
      "operating_income": 356300000,
      "net_income": 221600000,
      "opex": 458700000,
      "cogs": 1046000000,
      "rd": null,
      "sga": 334300000,
      "fcf": 404000000,
      "ocf": 404000000,
      "capex": null,
      "gross_margin": 0.43793659322944656,
      "op_margin": 0.19145620634067706,
      "fcf_margin": 0.21708758731864589,
      "incr_op_margin_yoy": 0.3104013104013104,
      "rev_growth_yoy": 0.07021680372649376,
      "rev_growth_yoy_accel": -0.00022493952876861956,
      "op_leverage_ratio": Infinity,
      "fcf_margin_change": 0.04819599035415245
    },
    {
      "date": "2024-12-31T00:00:00",
      "quarter_label": "2024-12 (Q4)",
      "revenue": 1898600000,
      "gross_profit": 815400000,
      "operating_income": 378800000,
      "net_income": 229800000,
      "opex": 436600000,
      "cogs": 1083200000,
      "rd": null,
      "sga": 331700000,
      "fcf": null,
      "ocf": null,
      "capex": null,
      "gross_margin": 0.42947434952069946,
      "op_margin": 0.19951543242389128,
      "fcf_margin": null,
      "incr_op_margin_yoy": 0.5906735751295337,
      "rev_growth_yoy": 0.04238497858789942,
      "rev_growth_yoy_accel": -0.027831825138594342,
      "op_leverage_ratio": Infinity
    },
    {
      "date": "2025-03-31T00:00:00",
      "quarter_label": "2025-03 (Q1)",
      "revenue": 1716800000,
      "gross_profit": 765500000,
      "operating_income": 302500000,
      "net_income": 186500000,
      "opex": 463000000,
      "cogs": 951300000,
      "rd": null,
      "sga": 350000000,
      "fcf": 256400000,
      "ocf": 256400000,
      "capex": null,
      "gross_margin": 0.4458876980428705,
      "op_margin": 0.17619990680335507,
      "fcf_margin": 0.14934762348555453,
      "incr_op_margin_yoy": 0.19914346895074947,
      "rev_growth_yoy": 0.027962397461229867,
      "rev_growth_yoy_accel": -0.014422581126669554
    },
    {
      "date": "2025-06-30T00:00:00",
      "quarter_label": "2025-06 (Q2)",
      "revenue": 1887900000,
      "gross_profit": 824900000,
      "operating_income": 76400000,
      "net_income": -115300000,
      "opex": 748500000,
      "cogs": 1063000000,
      "rd": null,
      "sga": 371200000,
      "fcf": 245700000,
      "ocf": 245700000,
      "capex": null,
      "gross_margin": 0.4369405159171566,
      "op_margin": 0.04046824514010276,
      "fcf_margin": 0.13014460511679643,
      "incr_op_margin_yoy": -2.3656174334140436,
      "rev_growth_yoy": 0.045754168282279954,
      "rev_growth_yoy_accel": 0.017791770821050087,
      "op_leverage_ratio": 0.16162375159748188,
      "fcf_margin_change": -0.019203018368758096
    },
    {
      "date": "2025-09-30T00:00:00",
      "quarter_label": "2025-09 (Q3)",
      "revenue": 1955000000,
      "gross_profit": 855200000,
      "operating_income": 375500000,
      "net_income": 244100000,
      "opex": 479700000,
      "cogs": 1099800000,
      "rd": null,
      "sga": 361000000,
      "fcf": 354600000,
      "ocf": 354600000,
      "capex": null,
      "gross_margin": 0.43744245524296677,
      "op_margin": 0.19207161125319694,
      "fcf_margin": 0.18138107416879795,
      "incr_op_margin_yoy": 0.20425531914893616,
      "rev_growth_yoy": 0.05051047823750672,
      "rev_growth_yoy_accel": 0.004756309955226766,
      "op_leverage_ratio": Infinity,
      "fcf_margin_change": 0.05123646905200152
    }
  ],
  "signals": [
    {
      "quarter": "2025-09 (Q3)",
      "signal": "FCF MARGIN EXPANSION",
      "detail": "FCF margin: +13.0% -> +18.1% (+5.1%)",
      "severity": "MEDIUM"
    },
    {
      "quarter": "2024-12 (Q4)",
      "signal": "INCREMENTAL MARGIN (YoY)",
      "detail": "YoY Incr OPM: +59.1% vs year-ago OPM: +18.3%",
      "severity": "HIGH"
    },
    {
      "quarter": "2024-09 (Q3)",
      "signal": "INCREMENTAL MARGIN (YoY)",
      "detail": "YoY Incr OPM: +31.0% vs year-ago OPM: +18.3%",
      "severity": "MEDIUM"
    },
    {
      "quarter": "2024-06 (Q2)",
      "signal": "FCF MARGIN EXPANSION",
      "detail": "FCF margin: +9.7% -> +16.9% (+7.2%)",
      "severity": "MEDIUM"
    },
    {
      "quarter": "2024-03 (Q1)",
      "signal": "YoY REVENUE GROWTH DECELERATION",
      "detail": "YoY growth: +2.5% vs prior quarter YoY: +12.2% (decel: -9.7%)",
      "severity": "WARNING"
    },
    {
      "quarter": "2024-03 (Q1)",
      "signal": "INCREMENTAL MARGIN (YoY)",
      "detail": "YoY Incr OPM: +129.7% vs year-ago OPM: +14.7%",
      "severity": "HIGH"
    },
    {
      "quarter": "2023-12 (Q4)",
      "signal": "INCREMENTAL MARGIN (YoY)",
      "detail": "YoY Incr OPM: +30.5% vs year-ago OPM: +16.8%",
      "severity": "MEDIUM"
    },
    {
      "quarter": "2023-09 (Q3)",
      "signal": "FCF MARGIN EXPANSION",
      "detail": "FCF margin: +13.5% -> +22.8% (+9.3%)",
      "severity": "MEDIUM"
    },
    {
      "quarter": "2023-09 (Q3)",
      "signal": "INCREMENTAL MARGIN (YoY)",
      "detail": "YoY Incr OPM: +57.5% vs year-ago OPM: +12.5%",
      "severity": "HIGH"
    },
    {
      "quarter": "2023-06 (Q2)",
      "signal": "OPERATING LEVERAGE",
      "detail": "Rev growth +3.5% vs OpEx growth +0.3% (leverage: 12.4x)",
      "severity": "MEDIUM"
    },
    {
      "quarter": "2023-06 (Q2)",
      "signal": "INCREMENTAL MARGIN (YoY)",
      "detail": "YoY Incr OPM: +30.4% vs year-ago OPM: +13.7%",
      "severity": "MEDIUM"
    },
    {
      "quarter": "2023-03 (Q1)",
      "signal": "YoY REVENUE GROWTH ACCELERATION",
      "detail": "YoY growth: +21.9% vs prior quarter YoY: +14.4% (accel: +7.4%)",
      "severity": "MEDIUM"
    },
    {
      "quarter": "2023-03 (Q1)",
      "signal": "INCREMENTAL MARGIN (YoY)",
      "detail": "YoY Incr OPM: +28.5% vs year-ago OPM: +11.7%",
      "severity": "MEDIUM"
    },
    {
      "quarter": "2022-12 (Q4)",
      "signal": "GROSS MARGIN INFLECTION",
      "detail": "GM: +39.6% -> +38.0% -> +40.3% (reversal +2.3%)",
      "severity": "MEDIUM"
    },
    {
      "quarter": "2022-12 (Q4)",
      "signal": "INCREMENTAL MARGIN (YoY)",
      "detail": "YoY Incr OPM: +64.7% vs year-ago OPM: +9.9%",
      "severity": "HIGH"
    },
    {
      "quarter": "2022-09 (Q3)",
      "signal": "OPERATING LEVERAGE",
      "detail": "Rev growth +5.3% vs OpEx growth +3.5% (leverage: 1.5x)",
      "severity": "MEDIUM"
    },
    {
      "quarter": "2022-06 (Q2)",
      "signal": "OPERATING LEVERAGE",
      "detail": "Rev growth +7.7% vs OpEx growth +0.9% (leverage: 8.6x)",
      "severity": "MEDIUM"
    },
    {
      "quarter": "2022-06 (Q2)",
      "signal": "YoY REVENUE GROWTH ACCELERATION",
      "detail": "YoY growth: +12.6% vs prior quarter YoY: -2.4% (accel: +15.0%)",
      "severity": "MEDIUM"
    },
    {
      "quarter": "2022-06 (Q2)",
      "signal": "INCREMENTAL MARGIN (YoY)",
      "detail": "YoY Incr OPM: +35.6% vs year-ago OPM: +11.0%",
      "severity": "HIGH"
    },
    {
      "quarter": "2022-03 (Q1)",
      "signal": "GROSS MARGIN INFLECTION",
      "detail": "GM: +38.8% -> +35.9% -> +39.3% (reversal +3.4%)",
      "severity": "MEDIUM"
    }
  ],
  "data_quality": {
    "n_quarters": 20,
    "coverage": {
      "revenue": [
        20,
        20
      ],
      "gross_profit": [
        20,
        20
      ],
      "op_income": [
        20,
        20
      ],
      "fcf": [
        10,
        20
      ]
    },
    "gaps": [],
    "warnings": [
      "fcf: 10/20Q"
    ]
  },
  "market_cap": null,
  "source": "SEC EDGAR",
  "last_updated": "2026-02-02T20:06:46.303088",
  "sector": "Industrials",
  "industry": "Specialty Industrial Machinery"
}