{
  "ticker": "IRDM",
  "name": "Iridium Communications Inc.",
  "quarters": [
    {
      "date": "2020-12-31T00:00:00",
      "quarter_label": "2020-12 (Q4)",
      "revenue": 146507000,
      "gross_profit": null,
      "operating_income": 5100000,
      "net_income": -7925000,
      "opex": 141407000,
      "cogs": null,
      "rd": 4097000,
      "sga": 27496000,
      "fcf": 61208000,
      "ocf": 70630000,
      "capex": -9422000,
      "gross_margin": null,
      "op_margin": 0.034810623383183054,
      "fcf_margin": 0.41778208549762125
    },
    {
      "date": "2021-03-31T00:00:00",
      "quarter_label": "2021-03 (Q1)",
      "revenue": 146535000,
      "gross_profit": null,
      "operating_income": 9016000,
      "net_income": -5183000,
      "opex": 137519000,
      "cogs": null,
      "rd": 2717000,
      "sga": 22657000,
      "fcf": 41349000,
      "ocf": 50766000,
      "capex": -9417000,
      "gross_margin": null,
      "op_margin": 0.06152796260279114,
      "fcf_margin": 0.2821783191728938,
      "fcf_margin_change": -0.13560376632472743
    },
    {
      "date": "2021-06-30T00:00:00",
      "quarter_label": "2021-06 (Q2)",
      "revenue": 149919000,
      "gross_profit": null,
      "operating_income": 11595000,
      "net_income": 3833000,
      "opex": 138324000,
      "cogs": null,
      "rd": 2624000,
      "sga": 23970000,
      "fcf": 65389000,
      "ocf": 75201000,
      "capex": -9812000,
      "gross_margin": null,
      "op_margin": 0.07734176455285854,
      "fcf_margin": 0.4361621942515625,
      "op_leverage_ratio": 3.9450799683877693,
      "fcf_margin_change": 0.15398387507866867
    },
    {
      "date": "2021-09-30T00:00:00",
      "quarter_label": "2021-09 (Q3)",
      "revenue": 162159000,
      "gross_profit": null,
      "operating_income": 15029000,
      "net_income": -2085000,
      "opex": 147130000,
      "cogs": null,
      "rd": 2815000,
      "sga": 25897000,
      "fcf": 78383000,
      "ocf": 87170000,
      "capex": -8787000,
      "gross_margin": null,
      "op_margin": 0.09268064060582515,
      "fcf_margin": 0.48337125907288525,
      "op_leverage_ratio": 1.282459323401432,
      "fcf_margin_change": 0.047209064821322755
    },
    {
      "date": "2021-12-31T00:00:00",
      "quarter_label": "2021-12 (Q4)",
      "revenue": 155887000,
      "gross_profit": null,
      "operating_income": 10674000,
      "net_income": -5884000,
      "opex": 145213000,
      "cogs": null,
      "rd": 3729000,
      "sga": 27950000,
      "fcf": 75606000,
      "ocf": 89737000,
      "capex": -14131000,
      "gross_margin": null,
      "op_margin": 0.06847267572023324,
      "fcf_margin": 0.48500516399699783,
      "incr_op_margin_yoy": 0.5942430703624734,
      "rev_growth_yoy": 0.06402424457534452,
      "fcf_margin_change": 0.0016339049241125836
    },
    {
      "date": "2022-03-31T00:00:00",
      "quarter_label": "2022-03 (Q1)",
      "revenue": 168219000,
      "gross_profit": null,
      "operating_income": 19233000,
      "net_income": 2824000,
      "opex": 148986000,
      "cogs": null,
      "rd": 2619000,
      "sga": 26103000,
      "fcf": 52202000,
      "ocf": 65770000,
      "capex": -13568000,
      "gross_margin": null,
      "op_margin": 0.11433310149269701,
      "fcf_margin": 0.31032166402130557,
      "incr_op_margin_yoy": 0.47117690463014206,
      "rev_growth_yoy": 0.14797829869996929,
      "rev_growth_yoy_accel": 0.08395405412462477,
      "op_leverage_ratio": 3.0446845913114458,
      "fcf_margin_change": -0.17468349997569227
    },
    {
      "date": "2022-06-30T00:00:00",
      "quarter_label": "2022-06 (Q2)",
      "revenue": 174919000,
      "gross_profit": null,
      "operating_income": 20799000,
      "net_income": 4557000,
      "opex": 154120000,
      "cogs": null,
      "rd": 2986000,
      "sga": 28662000,
      "fcf": 82345000,
      "ocf": 99795000,
      "capex": -17450000,
      "gross_margin": null,
      "op_margin": 0.11890646527821448,
      "fcf_margin": 0.4707607521195525,
      "incr_op_margin_yoy": 0.36816,
      "rev_growth_yoy": 0.16675671529292485,
      "rev_growth_yoy_accel": 0.018778416592955566,
      "op_leverage_ratio": 1.1558177288661726,
      "fcf_margin_change": 0.16043908809824692
    },
    {
      "date": "2022-09-30T00:00:00",
      "quarter_label": "2022-09 (Q3)",
      "revenue": 184060000,
      "gross_profit": null,
      "operating_income": 17874000,
      "net_income": 2149000,
      "opex": 166186000,
      "cogs": null,
      "rd": 4865000,
      "sga": 32140000,
      "fcf": 75155000,
      "ocf": 88893000,
      "capex": -13738000,
      "gross_margin": null,
      "op_margin": 0.09710963816146909,
      "fcf_margin": 0.4083179398022384,
      "incr_op_margin_yoy": 0.129902744166933,
      "rev_growth_yoy": 0.13505880031327278,
      "rev_growth_yoy_accel": -0.031697914979652075,
      "op_leverage_ratio": 0.6675017405015615,
      "fcf_margin_change": -0.06244281231731408
    },
    {
      "date": "2022-12-31T00:00:00",
      "quarter_label": "2022-12 (Q4)",
      "revenue": 193836000,
      "gross_profit": null,
      "operating_income": 18773000,
      "net_income": -808000,
      "opex": 175063000,
      "cogs": null,
      "rd": 5748000,
      "sga": 36599000,
      "fcf": 63760000,
      "ocf": 90271000,
      "capex": -26511000,
      "gross_margin": null,
      "op_margin": 0.0968499143605935,
      "fcf_margin": 0.32893786499927774,
      "incr_op_margin_yoy": 0.21341800837966746,
      "rev_growth_yoy": 0.24343915785152065,
      "rev_growth_yoy_accel": 0.10838035753824787,
      "op_leverage_ratio": 0.9943287346325874,
      "fcf_margin_change": -0.07938007480296067
    },
    {
      "date": "2023-03-31T00:00:00",
      "quarter_label": "2023-03 (Q1)",
      "revenue": 205273000,
      "gross_profit": null,
      "operating_income": 23148000,
      "net_income": 9775000,
      "opex": 182125000,
      "cogs": null,
      "rd": 3878000,
      "sga": 38684000,
      "fcf": 46037000,
      "ocf": 68942000,
      "capex": -22905000,
      "gross_margin": null,
      "op_margin": 0.11276690066399381,
      "fcf_margin": 0.22427206695473834,
      "incr_op_margin_yoy": 0.10565660927295299,
      "rev_growth_yoy": 0.22027238302450972,
      "rev_growth_yoy_accel": -0.023166774827010933,
      "op_leverage_ratio": 1.46266320156583,
      "fcf_margin_change": -0.1046657980445394
    },
    {
      "date": "2023-06-30T00:00:00",
      "quarter_label": "2023-06 (Q2)",
      "revenue": 193108000,
      "gross_profit": null,
      "operating_income": -15971000,
      "net_income": -30741000,
      "opex": 209079000,
      "cogs": null,
      "rd": 5626000,
      "sga": 37339000,
      "fcf": 64666000,
      "ocf": 87048000,
      "capex": -22382000,
      "gross_margin": null,
      "op_margin": -0.08270501481036518,
      "fcf_margin": 0.3348696066449862,
      "incr_op_margin_yoy": -2.021551487162571,
      "rev_growth_yoy": 0.10398527318358783,
      "rev_growth_yoy_accel": -0.11628710984092189,
      "fcf_margin_change": 0.11059753969024788
    },
    {
      "date": "2023-09-30T00:00:00",
      "quarter_label": "2023-09 (Q3)",
      "revenue": 197602000,
      "gross_profit": null,
      "operating_income": 28155000,
      "net_income": -1642000,
      "opex": 169447000,
      "cogs": null,
      "rd": 5037000,
      "sga": 33368000,
      "fcf": 59118000,
      "ocf": 71116000,
      "capex": -11998000,
      "gross_margin": null,
      "op_margin": 0.14248337567433528,
      "fcf_margin": 0.2991771338346778,
      "incr_op_margin_yoy": 0.7591936198493575,
      "rev_growth_yoy": 0.07357383461914593,
      "rev_growth_yoy_accel": -0.030411438564441895,
      "op_leverage_ratio": Infinity,
      "fcf_margin_change": -0.03569247281030841
    },
    {
      "date": "2023-12-31T00:00:00",
      "quarter_label": "2023-12 (Q4)",
      "revenue": 194740000,
      "gross_profit": null,
      "operating_income": 46296000,
      "net_income": 38023000,
      "opex": 148444000,
      "cogs": null,
      "rd": 5728000,
      "sga": 34315000,
      "fcf": 71605000,
      "ocf": 87807000,
      "capex": -16202000,
      "gross_margin": null,
      "op_margin": 0.2377323610968471,
      "fcf_margin": 0.3676953887234261,
      "rev_growth_yoy": 0.004663736354443963,
      "rev_growth_yoy_accel": -0.06891009826470197,
      "fcf_margin_change": 0.0685182548887483
    },
    {
      "date": "2024-03-31T00:00:00",
      "quarter_label": "2024-03 (Q1)",
      "revenue": 203853000,
      "gross_profit": null,
      "operating_income": 49771000,
      "net_income": 19653000,
      "opex": 154082000,
      "cogs": null,
      "rd": 7198000,
      "sga": 36811000,
      "fcf": 56862000,
      "ocf": 71426000,
      "capex": -14564000,
      "gross_margin": null,
      "op_margin": 0.24415142283900654,
      "fcf_margin": 0.27893629232829537,
      "incr_op_margin_yoy": -18.748591549295774,
      "rev_growth_yoy": -0.006917617027081009,
      "rev_growth_yoy_accel": -0.011581353381524972,
      "op_leverage_ratio": 1.232093826414408,
      "fcf_margin_change": -0.08875909639513074
    },
    {
      "date": "2024-06-30T00:00:00",
      "quarter_label": "2024-06 (Q2)",
      "revenue": 201067000,
      "gross_profit": null,
      "operating_income": 43646000,
      "net_income": 32336000,
      "opex": 157421000,
      "cogs": null,
      "rd": 6512000,
      "sga": 46723000,
      "fcf": 68672000,
      "ocf": 81114000,
      "capex": -12442000,
      "gross_margin": null,
      "op_margin": 0.21707192129986522,
      "fcf_margin": 0.3415378953284229,
      "incr_op_margin_yoy": 7.490513883653725,
      "rev_growth_yoy": 0.04121527849700685,
      "rev_growth_yoy_accel": 0.048132895524087865,
      "fcf_margin_change": 0.06260160300012751
    },
    {
      "date": "2024-09-30T00:00:00",
      "quarter_label": "2024-09 (Q3)",
      "revenue": 212771000,
      "gross_profit": null,
      "operating_income": 54852000,
      "net_income": 24446000,
      "opex": 157919000,
      "cogs": null,
      "rd": 6189000,
      "sga": 43953000,
      "fcf": 100010000,
      "ocf": 118626000,
      "capex": -18616000,
      "gross_margin": null,
      "op_margin": 0.25779829018052275,
      "fcf_margin": 0.47003586015011445,
      "incr_op_margin_yoy": 1.7599709934735315,
      "rev_growth_yoy": 0.07676541735407537,
      "rev_growth_yoy_accel": 0.035550138857068515,
      "op_leverage_ratio": 18.400381994189512,
      "fcf_margin_change": 0.12849796482169157
    },
    {
      "date": "2024-12-31T00:00:00",
      "quarter_label": "2024-12 (Q4)",
      "revenue": 212991000,
      "gross_profit": null,
      "operating_income": 52115000,
      "net_income": 36341000,
      "opex": 160876000,
      "cogs": null,
      "rd": 8523000,
      "sga": 40695000,
      "fcf": 80521000,
      "ocf": 104789000,
      "capex": -24268000,
      "gross_margin": null,
      "op_margin": 0.2446817001657347,
      "fcf_margin": 0.37804883774431786,
      "incr_op_margin_yoy": 0.31883184483042026,
      "rev_growth_yoy": 0.09371983157029885,
      "rev_growth_yoy_accel": 0.016954414216223485,
      "fcf_margin_change": -0.09198702240579659
    },
    {
      "date": "2025-03-31T00:00:00",
      "quarter_label": "2025-03 (Q1)",
      "revenue": 214878000,
      "gross_profit": null,
      "operating_income": 60388000,
      "net_income": 30412000,
      "opex": 154490000,
      "cogs": null,
      "rd": 5417000,
      "sga": 35752000,
      "fcf": 36535000,
      "ocf": 61081000,
      "capex": -24546000,
      "gross_margin": null,
      "op_margin": 0.28103388899747767,
      "fcf_margin": 0.17002671283239792,
      "incr_op_margin_yoy": 0.9629931972789115,
      "rev_growth_yoy": 0.0540830892849259,
      "rev_growth_yoy_accel": -0.03963674228537295,
      "fcf_margin_change": -0.20802212491191993
    },
    {
      "date": "2025-06-30T00:00:00",
      "quarter_label": "2025-06 (Q2)",
      "revenue": 216906000,
      "gross_profit": null,
      "operating_income": 50258000,
      "net_income": 21968000,
      "opex": 166648000,
      "cogs": null,
      "rd": 4279000,
      "sga": 44627000,
      "fcf": 108905000,
      "ocf": 129615000,
      "capex": -20710000,
      "gross_margin": null,
      "op_margin": 0.2317040561349156,
      "fcf_margin": 0.5020838519911851,
      "incr_op_margin_yoy": 0.41745059662857503,
      "rev_growth_yoy": 0.07877473677928253,
      "rev_growth_yoy_accel": 0.024691647494356622,
      "fcf_margin_change": 0.3320571391587872
    },
    {
      "date": "2025-09-30T00:00:00",
      "quarter_label": "2025-09 (Q3)",
      "revenue": 226935000,
      "gross_profit": null,
      "operating_income": 70085000,
      "net_income": 37127000,
      "opex": 156850000,
      "cogs": null,
      "rd": 4944000,
      "sga": 35508000,
      "fcf": 79247000,
      "ocf": 100782000,
      "capex": -21535000,
      "gross_margin": null,
      "op_margin": 0.30883292572763127,
      "fcf_margin": 0.3492057196994734,
      "incr_op_margin_yoy": 1.0754730302174527,
      "rev_growth_yoy": 0.06656922230943127,
      "rev_growth_yoy_accel": -0.012205514469851256,
      "op_leverage_ratio": Infinity,
      "fcf_margin_change": -0.1528781322917117
    }
  ],
  "signals": [
    {
      "quarter": "2025-09 (Q3)",
      "signal": "INCREMENTAL MARGIN (YoY)",
      "detail": "YoY Incr OPM: +107.5% vs year-ago OPM: +25.8%",
      "severity": "HIGH"
    },
    {
      "quarter": "2025-06 (Q2)",
      "signal": "FCF MARGIN EXPANSION",
      "detail": "FCF margin: +17.0% -> +50.2% (+33.2%)",
      "severity": "MEDIUM"
    },
    {
      "quarter": "2025-06 (Q2)",
      "signal": "INCREMENTAL MARGIN (YoY)",
      "detail": "YoY Incr OPM: +41.7% vs year-ago OPM: +21.7%",
      "severity": "HIGH"
    },
    {
      "quarter": "2025-03 (Q1)",
      "signal": "INCREMENTAL MARGIN (YoY)",
      "detail": "YoY Incr OPM: +96.3% vs year-ago OPM: +24.4%",
      "severity": "HIGH"
    },
    {
      "quarter": "2024-09 (Q3)",
      "signal": "FCF MARGIN EXPANSION",
      "detail": "FCF margin: +34.2% -> +47.0% (+12.8%)",
      "severity": "MEDIUM"
    },
    {
      "quarter": "2024-09 (Q3)",
      "signal": "OPERATING LEVERAGE",
      "detail": "Rev growth +5.8% vs OpEx growth +0.3% (leverage: 18.4x)",
      "severity": "MEDIUM"
    },
    {
      "quarter": "2024-09 (Q3)",
      "signal": "INCREMENTAL MARGIN (YoY)",
      "detail": "YoY Incr OPM: +176.0% vs year-ago OPM: +14.2%",
      "severity": "HIGH"
    },
    {
      "quarter": "2024-06 (Q2)",
      "signal": "FCF MARGIN EXPANSION",
      "detail": "FCF margin: +27.9% -> +34.2% (+6.3%)",
      "severity": "MEDIUM"
    },
    {
      "quarter": "2024-06 (Q2)",
      "signal": "OP MARGIN TURNED POSITIVE (YoY)",
      "detail": "Op margin: -8.3% (year-ago) -> +21.7%",
      "severity": "HIGH"
    },
    {
      "quarter": "2023-12 (Q4)",
      "signal": "FCF MARGIN EXPANSION",
      "detail": "FCF margin: +29.9% -> +36.8% (+6.9%)",
      "severity": "MEDIUM"
    },
    {
      "quarter": "2023-12 (Q4)",
      "signal": "YoY REVENUE GROWTH DECELERATION",
      "detail": "YoY growth: +0.5% vs prior quarter YoY: +7.4% (decel: -6.9%)",
      "severity": "WARNING"
    },
    {
      "quarter": "2023-09 (Q3)",
      "signal": "INCREMENTAL MARGIN (YoY)",
      "detail": "YoY Incr OPM: +75.9% vs year-ago OPM: +9.7%",
      "severity": "HIGH"
    },
    {
      "quarter": "2023-09 (Q3)",
      "signal": "OP MARGIN TURNED POSITIVE (QoQ)",
      "detail": "Op margin: -8.3% -> +14.2%",
      "severity": "HIGH"
    },
    {
      "quarter": "2023-06 (Q2)",
      "signal": "FCF MARGIN EXPANSION",
      "detail": "FCF margin: +22.4% -> +33.5% (+11.1%)",
      "severity": "MEDIUM"
    },
    {
      "quarter": "2023-06 (Q2)",
      "signal": "YoY REVENUE GROWTH DECELERATION",
      "detail": "YoY growth: +10.4% vs prior quarter YoY: +22.0% (decel: -11.6%)",
      "severity": "WARNING"
    },
    {
      "quarter": "2022-12 (Q4)",
      "signal": "YoY REVENUE GROWTH ACCELERATION",
      "detail": "YoY growth: +24.3% vs prior quarter YoY: +13.5% (accel: +10.8%)",
      "severity": "MEDIUM"
    },
    {
      "quarter": "2022-12 (Q4)",
      "signal": "INCREMENTAL MARGIN (YoY)",
      "detail": "YoY Incr OPM: +21.3% vs year-ago OPM: +6.8%",
      "severity": "MEDIUM"
    },
    {
      "quarter": "2022-06 (Q2)",
      "signal": "FCF MARGIN EXPANSION",
      "detail": "FCF margin: +31.0% -> +47.1% (+16.0%)",
      "severity": "MEDIUM"
    },
    {
      "quarter": "2022-06 (Q2)",
      "signal": "INCREMENTAL MARGIN (YoY)",
      "detail": "YoY Incr OPM: +36.8% vs year-ago OPM: +7.7%",
      "severity": "HIGH"
    },
    {
      "quarter": "2022-03 (Q1)",
      "signal": "OPERATING LEVERAGE",
      "detail": "Rev growth +7.9% vs OpEx growth +2.6% (leverage: 3.0x)",
      "severity": "MEDIUM"
    },
    {
      "quarter": "2022-03 (Q1)",
      "signal": "YoY REVENUE GROWTH ACCELERATION",
      "detail": "YoY growth: +14.8% vs prior quarter YoY: +6.4% (accel: +8.4%)",
      "severity": "MEDIUM"
    },
    {
      "quarter": "2022-03 (Q1)",
      "signal": "INCREMENTAL MARGIN (YoY)",
      "detail": "YoY Incr OPM: +47.1% vs year-ago OPM: +6.2%",
      "severity": "HIGH"
    },
    {
      "quarter": "2021-12 (Q4)",
      "signal": "INCREMENTAL MARGIN (YoY)",
      "detail": "YoY Incr OPM: +59.4% vs year-ago OPM: +3.5%",
      "severity": "HIGH"
    },
    {
      "quarter": "2021-06 (Q2)",
      "signal": "FCF MARGIN EXPANSION",
      "detail": "FCF margin: +28.2% -> +43.6% (+15.4%)",
      "severity": "MEDIUM"
    },
    {
      "quarter": "2021-06 (Q2)",
      "signal": "OPERATING LEVERAGE",
      "detail": "Rev growth +2.3% vs OpEx growth +0.6% (leverage: 3.9x)",
      "severity": "MEDIUM"
    }
  ],
  "data_quality": {
    "n_quarters": 20,
    "coverage": {
      "revenue": [
        20,
        20
      ],
      "gross_profit": [
        0,
        20
      ],
      "op_income": [
        20,
        20
      ],
      "fcf": [
        20,
        20
      ]
    },
    "gaps": [],
    "warnings": [
      "gross_profit: no data"
    ]
  },
  "market_cap": null,
  "source": "SEC EDGAR",
  "last_updated": "2026-02-02T21:32:40.303644"
}