{
  "ticker": "IRM",
  "name": "IRON MOUNTAIN INC",
  "sector": "Real Estate",
  "industry": "REIT - Specialty",
  "quarters": [
    {
      "date": "2021-03-31T00:00:00",
      "quarter_label": "2021-03 (Q1)",
      "revenue": 1082040000,
      "gross_profit": 630131000,
      "operating_income": 170406000,
      "net_income": null,
      "opex": 911634000,
      "cogs": 451909000,
      "rd": null,
      "sga": 258723000,
      "fcf": -76699000,
      "ocf": 68829000,
      "capex": -145528000,
      "gross_margin": 0.5823546264463421,
      "op_margin": 0.15748586004214263,
      "fcf_margin": -0.07088370115707368
    },
    {
      "date": "2021-06-30T00:00:00",
      "quarter_label": "2021-06 (Q2)",
      "revenue": 1119756000,
      "gross_profit": 645177000,
      "operating_income": 305928000,
      "net_income": null,
      "opex": 813828000,
      "cogs": 474579000,
      "rd": null,
      "sga": 259779000,
      "fcf": 170315000,
      "ocf": 320373000,
      "capex": -150058000,
      "gross_margin": 0.5761764170051332,
      "op_margin": 0.2732095206455692,
      "fcf_margin": 0.15210010037901114,
      "op_leverage_ratio": null,
      "fcf_margin_change": 0.22298380153608482
    },
    {
      "date": "2021-09-30T00:00:00",
      "quarter_label": "2021-09 (Q3)",
      "revenue": 1130148000,
      "gross_profit": 648485000,
      "operating_income": 181436000,
      "net_income": null,
      "opex": 948712000,
      "cogs": 481663000,
      "rd": null,
      "sga": 241596000,
      "fcf": -49255000,
      "ocf": 74135000,
      "capex": -123390000,
      "gross_margin": 0.5738053777027433,
      "op_margin": 0.16054180514410502,
      "fcf_margin": -0.04358278738713867,
      "fcf_margin_change": -0.1956828877661498
    },
    {
      "date": "2021-12-31T00:00:00",
      "quarter_label": "2021-12 (Q4)",
      "revenue": 1159587000,
      "gross_profit": 680509000,
      "operating_income": 196402000,
      "net_income": null,
      "opex": 963185000,
      "cogs": 479078000,
      "rd": null,
      "sga": 262461000,
      "fcf": 103459000,
      "ocf": 295565000,
      "capex": -192106000,
      "gross_margin": 0.5868546301398687,
      "op_margin": 0.16937237137015163,
      "fcf_margin": 0.08922055869891608,
      "op_leverage_ratio": 1.7075112138715327,
      "fcf_margin_change": 0.13280334608605476
    },
    {
      "date": "2022-03-31T00:00:00",
      "quarter_label": "2022-03 (Q1)",
      "revenue": 1248046000,
      "gross_profit": 701424000,
      "operating_income": 222130000,
      "net_income": null,
      "opex": 1025916000,
      "cogs": 546622000,
      "rd": null,
      "sga": 280723000,
      "fcf": -106544000,
      "ocf": 54506000,
      "capex": -161050000,
      "gross_margin": 0.5620177461407673,
      "op_margin": 0.17798222180913204,
      "fcf_margin": -0.08536864827097719,
      "incr_op_margin_yoy": 0.31157909955061863,
      "rev_growth_yoy": 0.15341946693283057,
      "op_leverage_ratio": 1.1712947251114723,
      "fcf_margin_change": -0.17458920696989327
    },
    {
      "date": "2022-06-30T00:00:00",
      "quarter_label": "2022-06 (Q2)",
      "revenue": 1289534000,
      "gross_profit": 733058000,
      "operating_income": 293781000,
      "net_income": null,
      "opex": 995753000,
      "cogs": 556476000,
      "rd": null,
      "sga": 295394000,
      "fcf": 122248000,
      "ocf": 291418000,
      "capex": -169170000,
      "gross_margin": 0.568467368832462,
      "op_margin": 0.22781950689163682,
      "fcf_margin": 0.09480013710379098,
      "incr_op_margin_yoy": -0.0715463723215022,
      "rev_growth_yoy": 0.1516205316158163,
      "rev_growth_yoy_accel": -0.0017989353170142774,
      "op_leverage_ratio": null,
      "fcf_margin_change": 0.18016878537476816
    },
    {
      "date": "2022-09-30T00:00:00",
      "quarter_label": "2022-09 (Q3)",
      "revenue": 1286945000,
      "gross_profit": 740904000,
      "operating_income": 285762000,
      "net_income": null,
      "opex": 1001183000,
      "cogs": 546041000,
      "rd": null,
      "sga": 285299000,
      "fcf": -52150000,
      "ocf": 214431000,
      "capex": -266581000,
      "gross_margin": 0.5757075865712987,
      "op_margin": 0.22204678521615143,
      "fcf_margin": -0.04052232224376333,
      "incr_op_margin_yoy": 0.6653571178019988,
      "rev_growth_yoy": 0.13874023579212635,
      "rev_growth_yoy_accel": -0.012880295823689936,
      "fcf_margin_change": -0.13532245934755432
    },
    {
      "date": "2022-12-31T00:00:00",
      "quarter_label": "2022-12 (Q4)",
      "revenue": 1279049000,
      "gross_profit": 739068000,
      "operating_income": 248198000,
      "net_income": null,
      "opex": 1030851000,
      "cogs": 539981000,
      "rd": null,
      "sga": 279161000,
      "fcf": 88763000,
      "ocf": 367340000,
      "capex": -278577000,
      "gross_margin": 0.5778261817960062,
      "op_margin": 0.19404885973875904,
      "fcf_margin": 0.06939765403827375,
      "incr_op_margin_yoy": 0.43357720446669235,
      "rev_growth_yoy": 0.10302116184469126,
      "rev_growth_yoy_accel": -0.03571907394743509,
      "fcf_margin_change": 0.10991997628203708
    },
    {
      "date": "2023-03-31T00:00:00",
      "quarter_label": "2023-03 (Q1)",
      "revenue": 1314349000,
      "gross_profit": 742723000,
      "operating_income": 240662000,
      "net_income": null,
      "opex": 1073687000,
      "cogs": 571626000,
      "rd": null,
      "sga": 294520000,
      "fcf": -137098000,
      "ocf": 128808000,
      "capex": -265906000,
      "gross_margin": 0.5650881158657252,
      "op_margin": 0.18310357446918588,
      "fcf_margin": -0.10430867296281277,
      "incr_op_margin_yoy": 0.2795046981282898,
      "rev_growth_yoy": 0.053125445696713104,
      "rev_growth_yoy_accel": -0.04989571614797816,
      "op_leverage_ratio": 0.6641627428149641,
      "fcf_margin_change": -0.1737063270010865
    },
    {
      "date": "2023-06-30T00:00:00",
      "quarter_label": "2023-06 (Q2)",
      "revenue": 1357936000,
      "gross_profit": 765292000,
      "operating_income": 212526000,
      "net_income": null,
      "opex": 1145410000,
      "cogs": 592644000,
      "rd": null,
      "sga": 311805000,
      "fcf": -17566000,
      "ocf": 317286000,
      "capex": -334852000,
      "gross_margin": 0.5635700062447715,
      "op_margin": 0.1565066394881644,
      "fcf_margin": -0.01293580846225448,
      "incr_op_margin_yoy": -1.1879038624601619,
      "rev_growth_yoy": 0.05304396782093376,
      "rev_growth_yoy_accel": -8.147787577934135e-05,
      "op_leverage_ratio": 0.4964385831547983,
      "fcf_margin_change": 0.09137286450055829
    },
    {
      "date": "2023-09-30T00:00:00",
      "quarter_label": "2023-09 (Q3)",
      "revenue": 1388175000,
      "gross_profit": 795974000,
      "operating_income": 237833000,
      "net_income": null,
      "opex": 1150342000,
      "cogs": 592201000,
      "rd": null,
      "sga": 315030000,
      "fcf": -141256000,
      "ocf": 220280000,
      "capex": -361536000,
      "gross_margin": 0.5733960055468511,
      "op_margin": 0.1713278225007654,
      "fcf_margin": -0.10175662290417274,
      "incr_op_margin_yoy": -0.4734663637261681,
      "rev_growth_yoy": 0.07865915015793215,
      "rev_growth_yoy_accel": 0.025615182336998388,
      "op_leverage_ratio": 5.171613083640998,
      "fcf_margin_change": -0.08882081444191826
    },
    {
      "date": "2023-12-31T00:00:00",
      "quarter_label": "2023-12 (Q4)",
      "revenue": 1419829000,
      "gross_profit": 818500000,
      "operating_income": 230757000,
      "net_income": null,
      "opex": 1189072000,
      "cogs": 601329000,
      "rd": null,
      "sga": 314932000,
      "fcf": 70264000,
      "ocf": 447193000,
      "capex": -376929000,
      "gross_margin": 0.5764778716310204,
      "op_margin": 0.16252450118993203,
      "fcf_margin": 0.04948764956906782,
      "incr_op_margin_yoy": -0.12388833641142208,
      "rev_growth_yoy": 0.11006615071041062,
      "rev_growth_yoy_accel": 0.03140700055247847,
      "op_leverage_ratio": 0.6772731501823076,
      "fcf_margin_change": 0.15124427247324057
    },
    {
      "date": "2024-03-31T00:00:00",
      "quarter_label": "2024-03 (Q1)",
      "revenue": 1476863000,
      "gross_profit": 823608000,
      "operating_income": 245623000,
      "net_income": null,
      "opex": 1231240000,
      "cogs": 653255000,
      "rd": null,
      "sga": 319465000,
      "fcf": -251107000,
      "ocf": 130038000,
      "capex": -381145000,
      "gross_margin": 0.5576739345491085,
      "op_margin": 0.16631400475196412,
      "fcf_margin": -0.17002728079720325,
      "incr_op_margin_yoy": 0.030526600785163123,
      "rev_growth_yoy": 0.12364600269791357,
      "rev_growth_yoy_accel": 0.013579851987502944,
      "op_leverage_ratio": 1.132720963743441,
      "fcf_margin_change": -0.21951493036627107
    },
    {
      "date": "2024-06-30T00:00:00",
      "quarter_label": "2024-06 (Q2)",
      "revenue": 1534409000,
      "gross_profit": 858438000,
      "operating_income": 230294000,
      "net_income": null,
      "opex": 1304115000,
      "cogs": 675971000,
      "rd": null,
      "sga": 344838000,
      "fcf": -14579000,
      "ocf": 382177000,
      "capex": -396756000,
      "gross_margin": 0.5594583973373461,
      "op_margin": 0.15008645022285452,
      "fcf_margin": -0.009501378055003588,
      "incr_op_margin_yoy": 0.10068395731924996,
      "rev_growth_yoy": 0.12995678735963992,
      "rev_growth_yoy_accel": 0.006310784661726354,
      "op_leverage_ratio": 0.6583230776335296,
      "fcf_margin_change": 0.16052590274219966
    },
    {
      "date": "2024-09-30T00:00:00",
      "quarter_label": "2024-09 (Q3)",
      "revenue": 1557358000,
      "gross_profit": 878968000,
      "operating_income": 251164000,
      "net_income": null,
      "opex": 1306194000,
      "cogs": 678390000,
      "rd": null,
      "sga": 341929000,
      "fcf": -143154000,
      "ocf": 252913000,
      "capex": -396067000,
      "gross_margin": 0.5643968824123933,
      "op_margin": 0.16127569897223373,
      "fcf_margin": -0.09192106118182203,
      "incr_op_margin_yoy": 0.07879633296489601,
      "rev_growth_yoy": 0.12187440344336989,
      "rev_growth_yoy_accel": -0.00808238391627003,
      "op_leverage_ratio": 9.38175375364873,
      "fcf_margin_change": -0.08241968312681844
    },
    {
      "date": "2024-12-31T00:00:00",
      "quarter_label": "2024-12 (Q4)",
      "revenue": 1581279000,
      "gross_profit": 892346000,
      "operating_income": 282438000,
      "net_income": null,
      "opex": 1298841000,
      "cogs": 688933000,
      "rd": null,
      "sga": 333307000,
      "fcf": -186016000,
      "ocf": 431580000,
      "capex": -617596000,
      "gross_margin": 0.5643191365976529,
      "op_margin": 0.17861364123598683,
      "fcf_margin": -0.11763641963246207,
      "incr_op_margin_yoy": 0.32010529575720037,
      "rev_growth_yoy": 0.11371087645061483,
      "rev_growth_yoy_accel": -0.008163526992755063,
      "op_leverage_ratio": null,
      "fcf_margin_change": -0.025715358450640047
    },
    {
      "date": "2025-03-31T00:00:00",
      "quarter_label": "2025-03 (Q1)",
      "revenue": 1592529000,
      "gross_profit": 882325000,
      "operating_income": 254294000,
      "net_income": null,
      "opex": 1338235000,
      "cogs": 710204000,
      "rd": null,
      "sga": 329737000,
      "fcf": -477468000,
      "ocf": 197299000,
      "capex": -674767000,
      "gross_margin": 0.5540401462076986,
      "op_margin": 0.1596793527778772,
      "fcf_margin": -0.2998174601530019,
      "incr_op_margin_yoy": 0.07496584994726195,
      "rev_growth_yoy": 0.07831870660988867,
      "rev_growth_yoy_accel": -0.035392169840726156,
      "fcf_margin_change": -0.18218104052053985
    },
    {
      "date": "2025-06-30T00:00:00",
      "quarter_label": "2025-06 (Q2)",
      "revenue": 1711948000,
      "gross_profit": 957111000,
      "operating_income": 259896000,
      "net_income": null,
      "opex": 1452052000,
      "cogs": 754837000,
      "rd": null,
      "sga": 390456000,
      "fcf": -181630000,
      "ocf": 375126000,
      "capex": -556756000,
      "gross_margin": 0.5590771448665497,
      "op_margin": 0.15181302235815575,
      "fcf_margin": -0.10609551224686731,
      "incr_op_margin_yoy": 0.1667351962104101,
      "rev_growth_yoy": 0.11570513468051868,
      "rev_growth_yoy_accel": 0.037386428070630015,
      "op_leverage_ratio": 0.8816806924327533,
      "fcf_margin_change": 0.19372194790613462
    },
    {
      "date": "2025-09-30T00:00:00",
      "quarter_label": "2025-09 (Q3)",
      "revenue": 1754093000,
      "gross_profit": 962154000,
      "operating_income": 308589000,
      "net_income": null,
      "opex": 1445504000,
      "cogs": 791939000,
      "rd": null,
      "sga": 335248000,
      "fcf": -256284000,
      "ocf": 267576000,
      "capex": -523860000,
      "gross_margin": 0.5485193772508071,
      "op_margin": 0.17592510773374045,
      "fcf_margin": -0.1461062782874112,
      "incr_op_margin_yoy": 0.29189010598012555,
      "rev_growth_yoy": 0.12632612411532865,
      "rev_growth_yoy_accel": 0.010620989434809963,
      "op_leverage_ratio": null,
      "fcf_margin_change": -0.040010766040543905
    },
    {
      "date": "2025-12-31T00:00:00",
      "quarter_label": "2025-12 (Q4)",
      "revenue": 1843167000,
      "gross_profit": 1020667000,
      "operating_income": 341043000,
      "net_income": null,
      "opex": 1502124000,
      "cogs": 822500000,
      "rd": null,
      "sga": 338461000,
      "fcf": -16247000,
      "ocf": 499998000,
      "capex": -516245000,
      "gross_margin": 0.5537572015992039,
      "op_margin": 0.18503098200000326,
      "fcf_margin": -0.008814719447559554,
      "incr_op_margin_yoy": 0.2237788673020528,
      "rev_growth_yoy": 0.16561783214726813,
      "rev_growth_yoy_accel": 0.03929170803193949,
      "op_leverage_ratio": 1.296426120694539,
      "fcf_margin_change": 0.13729155883985167
    }
  ],
  "signals": [
    {
      "quarter": "2025-12 (Q4)",
      "signal": "FCF MARGIN EXPANSION",
      "detail": "FCF margin: -14.6% -> -0.9% (+13.7%)",
      "severity": "MEDIUM"
    },
    {
      "quarter": "2025-09 (Q3)",
      "signal": "INCREMENTAL MARGIN (YoY)",
      "detail": "YoY Incr OPM: +29.2% vs year-ago OPM: +16.1%",
      "severity": "MEDIUM"
    },
    {
      "quarter": "2025-06 (Q2)",
      "signal": "FCF MARGIN EXPANSION",
      "detail": "FCF margin: -30.0% -> -10.6% (+19.4%)",
      "severity": "MEDIUM"
    },
    {
      "quarter": "2024-12 (Q4)",
      "signal": "INCREMENTAL MARGIN (YoY)",
      "detail": "YoY Incr OPM: +32.0% vs year-ago OPM: +16.3%",
      "severity": "MEDIUM"
    },
    {
      "quarter": "2024-09 (Q3)",
      "signal": "OPERATING LEVERAGE",
      "detail": "Rev growth +1.5% vs OpEx growth +0.2% (leverage: 9.4x)",
      "severity": "MEDIUM"
    },
    {
      "quarter": "2024-06 (Q2)",
      "signal": "FCF MARGIN EXPANSION",
      "detail": "FCF margin: -17.0% -> -1.0% (+16.1%)",
      "severity": "MEDIUM"
    },
    {
      "quarter": "2023-12 (Q4)",
      "signal": "FCF TURNED POSITIVE",
      "detail": "FCF margin: -10.2% -> +4.9%",
      "severity": "HIGH"
    },
    {
      "quarter": "2023-09 (Q3)",
      "signal": "OPERATING LEVERAGE",
      "detail": "Rev growth +2.2% vs OpEx growth +0.4% (leverage: 5.2x)",
      "severity": "MEDIUM"
    },
    {
      "quarter": "2023-06 (Q2)",
      "signal": "FCF MARGIN EXPANSION",
      "detail": "FCF margin: -10.4% -> -1.3% (+9.1%)",
      "severity": "MEDIUM"
    },
    {
      "quarter": "2023-03 (Q1)",
      "signal": "INCREMENTAL MARGIN (YoY)",
      "detail": "YoY Incr OPM: +28.0% vs year-ago OPM: +17.8%",
      "severity": "MEDIUM"
    },
    {
      "quarter": "2022-12 (Q4)",
      "signal": "FCF TURNED POSITIVE",
      "detail": "FCF margin: -4.1% -> +6.9%",
      "severity": "HIGH"
    },
    {
      "quarter": "2022-12 (Q4)",
      "signal": "INCREMENTAL MARGIN (YoY)",
      "detail": "YoY Incr OPM: +43.4% vs year-ago OPM: +16.9%",
      "severity": "HIGH"
    },
    {
      "quarter": "2022-09 (Q3)",
      "signal": "INCREMENTAL MARGIN (YoY)",
      "detail": "YoY Incr OPM: +66.5% vs year-ago OPM: +16.1%",
      "severity": "HIGH"
    },
    {
      "quarter": "2022-06 (Q2)",
      "signal": "FCF TURNED POSITIVE",
      "detail": "FCF margin: -8.5% -> +9.5%",
      "severity": "HIGH"
    },
    {
      "quarter": "2022-03 (Q1)",
      "signal": "INCREMENTAL MARGIN (YoY)",
      "detail": "YoY Incr OPM: +31.2% vs year-ago OPM: +15.7%",
      "severity": "MEDIUM"
    },
    {
      "quarter": "2021-12 (Q4)",
      "signal": "FCF TURNED POSITIVE",
      "detail": "FCF margin: -4.4% -> +8.9%",
      "severity": "HIGH"
    },
    {
      "quarter": "2021-12 (Q4)",
      "signal": "OPERATING LEVERAGE",
      "detail": "Rev growth +2.6% vs OpEx growth +1.5% (leverage: 1.7x)",
      "severity": "MEDIUM"
    },
    {
      "quarter": "2021-06 (Q2)",
      "signal": "FCF TURNED POSITIVE",
      "detail": "FCF margin: -7.1% -> +15.2%",
      "severity": "HIGH"
    }
  ],
  "data_quality": {
    "n_quarters": 20,
    "coverage": {
      "revenue": [
        20,
        20
      ],
      "gross_profit": [
        20,
        20
      ],
      "op_income": [
        20,
        20
      ],
      "fcf": [
        20,
        20
      ]
    },
    "gaps": [],
    "warnings": []
  },
  "market_cap": null,
  "source": "SEC EDGAR",
  "last_updated": "2026-02-13T11:36:00.336457"
}