{
  "ticker": "IRT",
  "name": "INDEPENDENCE REALTY TRUST, INC.",
  "quarters": [
    {
      "date": "2020-12-31T00:00:00",
      "quarter_label": "2020-12 (Q4)",
      "revenue": 54088000,
      "gross_profit": null,
      "operating_income": null,
      "net_income": 13261000,
      "opex": 41250000,
      "cogs": null,
      "rd": null,
      "sga": null,
      "fcf": 14378000,
      "ocf": 14393000,
      "capex": -15000,
      "gross_margin": null,
      "op_margin": null,
      "fcf_margin": 0.26582606123354535
    },
    {
      "date": "2021-03-31T00:00:00",
      "quarter_label": "2021-03 (Q1)",
      "revenue": 55112000,
      "gross_profit": null,
      "operating_income": null,
      "net_income": 1086000,
      "opex": 45634000,
      "cogs": null,
      "rd": null,
      "sga": null,
      "fcf": 20638000,
      "ocf": 20638000,
      "capex": null,
      "gross_margin": null,
      "op_margin": null,
      "fcf_margin": 0.3744737988096966,
      "op_leverage_ratio": 0.1781363055825759,
      "fcf_margin_change": 0.10864773757615126
    },
    {
      "date": "2021-06-30T00:00:00",
      "quarter_label": "2021-06 (Q2)",
      "revenue": 57444000,
      "gross_profit": null,
      "operating_income": null,
      "net_income": 3386000,
      "opex": 45478000,
      "cogs": null,
      "rd": null,
      "sga": null,
      "fcf": 22614000,
      "ocf": 22614000,
      "capex": null,
      "gross_margin": null,
      "op_margin": null,
      "fcf_margin": 0.39367035721746396,
      "op_leverage_ratio": Infinity,
      "fcf_margin_change": 0.01919655840776735
    },
    {
      "date": "2021-09-30T00:00:00",
      "quarter_label": "2021-09 (Q3)",
      "revenue": 60780000,
      "gross_profit": null,
      "operating_income": null,
      "net_income": 11502000,
      "opex": 46732000,
      "cogs": null,
      "rd": null,
      "sga": null,
      "fcf": 30473000,
      "ocf": 30473000,
      "capex": null,
      "gross_margin": null,
      "op_margin": null,
      "fcf_margin": 0.5013655807831523,
      "op_leverage_ratio": 2.106130072508312,
      "fcf_margin_change": 0.10769522356568834
    },
    {
      "date": "2021-12-31T00:00:00",
      "quarter_label": "2021-12 (Q4)",
      "revenue": 76916000,
      "gross_profit": null,
      "operating_income": null,
      "net_income": 28615000,
      "opex": 60825000,
      "cogs": null,
      "rd": null,
      "sga": null,
      "fcf": -21468000,
      "ocf": -21468000,
      "capex": null,
      "gross_margin": null,
      "op_margin": null,
      "fcf_margin": -0.27910967809038434,
      "rev_growth_yoy": 0.42205295074693094,
      "op_leverage_ratio": 0.8803312233193933,
      "fcf_margin_change": -0.7804752588735366
    },
    {
      "date": "2022-03-31T00:00:00",
      "quarter_label": "2022-03 (Q1)",
      "revenue": 150362000,
      "gross_profit": null,
      "operating_income": null,
      "net_income": 74600000,
      "opex": 146148000,
      "cogs": null,
      "rd": null,
      "sga": null,
      "fcf": 40580000,
      "ocf": 40580000,
      "capex": null,
      "gross_margin": null,
      "op_margin": null,
      "fcf_margin": 0.26988201806307444,
      "rev_growth_yoy": 1.7282987371171432,
      "rev_growth_yoy_accel": 1.3062457863702122,
      "op_leverage_ratio": 0.6807183502188766,
      "fcf_margin_change": 0.5489916961534588
    },
    {
      "date": "2022-06-30T00:00:00",
      "quarter_label": "2022-06 (Q2)",
      "revenue": 154763000,
      "gross_profit": null,
      "operating_income": null,
      "net_income": -7205000,
      "opex": 139284000,
      "cogs": null,
      "rd": null,
      "sga": null,
      "fcf": 71007000,
      "ocf": 71007000,
      "capex": null,
      "gross_margin": null,
      "op_margin": null,
      "fcf_margin": 0.4588112145667892,
      "rev_growth_yoy": 1.6941543068031475,
      "rev_growth_yoy_accel": -0.03414443031399572,
      "op_leverage_ratio": Infinity,
      "fcf_margin_change": 0.18892919650371476
    },
    {
      "date": "2022-09-30T00:00:00",
      "quarter_label": "2022-09 (Q3)",
      "revenue": 160600000,
      "gross_profit": null,
      "operating_income": null,
      "net_income": 16223000,
      "opex": 120867000,
      "cogs": null,
      "rd": null,
      "sga": null,
      "fcf": 79654000,
      "ocf": 79654000,
      "capex": null,
      "gross_margin": null,
      "op_margin": null,
      "fcf_margin": 0.4959775840597758,
      "rev_growth_yoy": 1.6423165514972031,
      "rev_growth_yoy_accel": -0.051837755305944366,
      "op_leverage_ratio": Infinity,
      "fcf_margin_change": 0.03716636949298663
    },
    {
      "date": "2022-12-31T00:00:00",
      "quarter_label": "2022-12 (Q4)",
      "revenue": 162799000,
      "gross_profit": null,
      "operating_income": null,
      "net_income": 33631000,
      "opex": 120253000,
      "cogs": null,
      "rd": null,
      "sga": null,
      "fcf": 58296000,
      "ocf": 58296000,
      "capex": null,
      "gross_margin": null,
      "op_margin": null,
      "fcf_margin": 0.358085737627381,
      "rev_growth_yoy": 1.1165817255187478,
      "rev_growth_yoy_accel": -0.5257348259784553,
      "op_leverage_ratio": Infinity,
      "fcf_margin_change": -0.13789184643239483
    },
    {
      "date": "2023-03-31T00:00:00",
      "quarter_label": "2023-03 (Q1)",
      "revenue": 161374000,
      "gross_profit": null,
      "operating_income": null,
      "net_income": 8648000,
      "opex": 127467000,
      "cogs": null,
      "rd": null,
      "sga": null,
      "fcf": 46911000,
      "ocf": 46911000,
      "capex": null,
      "gross_margin": null,
      "op_margin": null,
      "fcf_margin": 0.2906973861960415,
      "rev_growth_yoy": 0.07323658903180325,
      "rev_growth_yoy_accel": -1.0433451364869446,
      "fcf_margin_change": -0.06738835143133948
    },
    {
      "date": "2023-06-30T00:00:00",
      "quarter_label": "2023-06 (Q2)",
      "revenue": 163955000,
      "gross_profit": null,
      "operating_income": null,
      "net_income": 10709000,
      "opex": 129463000,
      "cogs": null,
      "rd": null,
      "sga": null,
      "fcf": 80283000,
      "ocf": 80283000,
      "capex": null,
      "gross_margin": null,
      "op_margin": null,
      "fcf_margin": 0.4896648470616938,
      "rev_growth_yoy": 0.059394041211400656,
      "rev_growth_yoy_accel": -0.01384254782040259,
      "op_leverage_ratio": 1.0213901565943742,
      "fcf_margin_change": 0.19896746086565226
    },
    {
      "date": "2023-09-30T00:00:00",
      "quarter_label": "2023-09 (Q3)",
      "revenue": 168607000,
      "gross_profit": null,
      "operating_income": null,
      "net_income": 3930000,
      "opex": 129773000,
      "cogs": null,
      "rd": null,
      "sga": null,
      "fcf": 75798000,
      "ocf": 75798000,
      "capex": null,
      "gross_margin": null,
      "op_margin": null,
      "fcf_margin": 0.44955428896783645,
      "rev_growth_yoy": 0.04985678704856787,
      "rev_growth_yoy_accel": -0.009537254162832784,
      "op_leverage_ratio": 11.84947238669934,
      "fcf_margin_change": -0.04011055809385733
    },
    {
      "date": "2023-12-31T00:00:00",
      "quarter_label": "2023-12 (Q4)",
      "revenue": 167046000,
      "gross_profit": null,
      "operating_income": null,
      "net_income": -40515000,
      "opex": 127366000,
      "cogs": null,
      "rd": null,
      "sga": null,
      "fcf": 59178000,
      "ocf": 59178000,
      "capex": null,
      "gross_margin": null,
      "op_margin": null,
      "fcf_margin": 0.35426170036995797,
      "rev_growth_yoy": 0.026087383829139,
      "rev_growth_yoy_accel": -0.023769403219428872,
      "fcf_margin_change": -0.09529258859787848
    },
    {
      "date": "2024-03-31T00:00:00",
      "quarter_label": "2024-03 (Q1)",
      "revenue": 160534000,
      "gross_profit": null,
      "operating_income": null,
      "net_income": 17577000,
      "opex": 131873000,
      "cogs": null,
      "rd": null,
      "sga": null,
      "fcf": 44057000,
      "ocf": 44057000,
      "capex": null,
      "gross_margin": null,
      "op_margin": null,
      "fcf_margin": 0.27444030548045895,
      "rev_growth_yoy": -0.005205299490624264,
      "rev_growth_yoy_accel": -0.031292683319763266,
      "fcf_margin_change": -0.07982139488949902
    },
    {
      "date": "2024-06-30T00:00:00",
      "quarter_label": "2024-06 (Q2)",
      "revenue": 158402000,
      "gross_profit": null,
      "operating_income": null,
      "net_income": 10354000,
      "opex": 129385000,
      "cogs": null,
      "rd": null,
      "sga": null,
      "fcf": 83023000,
      "ocf": 83023000,
      "capex": null,
      "gross_margin": null,
      "op_margin": null,
      "fcf_margin": 0.5241284832262219,
      "rev_growth_yoy": -0.03386904943429599,
      "rev_growth_yoy_accel": -0.02866374994367173,
      "fcf_margin_change": 0.2496881777457629
    },
    {
      "date": "2024-09-30T00:00:00",
      "quarter_label": "2024-09 (Q3)",
      "revenue": 160135000,
      "gross_profit": null,
      "operating_income": null,
      "net_income": 12365000,
      "opex": 129192000,
      "cogs": null,
      "rd": null,
      "sga": null,
      "fcf": 69239000,
      "ocf": 69239000,
      "capex": null,
      "gross_margin": null,
      "op_margin": null,
      "fcf_margin": 0.4323789302775783,
      "rev_growth_yoy": -0.05024702414490501,
      "rev_growth_yoy_accel": -0.01637797471060902,
      "op_leverage_ratio": Infinity,
      "fcf_margin_change": -0.09174955294864356
    },
    {
      "date": "2024-12-31T00:00:00",
      "quarter_label": "2024-12 (Q4)",
      "revenue": 160963000,
      "gross_profit": null,
      "operating_income": null,
      "net_income": -1001000,
      "opex": 124092000,
      "cogs": null,
      "rd": null,
      "sga": null,
      "fcf": 63434000,
      "ocf": 63434000,
      "capex": null,
      "gross_margin": null,
      "op_margin": null,
      "fcf_margin": 0.39409056739747644,
      "rev_growth_yoy": -0.03641511918872646,
      "rev_growth_yoy_accel": 0.013831904956178552,
      "fcf_margin_change": -0.038288362880101845
    },
    {
      "date": "2025-03-31T00:00:00",
      "quarter_label": "2025-03 (Q1)",
      "revenue": 161243000,
      "gross_profit": null,
      "operating_income": null,
      "net_income": 8354000,
      "opex": 134105000,
      "cogs": null,
      "rd": null,
      "sga": null,
      "fcf": 60365000,
      "ocf": 60365000,
      "capex": null,
      "gross_margin": null,
      "op_margin": null,
      "fcf_margin": 0.37437284099154694,
      "rev_growth_yoy": 0.004416509898214708,
      "rev_growth_yoy_accel": 0.04083162908694117,
      "fcf_margin_change": -0.019717726405929503
    },
    {
      "date": "2025-06-30T00:00:00",
      "quarter_label": "2025-06 (Q2)",
      "revenue": 162188000,
      "gross_profit": null,
      "operating_income": null,
      "net_income": 8046000,
      "opex": 134681000,
      "cogs": null,
      "rd": null,
      "sga": null,
      "fcf": 82249000,
      "ocf": 82249000,
      "capex": null,
      "gross_margin": null,
      "op_margin": null,
      "fcf_margin": 0.5071213653291242,
      "rev_growth_yoy": 0.023901213368518075,
      "rev_growth_yoy_accel": 0.019484703470303365,
      "fcf_margin_change": 0.13274852433757728
    },
    {
      "date": "2025-09-30T00:00:00",
      "quarter_label": "2025-09 (Q3)",
      "revenue": 167138000,
      "gross_profit": null,
      "operating_income": null,
      "net_income": 6893000,
      "opex": 136649000,
      "cogs": null,
      "rd": null,
      "sga": null,
      "fcf": 79345000,
      "ocf": 79345000,
      "capex": null,
      "gross_margin": null,
      "op_margin": null,
      "fcf_margin": 0.4747274707128241,
      "rev_growth_yoy": 0.04373185125050739,
      "rev_growth_yoy_accel": 0.019830637881989313,
      "op_leverage_ratio": 2.088659851680706,
      "fcf_margin_change": -0.0323938946163001
    }
  ],
  "signals": [
    {
      "quarter": "2025-09 (Q3)",
      "signal": "OPERATING LEVERAGE",
      "detail": "Rev growth +3.1% vs OpEx growth +1.5% (leverage: 2.1x)",
      "severity": "MEDIUM"
    },
    {
      "quarter": "2025-06 (Q2)",
      "signal": "FCF MARGIN EXPANSION",
      "detail": "FCF margin: +37.4% -> +50.7% (+13.3%)",
      "severity": "MEDIUM"
    },
    {
      "quarter": "2024-06 (Q2)",
      "signal": "FCF MARGIN EXPANSION",
      "detail": "FCF margin: +27.4% -> +52.4% (+25.0%)",
      "severity": "MEDIUM"
    },
    {
      "quarter": "2023-09 (Q3)",
      "signal": "OPERATING LEVERAGE",
      "detail": "Rev growth +2.8% vs OpEx growth +0.2% (leverage: 11.8x)",
      "severity": "MEDIUM"
    },
    {
      "quarter": "2023-06 (Q2)",
      "signal": "FCF MARGIN EXPANSION",
      "detail": "FCF margin: +29.1% -> +49.0% (+19.9%)",
      "severity": "MEDIUM"
    },
    {
      "quarter": "2023-03 (Q1)",
      "signal": "YoY REVENUE GROWTH DECELERATION",
      "detail": "YoY growth: +7.3% vs prior quarter YoY: +111.7% (decel: -104.3%)",
      "severity": "WARNING"
    },
    {
      "quarter": "2022-12 (Q4)",
      "signal": "YoY REVENUE GROWTH DECELERATION",
      "detail": "YoY growth: +111.7% vs prior quarter YoY: +164.2% (decel: -52.6%)",
      "severity": "WARNING"
    },
    {
      "quarter": "2022-09 (Q3)",
      "signal": "YoY REVENUE GROWTH DECELERATION",
      "detail": "YoY growth: +164.2% vs prior quarter YoY: +169.4% (decel: -5.2%)",
      "severity": "WARNING"
    },
    {
      "quarter": "2022-06 (Q2)",
      "signal": "FCF MARGIN EXPANSION",
      "detail": "FCF margin: +27.0% -> +45.9% (+18.9%)",
      "severity": "MEDIUM"
    },
    {
      "quarter": "2022-03 (Q1)",
      "signal": "FCF TURNED POSITIVE",
      "detail": "FCF margin: -27.9% -> +27.0%",
      "severity": "HIGH"
    },
    {
      "quarter": "2022-03 (Q1)",
      "signal": "YoY REVENUE GROWTH ACCELERATION",
      "detail": "YoY growth: +172.8% vs prior quarter YoY: +42.2% (accel: +130.6%)",
      "severity": "HIGH"
    },
    {
      "quarter": "2021-09 (Q3)",
      "signal": "FCF MARGIN EXPANSION",
      "detail": "FCF margin: +39.4% -> +50.1% (+10.8%)",
      "severity": "MEDIUM"
    },
    {
      "quarter": "2021-09 (Q3)",
      "signal": "OPERATING LEVERAGE",
      "detail": "Rev growth +5.8% vs OpEx growth +2.8% (leverage: 2.1x)",
      "severity": "MEDIUM"
    },
    {
      "quarter": "2021-03 (Q1)",
      "signal": "FCF MARGIN EXPANSION",
      "detail": "FCF margin: +26.6% -> +37.4% (+10.9%)",
      "severity": "MEDIUM"
    }
  ],
  "data_quality": {
    "n_quarters": 20,
    "coverage": {
      "revenue": [
        20,
        20
      ],
      "gross_profit": [
        0,
        20
      ],
      "op_income": [
        0,
        20
      ],
      "fcf": [
        20,
        20
      ]
    },
    "gaps": [],
    "warnings": [
      "gross_profit: no data",
      "op_income: no data"
    ]
  },
  "market_cap": null,
  "source": "SEC EDGAR",
  "last_updated": "2026-02-02T21:12:11.345584"
}