{
  "ticker": "IRWD",
  "name": "IRONWOOD PHARMACEUTICALS,\u00a0INC.",
  "quarters": [
    {
      "date": "2020-12-31T00:00:00",
      "quarter_label": "2020-12 (Q4)",
      "revenue": 116680000,
      "gross_profit": 115783000,
      "operating_income": 51384000,
      "net_income": 43204000,
      "opex": 65296000,
      "cogs": 897000,
      "rd": 16267000,
      "sga": 33982000,
      "fcf": 51485000,
      "ocf": 51513000,
      "capex": -28000,
      "gross_margin": 0.9923123071648955,
      "op_margin": 0.44038395611930065,
      "fcf_margin": 0.4412495714775454
    },
    {
      "date": "2021-03-31T00:00:00",
      "quarter_label": "2021-03 (Q1)",
      "revenue": 88845000,
      "gross_profit": null,
      "operating_income": 45398000,
      "net_income": 39926000,
      "opex": 43447000,
      "cogs": null,
      "rd": 15484000,
      "sga": 27652000,
      "fcf": 73694000,
      "ocf": 73694000,
      "capex": null,
      "gross_margin": null,
      "op_margin": 0.5109797962744105,
      "fcf_margin": 0.8294670493556193,
      "fcf_margin_change": 0.3882174778780739
    },
    {
      "date": "2021-06-30T00:00:00",
      "quarter_label": "2021-06 (Q2)",
      "revenue": 104031000,
      "gross_profit": null,
      "operating_income": 65098000,
      "net_income": 391303000,
      "opex": 38933000,
      "cogs": null,
      "rd": 12163000,
      "sga": 27052000,
      "fcf": 48568000,
      "ocf": 48568000,
      "capex": null,
      "gross_margin": null,
      "op_margin": 0.625755784333516,
      "fcf_margin": 0.4668608395574396,
      "op_leverage_ratio": Infinity,
      "fcf_margin_change": -0.3626062097981797
    },
    {
      "date": "2021-09-30T00:00:00",
      "quarter_label": "2021-09 (Q3)",
      "revenue": 103747000,
      "gross_profit": null,
      "operating_income": 65171000,
      "net_income": 55845000,
      "opex": 38576000,
      "cogs": null,
      "rd": 10907000,
      "sga": 27742000,
      "fcf": 75065000,
      "ocf": 75065000,
      "capex": null,
      "gross_margin": null,
      "op_margin": 0.6281723808881221,
      "fcf_margin": 0.7235389938986188,
      "fcf_margin_change": 0.25667815434117913
    },
    {
      "date": "2021-12-31T00:00:00",
      "quarter_label": "2021-12 (Q4)",
      "revenue": 117130000,
      "gross_profit": null,
      "operating_income": 56592000,
      "net_income": 41374000,
      "opex": 60538000,
      "cogs": null,
      "rd": 31851000,
      "sga": 28687000,
      "fcf": 64440000,
      "ocf": 64568000,
      "capex": -128000,
      "gross_margin": null,
      "op_margin": 0.48315546828310424,
      "fcf_margin": 0.5501579441646034,
      "rev_growth_yoy": 0.0038567020911895785,
      "op_leverage_ratio": 0.22658086816201906,
      "fcf_margin_change": -0.17338104973401536
    },
    {
      "date": "2022-03-31T00:00:00",
      "quarter_label": "2022-03 (Q1)",
      "revenue": 97529000,
      "gross_profit": null,
      "operating_income": 57846000,
      "net_income": 38801000,
      "opex": 39683000,
      "cogs": null,
      "rd": 10822000,
      "sga": 28861000,
      "fcf": 64115000,
      "ocf": 64124000,
      "capex": -9000,
      "gross_margin": null,
      "op_margin": 0.5931158937341714,
      "fcf_margin": 0.6573942109526397,
      "incr_op_margin_yoy": 1.4334408106863197,
      "rev_growth_yoy": 0.0977432607349879,
      "rev_growth_yoy_accel": 0.09388655864379833,
      "fcf_margin_change": 0.10723626678803633
    },
    {
      "date": "2022-06-30T00:00:00",
      "quarter_label": "2022-06 (Q2)",
      "revenue": 97231000,
      "gross_profit": null,
      "operating_income": 55655000,
      "net_income": 37080000,
      "opex": 41576000,
      "cogs": null,
      "rd": 11452000,
      "sga": 30124000,
      "fcf": 61277000,
      "ocf": 61365000,
      "capex": -88000,
      "gross_margin": null,
      "op_margin": 0.5723997490512285,
      "fcf_margin": 0.6302208143493331,
      "incr_op_margin_yoy": 1.3886764705882353,
      "rev_growth_yoy": -0.06536513154732723,
      "rev_growth_yoy_accel": -0.16310839228231513,
      "fcf_margin_change": -0.027173396603306643
    },
    {
      "date": "2022-09-30T00:00:00",
      "quarter_label": "2022-09 (Q3)",
      "revenue": 108637000,
      "gross_profit": null,
      "operating_income": 68473000,
      "net_income": 50317000,
      "opex": 40164000,
      "cogs": null,
      "rd": 11545000,
      "sga": 28619000,
      "fcf": 69026000,
      "ocf": 69092000,
      "capex": -66000,
      "gross_margin": null,
      "op_margin": 0.6302917054042362,
      "fcf_margin": 0.635382052155343,
      "incr_op_margin_yoy": 0.6752556237218814,
      "rev_growth_yoy": 0.04713389302823214,
      "rev_growth_yoy_accel": 0.11249902457555938,
      "op_leverage_ratio": Infinity,
      "fcf_margin_change": 0.005161237806009966
    },
    {
      "date": "2022-12-31T00:00:00",
      "quarter_label": "2022-12 (Q4)",
      "revenue": 107199000,
      "gross_profit": null,
      "operating_income": 68363000,
      "net_income": 48867000,
      "opex": 38836000,
      "cogs": null,
      "rd": 10446000,
      "sga": 28390000,
      "fcf": 79209000,
      "ocf": 79182000,
      "capex": 27000,
      "gross_margin": null,
      "op_margin": 0.6377205011240776,
      "fcf_margin": 0.7388968180673328,
      "incr_op_margin_yoy": -1.1852784211056289,
      "rev_growth_yoy": -0.08478613506360454,
      "rev_growth_yoy_accel": -0.13192002809183667,
      "fcf_margin_change": 0.10351476591198971
    },
    {
      "date": "2023-03-31T00:00:00",
      "quarter_label": "2023-03 (Q1)",
      "revenue": 104061000,
      "gross_profit": null,
      "operating_income": 60097000,
      "net_income": 45714000,
      "opex": 43964000,
      "cogs": null,
      "rd": 12847000,
      "sga": 31117000,
      "fcf": 80158000,
      "ocf": 80171000,
      "capex": -13000,
      "gross_margin": null,
      "op_margin": 0.5775170332785577,
      "fcf_margin": 0.7702981904844274,
      "incr_op_margin_yoy": 0.3446111451316595,
      "rev_growth_yoy": 0.06697495104020343,
      "rev_growth_yoy_accel": 0.15176108610380795,
      "fcf_margin_change": 0.03140137241709462
    },
    {
      "date": "2023-06-30T00:00:00",
      "quarter_label": "2023-06 (Q2)",
      "revenue": 107382000,
      "gross_profit": null,
      "operating_income": -1083139000,
      "net_income": -1062187000,
      "opex": 1190521000,
      "cogs": null,
      "rd": 34577000,
      "sga": 52484000,
      "fcf": 34963000,
      "ocf": 34963000,
      "capex": null,
      "gross_margin": null,
      "op_margin": -10.086783632266116,
      "fcf_margin": 0.32559460617235664,
      "incr_op_margin_yoy": -112.18540045315733,
      "rev_growth_yoy": 0.1044008598080859,
      "rev_growth_yoy_accel": 0.037425908767882474,
      "op_leverage_ratio": 0.0012237210469971487,
      "fcf_margin_change": -0.44470358431207074
    },
    {
      "date": "2023-09-30T00:00:00",
      "quarter_label": "2023-09 (Q3)",
      "revenue": 113739000,
      "gross_profit": null,
      "operating_income": 40023000,
      "net_income": 15321000,
      "opex": 73716000,
      "cogs": null,
      "rd": 32985000,
      "sga": 36046000,
      "fcf": 32410000,
      "ocf": 32459000,
      "capex": -49000,
      "gross_margin": null,
      "op_margin": 0.3518845778492865,
      "fcf_margin": 0.28495063258864595,
      "incr_op_margin_yoy": -5.57624460995688,
      "rev_growth_yoy": 0.04696374163498624,
      "rev_growth_yoy_accel": -0.05743711817309966,
      "op_leverage_ratio": Infinity,
      "fcf_margin_change": -0.04064397358371069
    },
    {
      "date": "2023-12-31T00:00:00",
      "quarter_label": "2023-12 (Q4)",
      "revenue": 117553000,
      "gross_profit": null,
      "operating_income": 37589000,
      "net_income": -1087000,
      "opex": 79964000,
      "cogs": null,
      "rd": 35676000,
      "sga": 38667000,
      "fcf": 35623000,
      "ocf": 35834000,
      "capex": -211000,
      "gross_margin": null,
      "op_margin": 0.31976214983879614,
      "fcf_margin": 0.3030377787040739,
      "incr_op_margin_yoy": -2.9721846629322,
      "rev_growth_yoy": 0.09658672189106242,
      "rev_growth_yoy_accel": 0.04962298025607618,
      "op_leverage_ratio": 0.3956325576316936,
      "fcf_margin_change": 0.018087146115427943
    },
    {
      "date": "2024-03-31T00:00:00",
      "quarter_label": "2024-03 (Q1)",
      "revenue": 74877000,
      "gross_profit": null,
      "operating_income": 11020000,
      "net_income": -4162000,
      "opex": 63857000,
      "cogs": null,
      "rd": 25815000,
      "sga": 37605000,
      "fcf": 44917000,
      "ocf": 44985000,
      "capex": -68000,
      "gross_margin": null,
      "op_margin": 0.1471746998410727,
      "fcf_margin": 0.5998771318295337,
      "incr_op_margin_yoy": 1.681640625,
      "rev_growth_yoy": -0.2804508893821893,
      "rev_growth_yoy_accel": -0.37703761127325175,
      "fcf_margin_change": 0.29683935312545984
    },
    {
      "date": "2024-06-30T00:00:00",
      "quarter_label": "2024-06 (Q2)",
      "revenue": 94396000,
      "gross_profit": null,
      "operating_income": 24977000,
      "net_income": -860000,
      "opex": 69419000,
      "cogs": null,
      "rd": 30388000,
      "sga": 36964000,
      "fcf": 33407000,
      "ocf": 33465000,
      "capex": -58000,
      "gross_margin": null,
      "op_margin": 0.2645980761896691,
      "fcf_margin": 0.35390270774185345,
      "incr_op_margin_yoy": -85.33158786385339,
      "rev_growth_yoy": -0.120932744780317,
      "rev_growth_yoy_accel": 0.1595181446018723,
      "op_leverage_ratio": 2.9928617464584866,
      "fcf_margin_change": -0.24597442408768028
    },
    {
      "date": "2024-09-30T00:00:00",
      "quarter_label": "2024-09 (Q3)",
      "revenue": 91592000,
      "gross_profit": null,
      "operating_income": 25636000,
      "net_income": 3646000,
      "opex": 65956000,
      "cogs": null,
      "rd": 29827000,
      "sga": 36113000,
      "fcf": 9869000,
      "ocf": 9885000,
      "capex": -16000,
      "gross_margin": null,
      "op_margin": 0.2798934404751507,
      "fcf_margin": 0.10774958511660407,
      "incr_op_margin_yoy": 0.6496139431977243,
      "rev_growth_yoy": -0.19471773094541012,
      "rev_growth_yoy_accel": -0.07378498616509312,
      "fcf_margin_change": -0.24615312262524938
    },
    {
      "date": "2024-12-31T00:00:00",
      "quarter_label": "2024-12 (Q4)",
      "revenue": 90545000,
      "gross_profit": null,
      "operating_income": 31491000,
      "net_income": 2256000,
      "opex": 59054000,
      "cogs": null,
      "rd": 25391000,
      "sga": 33590000,
      "fcf": 15214000,
      "ocf": 15214000,
      "capex": null,
      "gross_margin": null,
      "op_margin": 0.3477939146280855,
      "fcf_margin": 0.1680269479264454,
      "incr_op_margin_yoy": 0.22578495260663506,
      "rev_growth_yoy": -0.22975168647333544,
      "rev_growth_yoy_accel": -0.03503395552792532,
      "fcf_margin_change": 0.060277362809841334
    },
    {
      "date": "2025-03-31T00:00:00",
      "quarter_label": "2025-03 (Q1)",
      "revenue": 41143000,
      "gross_profit": null,
      "operating_income": -29108000,
      "net_income": -37386000,
      "opex": 70251000,
      "cogs": null,
      "rd": 27432000,
      "sga": 24260000,
      "fcf": 19923000,
      "ocf": 19954000,
      "capex": -31000,
      "gross_margin": null,
      "op_margin": -0.7074836545706439,
      "fcf_margin": 0.48423790195172933,
      "incr_op_margin_yoy": 1.1895417086618842,
      "rev_growth_yoy": -0.45052552853346156,
      "rev_growth_yoy_accel": -0.22077384206012612,
      "fcf_margin_change": 0.31621095402528393
    },
    {
      "date": "2025-06-30T00:00:00",
      "quarter_label": "2025-06 (Q2)",
      "revenue": 85239000,
      "gross_profit": null,
      "operating_income": 45321000,
      "net_income": 23599000,
      "opex": 39918000,
      "cogs": null,
      "rd": 23373000,
      "sga": 16795000,
      "fcf": -15070000,
      "ocf": -15068000,
      "capex": -2000,
      "gross_margin": null,
      "op_margin": 0.5316932390103122,
      "fcf_margin": -0.17679700606529875,
      "incr_op_margin_yoy": -2.2216883258709186,
      "rev_growth_yoy": -0.09700622907750328,
      "rev_growth_yoy_accel": 0.3535192994559583,
      "op_leverage_ratio": Infinity,
      "fcf_margin_change": -0.6610349080170281
    },
    {
      "date": "2025-09-30T00:00:00",
      "quarter_label": "2025-09 (Q3)",
      "revenue": 122060000,
      "gross_profit": null,
      "operating_income": 75484000,
      "net_income": 40080000,
      "opex": 46576000,
      "cogs": null,
      "rd": 22468000,
      "sga": 21908000,
      "fcf": 47581000,
      "ocf": 47583000,
      "capex": -2000,
      "gross_margin": null,
      "op_margin": 0.6184171718826806,
      "fcf_margin": 0.3898164836965427,
      "incr_op_margin_yoy": 1.636077195746357,
      "rev_growth_yoy": 0.33264913966285264,
      "rev_growth_yoy_accel": 0.4296553687403559,
      "op_leverage_ratio": 2.5898953509163856,
      "fcf_margin_change": 0.5666134897618414
    }
  ],
  "signals": [
    {
      "quarter": "2025-09 (Q3)",
      "signal": "FCF TURNED POSITIVE",
      "detail": "FCF margin: -17.7% -> +39.0%",
      "severity": "HIGH"
    },
    {
      "quarter": "2025-09 (Q3)",
      "signal": "OPERATING LEVERAGE",
      "detail": "Rev growth +43.2% vs OpEx growth +16.7% (leverage: 2.6x)",
      "severity": "MEDIUM"
    },
    {
      "quarter": "2025-09 (Q3)",
      "signal": "YoY REVENUE GROWTH ACCELERATION",
      "detail": "YoY growth: +33.3% vs prior quarter YoY: -9.7% (accel: +43.0%)",
      "severity": "HIGH"
    },
    {
      "quarter": "2025-09 (Q3)",
      "signal": "INCREMENTAL MARGIN (YoY)",
      "detail": "YoY Incr OPM: +163.6% vs year-ago OPM: +28.0%",
      "severity": "HIGH"
    },
    {
      "quarter": "2025-06 (Q2)",
      "signal": "YoY REVENUE GROWTH ACCELERATION",
      "detail": "YoY growth: -9.7% vs prior quarter YoY: -45.1% (accel: +35.4%)",
      "severity": "HIGH"
    },
    {
      "quarter": "2025-06 (Q2)",
      "signal": "OP MARGIN TURNED POSITIVE (QoQ)",
      "detail": "Op margin: -70.7% -> +53.2%",
      "severity": "HIGH"
    },
    {
      "quarter": "2025-03 (Q1)",
      "signal": "FCF MARGIN EXPANSION",
      "detail": "FCF margin: +16.8% -> +48.4% (+31.6%)",
      "severity": "MEDIUM"
    },
    {
      "quarter": "2025-03 (Q1)",
      "signal": "YoY REVENUE GROWTH DECELERATION",
      "detail": "YoY growth: -45.1% vs prior quarter YoY: -23.0% (decel: -22.1%)",
      "severity": "WARNING"
    },
    {
      "quarter": "2024-12 (Q4)",
      "signal": "FCF MARGIN EXPANSION",
      "detail": "FCF margin: +10.8% -> +16.8% (+6.0%)",
      "severity": "MEDIUM"
    },
    {
      "quarter": "2024-09 (Q3)",
      "signal": "YoY REVENUE GROWTH DECELERATION",
      "detail": "YoY growth: -19.5% vs prior quarter YoY: -12.1% (decel: -7.4%)",
      "severity": "WARNING"
    },
    {
      "quarter": "2024-09 (Q3)",
      "signal": "INCREMENTAL MARGIN (YoY)",
      "detail": "YoY Incr OPM: +65.0% vs year-ago OPM: +35.2%",
      "severity": "HIGH"
    },
    {
      "quarter": "2024-06 (Q2)",
      "signal": "OPERATING LEVERAGE",
      "detail": "Rev growth +26.1% vs OpEx growth +8.7% (leverage: 3.0x)",
      "severity": "MEDIUM"
    },
    {
      "quarter": "2024-06 (Q2)",
      "signal": "YoY REVENUE GROWTH ACCELERATION",
      "detail": "YoY growth: -12.1% vs prior quarter YoY: -28.0% (accel: +16.0%)",
      "severity": "HIGH"
    },
    {
      "quarter": "2024-06 (Q2)",
      "signal": "OP MARGIN TURNED POSITIVE (YoY)",
      "detail": "Op margin: -1008.7% (year-ago) -> +26.5%",
      "severity": "HIGH"
    },
    {
      "quarter": "2024-03 (Q1)",
      "signal": "FCF MARGIN EXPANSION",
      "detail": "FCF margin: +30.3% -> +60.0% (+29.7%)",
      "severity": "MEDIUM"
    },
    {
      "quarter": "2024-03 (Q1)",
      "signal": "YoY REVENUE GROWTH DECELERATION",
      "detail": "YoY growth: -28.0% vs prior quarter YoY: +9.7% (decel: -37.7%)",
      "severity": "WARNING"
    },
    {
      "quarter": "2024-03 (Q1)",
      "signal": "INCREMENTAL MARGIN (YoY)",
      "detail": "YoY Incr OPM: +168.2% vs year-ago OPM: +57.8%",
      "severity": "HIGH"
    },
    {
      "quarter": "2023-09 (Q3)",
      "signal": "YoY REVENUE GROWTH DECELERATION",
      "detail": "YoY growth: +4.7% vs prior quarter YoY: +10.4% (decel: -5.7%)",
      "severity": "WARNING"
    },
    {
      "quarter": "2023-09 (Q3)",
      "signal": "OP MARGIN TURNED POSITIVE (QoQ)",
      "detail": "Op margin: -1008.7% -> +35.2%",
      "severity": "HIGH"
    },
    {
      "quarter": "2023-03 (Q1)",
      "signal": "YoY REVENUE GROWTH ACCELERATION",
      "detail": "YoY growth: +6.7% vs prior quarter YoY: -8.5% (accel: +15.2%)",
      "severity": "HIGH"
    },
    {
      "quarter": "2022-12 (Q4)",
      "signal": "FCF MARGIN EXPANSION",
      "detail": "FCF margin: +63.5% -> +73.9% (+10.4%)",
      "severity": "MEDIUM"
    },
    {
      "quarter": "2022-12 (Q4)",
      "signal": "YoY REVENUE GROWTH DECELERATION",
      "detail": "YoY growth: -8.5% vs prior quarter YoY: +4.7% (decel: -13.2%)",
      "severity": "WARNING"
    },
    {
      "quarter": "2022-09 (Q3)",
      "signal": "YoY REVENUE GROWTH ACCELERATION",
      "detail": "YoY growth: +4.7% vs prior quarter YoY: -6.5% (accel: +11.2%)",
      "severity": "MEDIUM"
    },
    {
      "quarter": "2022-06 (Q2)",
      "signal": "YoY REVENUE GROWTH DECELERATION",
      "detail": "YoY growth: -6.5% vs prior quarter YoY: +9.8% (decel: -16.3%)",
      "severity": "WARNING"
    },
    {
      "quarter": "2022-06 (Q2)",
      "signal": "INCREMENTAL MARGIN (YoY)",
      "detail": "YoY Incr OPM: +138.9% vs year-ago OPM: +62.6%",
      "severity": "HIGH"
    },
    {
      "quarter": "2022-03 (Q1)",
      "signal": "FCF MARGIN EXPANSION",
      "detail": "FCF margin: +55.0% -> +65.7% (+10.7%)",
      "severity": "MEDIUM"
    },
    {
      "quarter": "2022-03 (Q1)",
      "signal": "YoY REVENUE GROWTH ACCELERATION",
      "detail": "YoY growth: +9.8% vs prior quarter YoY: +0.4% (accel: +9.4%)",
      "severity": "MEDIUM"
    },
    {
      "quarter": "2022-03 (Q1)",
      "signal": "INCREMENTAL MARGIN (YoY)",
      "detail": "YoY Incr OPM: +143.3% vs year-ago OPM: +51.1%",
      "severity": "HIGH"
    },
    {
      "quarter": "2021-09 (Q3)",
      "signal": "FCF MARGIN EXPANSION",
      "detail": "FCF margin: +46.7% -> +72.4% (+25.7%)",
      "severity": "MEDIUM"
    },
    {
      "quarter": "2021-03 (Q1)",
      "signal": "FCF MARGIN EXPANSION",
      "detail": "FCF margin: +44.1% -> +82.9% (+38.8%)",
      "severity": "MEDIUM"
    }
  ],
  "data_quality": {
    "n_quarters": 20,
    "coverage": {
      "revenue": [
        20,
        20
      ],
      "gross_profit": [
        1,
        20
      ],
      "op_income": [
        20,
        20
      ],
      "fcf": [
        20,
        20
      ]
    },
    "gaps": [],
    "warnings": [
      "gross_profit: 1/20Q"
    ]
  },
  "market_cap": null,
  "source": "SEC EDGAR",
  "last_updated": "2026-02-02T22:07:20.014013",
  "sector": "Healthcare",
  "industry": "Drug Manufacturers - Specialty & Generic"
}