{
  "ticker": "ISPO",
  "name": "INSPIRATO INCORPORATED",
  "quarters": [
    {
      "date": "2021-03-31T00:00:00",
      "quarter_label": "2021-03 (Q1)",
      "revenue": 49280000,
      "gross_profit": 17191000,
      "operating_income": -269936,
      "net_income": 6079998,
      "opex": 17460936,
      "cogs": 32089000,
      "rd": null,
      "sga": null,
      "fcf": 8851000,
      "ocf": 9211000,
      "capex": -360000,
      "gross_margin": 0.34884334415584417,
      "op_margin": -0.005477597402597402,
      "fcf_margin": 0.17960633116883118
    },
    {
      "date": "2021-06-30T00:00:00",
      "quarter_label": "2021-06 (Q2)",
      "revenue": 52286000,
      "gross_profit": 16663000,
      "operating_income": -600885,
      "net_income": -11657781,
      "opex": 17263885,
      "cogs": 35623000,
      "rd": null,
      "sga": null,
      "fcf": 9713000,
      "ocf": 10414000,
      "capex": -701000,
      "gross_margin": 0.31868951535783957,
      "op_margin": -0.011492273266266305,
      "fcf_margin": 0.18576674444401944,
      "op_leverage_ratio": Infinity,
      "fcf_margin_change": 0.0061604132751882645
    },
    {
      "date": "2021-09-30T00:00:00",
      "quarter_label": "2021-09 (Q3)",
      "revenue": 64824000,
      "gross_profit": 22430000,
      "operating_income": -530361,
      "net_income": 1915923,
      "opex": 22960361,
      "cogs": 42394000,
      "rd": null,
      "sga": null,
      "fcf": -1985000,
      "ocf": -1270000,
      "capex": -715000,
      "gross_margin": 0.3460138220412193,
      "op_margin": -0.008181553128470936,
      "fcf_margin": -0.03062137479945699,
      "op_leverage_ratio": 0.7267333814395145,
      "fcf_margin_change": -0.21638811924347642
    },
    {
      "date": "2021-12-31T00:00:00",
      "quarter_label": "2021-12 (Q4)",
      "revenue": 68357000,
      "gross_profit": 25716000,
      "operating_income": -3906987,
      "net_income": -1216502,
      "opex": 29622987,
      "cogs": 42641000,
      "rd": null,
      "sga": null,
      "fcf": 9212000,
      "ocf": 10400000,
      "capex": -1188000,
      "gross_margin": 0.37620141316909755,
      "op_margin": -0.057155624149684746,
      "fcf_margin": 0.13476308205450796,
      "op_leverage_ratio": 0.18781967657715076,
      "fcf_margin_change": 0.16538445685396494
    },
    {
      "date": "2022-03-31T00:00:00",
      "quarter_label": "2022-03 (Q1)",
      "revenue": 82073000,
      "gross_profit": 35152000,
      "operating_income": null,
      "net_income": -12036000,
      "opex": null,
      "cogs": 46921000,
      "rd": null,
      "sga": null,
      "fcf": -13653000,
      "ocf": -12666000,
      "capex": -987000,
      "gross_margin": 0.4283016339112741,
      "op_margin": null,
      "fcf_margin": -0.1663519062298198,
      "rev_growth_yoy": 0.6654423701298702,
      "fcf_margin_change": -0.30111498828432776
    },
    {
      "date": "2022-06-30T00:00:00",
      "quarter_label": "2022-06 (Q2)",
      "revenue": 83698000,
      "gross_profit": 23617000,
      "operating_income": null,
      "net_income": -2974000,
      "opex": null,
      "cogs": 60081000,
      "rd": null,
      "sga": null,
      "fcf": -17377000,
      "ocf": -13745000,
      "capex": -3632000,
      "gross_margin": 0.2821692274606323,
      "op_margin": null,
      "fcf_margin": -0.20761547468278813,
      "rev_growth_yoy": 0.6007726733733696,
      "rev_growth_yoy_accel": -0.06466969675650058,
      "fcf_margin_change": -0.04126356845296833
    },
    {
      "date": "2022-09-30T00:00:00",
      "quarter_label": "2022-09 (Q3)",
      "revenue": 93132000,
      "gross_profit": 30173000,
      "operating_income": null,
      "net_income": -3105000,
      "opex": null,
      "cogs": 62959000,
      "rd": null,
      "sga": null,
      "fcf": -24367000,
      "ocf": -21868000,
      "capex": -2499000,
      "gross_margin": 0.3239810161920715,
      "op_margin": null,
      "fcf_margin": -0.2616393935489413,
      "rev_growth_yoy": 0.43669011477230657,
      "rev_growth_yoy_accel": -0.16408255860106302,
      "fcf_margin_change": -0.05402391886615315
    },
    {
      "date": "2022-12-31T00:00:00",
      "quarter_label": "2022-12 (Q4)",
      "revenue": 86627000,
      "gross_profit": 25009000,
      "operating_income": null,
      "net_income": -6583000,
      "opex": null,
      "cogs": 60732000,
      "rd": null,
      "sga": null,
      "fcf": 858000,
      "ocf": 2590000,
      "capex": -1732000,
      "gross_margin": 0.28869751924919484,
      "op_margin": null,
      "fcf_margin": 0.009904533228670045,
      "rev_growth_yoy": 0.26727328583758797,
      "rev_growth_yoy_accel": -0.1694168289347186,
      "fcf_margin_change": 0.2715439267776113
    },
    {
      "date": "2023-03-31T00:00:00",
      "quarter_label": "2023-03 (Q1)",
      "revenue": 91700000,
      "gross_profit": 31648000,
      "operating_income": null,
      "net_income": -2896000,
      "opex": null,
      "cogs": 60052000,
      "rd": null,
      "sga": null,
      "fcf": -18864000,
      "ocf": -17587000,
      "capex": -1277000,
      "gross_margin": 0.34512540894220284,
      "op_margin": null,
      "fcf_margin": -0.2057142857142857,
      "rev_growth_yoy": 0.11729801518160662,
      "rev_growth_yoy_accel": -0.14997527065598135,
      "fcf_margin_change": -0.21561881894295576
    },
    {
      "date": "2023-06-30T00:00:00",
      "quarter_label": "2023-06 (Q2)",
      "revenue": 84092000,
      "gross_profit": 19406000,
      "operating_income": null,
      "net_income": -23420000,
      "opex": null,
      "cogs": 64686000,
      "rd": null,
      "sga": null,
      "fcf": -12944000,
      "ocf": -11721000,
      "capex": -1223000,
      "gross_margin": 0.23077106026732627,
      "op_margin": null,
      "fcf_margin": -0.1539266517623555,
      "rev_growth_yoy": 0.004707400415780544,
      "rev_growth_yoy_accel": -0.11259061476582607,
      "fcf_margin_change": 0.0517876339519302
    },
    {
      "date": "2023-09-30T00:00:00",
      "quarter_label": "2023-09 (Q3)",
      "revenue": 82598000,
      "gross_profit": 24894000,
      "operating_income": null,
      "net_income": -16653000,
      "opex": null,
      "cogs": 57704000,
      "rd": null,
      "sga": null,
      "fcf": -18404000,
      "ocf": -16097000,
      "capex": -2307000,
      "gross_margin": 0.30138744279522506,
      "op_margin": null,
      "fcf_margin": -0.22281411172183346,
      "rev_growth_yoy": -0.11310827642485934,
      "rev_growth_yoy_accel": -0.11781567684063989,
      "fcf_margin_change": -0.06888745995947795
    },
    {
      "date": "2023-12-31T00:00:00",
      "quarter_label": "2023-12 (Q4)",
      "revenue": 70710000,
      "gross_profit": 19210000,
      "operating_income": null,
      "net_income": -8786000,
      "opex": null,
      "cogs": 51500000,
      "rd": null,
      "sga": null,
      "fcf": -7486000,
      "ocf": -5988000,
      "capex": -1498000,
      "gross_margin": 0.2716730306887286,
      "op_margin": null,
      "fcf_margin": -0.10586904256823645,
      "rev_growth_yoy": -0.18374178951135328,
      "rev_growth_yoy_accel": -0.07063351308649395,
      "fcf_margin_change": 0.11694506915359701
    },
    {
      "date": "2024-03-31T00:00:00",
      "quarter_label": "2024-03 (Q1)",
      "revenue": 80245000,
      "gross_profit": 31721000,
      "operating_income": null,
      "net_income": 1263000,
      "opex": null,
      "cogs": 48524000,
      "rd": null,
      "sga": null,
      "fcf": -8468000,
      "ocf": -7202000,
      "capex": -1266000,
      "gross_margin": 0.3953018879680977,
      "op_margin": null,
      "fcf_margin": -0.1055268241011901,
      "rev_growth_yoy": -0.12491821155943293,
      "rev_growth_yoy_accel": 0.05882357795192035,
      "fcf_margin_change": 0.0003422184670463513
    },
    {
      "date": "2024-06-30T00:00:00",
      "quarter_label": "2024-06 (Q2)",
      "revenue": 67382000,
      "gross_profit": 16181000,
      "operating_income": null,
      "net_income": -8707000,
      "opex": null,
      "cogs": 51201000,
      "rd": null,
      "sga": null,
      "fcf": -3704000,
      "ocf": -1800000,
      "capex": -1904000,
      "gross_margin": 0.2401383158707073,
      "op_margin": null,
      "fcf_margin": -0.05497017007509424,
      "rev_growth_yoy": -0.198710935641916,
      "rev_growth_yoy_accel": -0.07379272408248307,
      "fcf_margin_change": 0.05055665402609586
    },
    {
      "date": "2024-09-30T00:00:00",
      "quarter_label": "2024-09 (Q3)",
      "revenue": 69114000,
      "gross_profit": 49389000,
      "operating_income": null,
      "net_income": 4332000,
      "opex": null,
      "cogs": 49620000,
      "rd": null,
      "sga": null,
      "fcf": -14835000,
      "ocf": -13700000,
      "capex": -1135000,
      "gross_margin": 0.714601961975866,
      "op_margin": null,
      "fcf_margin": -0.21464536852157307,
      "rev_growth_yoy": -0.1632485048064118,
      "rev_growth_yoy_accel": 0.03546243083550421,
      "fcf_margin_change": -0.15967519844647882
    },
    {
      "date": "2024-12-31T00:00:00",
      "quarter_label": "2024-12 (Q4)",
      "revenue": 63114000,
      "gross_profit": 21931000,
      "operating_income": null,
      "net_income": -2282000,
      "opex": null,
      "cogs": 41183000,
      "rd": null,
      "sga": null,
      "fcf": 5779000,
      "ocf": 6943000,
      "capex": -1164000,
      "gross_margin": 0.3474823335551542,
      "op_margin": null,
      "fcf_margin": 0.09156447064042843,
      "rev_growth_yoy": -0.10742469240560033,
      "rev_growth_yoy_accel": 0.055823812400811454,
      "fcf_margin_change": 0.3062098391620015
    },
    {
      "date": "2025-03-31T00:00:00",
      "quarter_label": "2025-03 (Q1)",
      "revenue": 65889000,
      "gross_profit": 25545000,
      "operating_income": null,
      "net_income": 1622000,
      "opex": null,
      "cogs": 40344000,
      "rd": null,
      "sga": null,
      "fcf": -7490000,
      "ocf": -6627000,
      "capex": -863000,
      "gross_margin": 0.3876974912352593,
      "op_margin": null,
      "fcf_margin": -0.11367603090045379,
      "rev_growth_yoy": -0.178902112281139,
      "rev_growth_yoy_accel": -0.07147741987553867,
      "fcf_margin_change": -0.20524050154088222
    },
    {
      "date": "2025-06-30T00:00:00",
      "quarter_label": "2025-06 (Q2)",
      "revenue": 63108000,
      "gross_profit": 17372000,
      "operating_income": null,
      "net_income": -5313000,
      "opex": null,
      "cogs": 45736000,
      "rd": null,
      "sga": null,
      "fcf": 468000,
      "ocf": 1100000,
      "capex": -632000,
      "gross_margin": 0.2752741332319199,
      "op_margin": null,
      "fcf_margin": 0.007415858528237307,
      "rev_growth_yoy": -0.06342940251105636,
      "rev_growth_yoy_accel": 0.11547270977008264,
      "fcf_margin_change": 0.1210918894286911
    },
    {
      "date": "2025-09-30T00:00:00",
      "quarter_label": "2025-09 (Q3)",
      "revenue": 55541000,
      "gross_profit": 17421000,
      "operating_income": null,
      "net_income": -4521000,
      "opex": null,
      "cogs": 38120000,
      "rd": null,
      "sga": null,
      "fcf": -2977000,
      "ocf": -2200000,
      "capex": -777000,
      "gross_margin": 0.3136601789668893,
      "op_margin": null,
      "fcf_margin": -0.05360004321132136,
      "rev_growth_yoy": -0.1963856816274561,
      "rev_growth_yoy_accel": -0.13295627911639973,
      "fcf_margin_change": -0.06101590173955867
    }
  ],
  "signals": [
    {
      "quarter": "2025-09 (Q3)",
      "signal": "GROSS MARGIN INFLECTION",
      "detail": "GM: +38.8% -> +27.5% -> +31.4% (reversal +3.8%)",
      "severity": "MEDIUM"
    },
    {
      "quarter": "2025-09 (Q3)",
      "signal": "YoY REVENUE GROWTH DECELERATION",
      "detail": "YoY growth: -19.6% vs prior quarter YoY: -6.3% (decel: -13.3%)",
      "severity": "WARNING"
    },
    {
      "quarter": "2025-06 (Q2)",
      "signal": "FCF TURNED POSITIVE",
      "detail": "FCF margin: -11.4% -> +0.7%",
      "severity": "HIGH"
    },
    {
      "quarter": "2025-06 (Q2)",
      "signal": "YoY REVENUE GROWTH ACCELERATION",
      "detail": "YoY growth: -6.3% vs prior quarter YoY: -17.9% (accel: +11.5%)",
      "severity": "MEDIUM"
    },
    {
      "quarter": "2025-03 (Q1)",
      "signal": "GROSS MARGIN INFLECTION",
      "detail": "GM: +71.5% -> +34.7% -> +38.8% (reversal +4.0%)",
      "severity": "MEDIUM"
    },
    {
      "quarter": "2025-03 (Q1)",
      "signal": "YoY REVENUE GROWTH DECELERATION",
      "detail": "YoY growth: -17.9% vs prior quarter YoY: -10.7% (decel: -7.1%)",
      "severity": "WARNING"
    },
    {
      "quarter": "2024-12 (Q4)",
      "signal": "FCF TURNED POSITIVE",
      "detail": "FCF margin: -21.5% -> +9.2%",
      "severity": "HIGH"
    },
    {
      "quarter": "2024-12 (Q4)",
      "signal": "YoY REVENUE GROWTH ACCELERATION",
      "detail": "YoY growth: -10.7% vs prior quarter YoY: -16.3% (accel: +5.6%)",
      "severity": "MEDIUM"
    },
    {
      "quarter": "2024-09 (Q3)",
      "signal": "GROSS MARGIN INFLECTION",
      "detail": "GM: +39.5% -> +24.0% -> +71.5% (reversal +47.4%)",
      "severity": "HIGH"
    },
    {
      "quarter": "2024-06 (Q2)",
      "signal": "FCF MARGIN EXPANSION",
      "detail": "FCF margin: -10.6% -> -5.5% (+5.1%)",
      "severity": "MEDIUM"
    },
    {
      "quarter": "2024-06 (Q2)",
      "signal": "YoY REVENUE GROWTH DECELERATION",
      "detail": "YoY growth: -19.9% vs prior quarter YoY: -12.5% (decel: -7.4%)",
      "severity": "WARNING"
    },
    {
      "quarter": "2024-03 (Q1)",
      "signal": "GROSS MARGIN INFLECTION",
      "detail": "GM: +30.1% -> +27.2% -> +39.5% (reversal +12.4%)",
      "severity": "HIGH"
    },
    {
      "quarter": "2024-03 (Q1)",
      "signal": "YoY REVENUE GROWTH ACCELERATION",
      "detail": "YoY growth: -12.5% vs prior quarter YoY: -18.4% (accel: +5.9%)",
      "severity": "MEDIUM"
    },
    {
      "quarter": "2023-12 (Q4)",
      "signal": "FCF MARGIN EXPANSION",
      "detail": "FCF margin: -22.3% -> -10.6% (+11.7%)",
      "severity": "MEDIUM"
    },
    {
      "quarter": "2023-12 (Q4)",
      "signal": "YoY REVENUE GROWTH DECELERATION",
      "detail": "YoY growth: -18.4% vs prior quarter YoY: -11.3% (decel: -7.1%)",
      "severity": "WARNING"
    },
    {
      "quarter": "2023-09 (Q3)",
      "signal": "GROSS MARGIN INFLECTION",
      "detail": "GM: +34.5% -> +23.1% -> +30.1% (reversal +7.1%)",
      "severity": "HIGH"
    },
    {
      "quarter": "2023-09 (Q3)",
      "signal": "YoY REVENUE GROWTH DECELERATION",
      "detail": "YoY growth: -11.3% vs prior quarter YoY: +0.5% (decel: -11.8%)",
      "severity": "WARNING"
    },
    {
      "quarter": "2023-06 (Q2)",
      "signal": "FCF MARGIN EXPANSION",
      "detail": "FCF margin: -20.6% -> -15.4% (+5.2%)",
      "severity": "MEDIUM"
    },
    {
      "quarter": "2023-06 (Q2)",
      "signal": "YoY REVENUE GROWTH DECELERATION",
      "detail": "YoY growth: +0.5% vs prior quarter YoY: +11.7% (decel: -11.3%)",
      "severity": "WARNING"
    },
    {
      "quarter": "2023-03 (Q1)",
      "signal": "GROSS MARGIN INFLECTION",
      "detail": "GM: +32.4% -> +28.9% -> +34.5% (reversal +5.6%)",
      "severity": "HIGH"
    },
    {
      "quarter": "2023-03 (Q1)",
      "signal": "YoY REVENUE GROWTH DECELERATION",
      "detail": "YoY growth: +11.7% vs prior quarter YoY: +26.7% (decel: -15.0%)",
      "severity": "WARNING"
    },
    {
      "quarter": "2022-12 (Q4)",
      "signal": "FCF TURNED POSITIVE",
      "detail": "FCF margin: -26.2% -> +1.0%",
      "severity": "HIGH"
    },
    {
      "quarter": "2022-12 (Q4)",
      "signal": "YoY REVENUE GROWTH DECELERATION",
      "detail": "YoY growth: +26.7% vs prior quarter YoY: +43.7% (decel: -16.9%)",
      "severity": "WARNING"
    },
    {
      "quarter": "2022-09 (Q3)",
      "signal": "GROSS MARGIN INFLECTION",
      "detail": "GM: +42.8% -> +28.2% -> +32.4% (reversal +4.2%)",
      "severity": "MEDIUM"
    },
    {
      "quarter": "2022-09 (Q3)",
      "signal": "YoY REVENUE GROWTH DECELERATION",
      "detail": "YoY growth: +43.7% vs prior quarter YoY: +60.1% (decel: -16.4%)",
      "severity": "WARNING"
    },
    {
      "quarter": "2022-06 (Q2)",
      "signal": "YoY REVENUE GROWTH DECELERATION",
      "detail": "YoY growth: +60.1% vs prior quarter YoY: +66.5% (decel: -6.5%)",
      "severity": "WARNING"
    },
    {
      "quarter": "2021-12 (Q4)",
      "signal": "FCF TURNED POSITIVE",
      "detail": "FCF margin: -3.1% -> +13.5%",
      "severity": "HIGH"
    },
    {
      "quarter": "2021-09 (Q3)",
      "signal": "GROSS MARGIN INFLECTION",
      "detail": "GM: +34.9% -> +31.9% -> +34.6% (reversal +2.7%)",
      "severity": "MEDIUM"
    }
  ],
  "data_quality": {
    "n_quarters": 19,
    "coverage": {
      "revenue": [
        19,
        19
      ],
      "gross_profit": [
        19,
        19
      ],
      "op_income": [
        4,
        19
      ],
      "fcf": [
        19,
        19
      ]
    },
    "gaps": [],
    "warnings": [
      "op_income: 4/19Q"
    ]
  },
  "market_cap": null,
  "source": "SEC EDGAR",
  "last_updated": "2026-02-02T23:37:44.013559"
}