{
  "ticker": "IT",
  "name": "GARTNER, INC.",
  "quarters": [
    {
      "date": "2020-12-31T00:00:00",
      "quarter_label": "2020-12 (Q4)",
      "revenue": 1112759000,
      "gross_profit": 761331000,
      "operating_income": 178130000,
      "net_income": 119607000,
      "opex": 934629000,
      "cogs": 351428000,
      "rd": null,
      "sga": 525976000,
      "fcf": 260448000,
      "ocf": 260448000,
      "capex": null,
      "gross_margin": 0.6841831879140048,
      "op_margin": 0.16007958596605373,
      "fcf_margin": 0.23405607144044668
    },
    {
      "date": "2021-03-31T00:00:00",
      "quarter_label": "2021-03 (Q1)",
      "revenue": 1104038000,
      "gross_profit": 769571000,
      "operating_income": 225412000,
      "net_income": 164100000,
      "opex": 878626000,
      "cogs": 334467000,
      "rd": null,
      "sga": 487255000,
      "fcf": 157298000,
      "ocf": 157298000,
      "capex": null,
      "gross_margin": 0.6970511884554699,
      "op_margin": 0.20417050862379738,
      "fcf_margin": 0.1424751684271737,
      "fcf_margin_change": -0.09158090301327299
    },
    {
      "date": "2021-06-30T00:00:00",
      "quarter_label": "2021-06 (Q2)",
      "revenue": 1167319000,
      "gross_profit": 816517000,
      "operating_income": 274714000,
      "net_income": 271236000,
      "opex": 892605000,
      "cogs": 350802000,
      "rd": null,
      "sga": 488496000,
      "fcf": 575347000,
      "ocf": 575347000,
      "capex": null,
      "gross_margin": 0.6994806047018852,
      "op_margin": 0.235337555543943,
      "fcf_margin": 0.49287898166653676,
      "op_leverage_ratio": 3.60261006107572,
      "fcf_margin_change": 0.3504038132393631
    },
    {
      "date": "2021-09-30T00:00:00",
      "quarter_label": "2021-09 (Q3)",
      "revenue": 1156282000,
      "gross_profit": 797045000,
      "operating_income": 230221000,
      "net_income": 148865000,
      "opex": 926061000,
      "cogs": 359237000,
      "rd": null,
      "sga": 512573000,
      "fcf": 345039000,
      "ocf": 345039000,
      "capex": null,
      "gross_margin": 0.6893171388986423,
      "op_margin": 0.19910454370127703,
      "fcf_margin": 0.29840384957994676,
      "fcf_margin_change": -0.19447513208659
    },
    {
      "date": "2021-12-31T00:00:00",
      "quarter_label": "2021-12 (Q4)",
      "revenue": 1306323000,
      "gross_profit": 906736000,
      "operating_income": 185404000,
      "net_income": 209359000,
      "opex": 1120919000,
      "cogs": 399587000,
      "rd": null,
      "sga": 667334000,
      "fcf": 234786000,
      "ocf": 234786000,
      "capex": null,
      "gross_margin": 0.6941131710916826,
      "op_margin": 0.1419281448768796,
      "fcf_margin": 0.17973043420348567,
      "incr_op_margin_yoy": 0.03757930193631047,
      "rev_growth_yoy": 0.17394961532551073,
      "op_leverage_ratio": 0.6166908988007508,
      "fcf_margin_change": -0.11867341537646109
    },
    {
      "date": "2022-03-31T00:00:00",
      "quarter_label": "2022-03 (Q1)",
      "revenue": 1262740000,
      "gross_profit": 885707000,
      "operating_income": 217247000,
      "net_income": 172515000,
      "opex": 1045493000,
      "cogs": 377033000,
      "rd": null,
      "sga": 617904000,
      "fcf": 167785000,
      "ocf": 167785000,
      "capex": null,
      "gross_margin": 0.7014167603782251,
      "op_margin": 0.17204412626510604,
      "fcf_margin": 0.13287375073253402,
      "incr_op_margin_yoy": -0.051448626986427395,
      "rev_growth_yoy": 0.14374686378548565,
      "rev_growth_yoy_accel": -0.03020275154002508,
      "fcf_margin_change": -0.04685668347095165
    },
    {
      "date": "2022-06-30T00:00:00",
      "quarter_label": "2022-06 (Q2)",
      "revenue": 1376521000,
      "gross_profit": 951986000,
      "operating_income": 297122000,
      "net_income": 204925000,
      "opex": 1079399000,
      "cogs": 424535000,
      "rd": null,
      "sga": 604911000,
      "fcf": 415607000,
      "ocf": 415607000,
      "capex": null,
      "gross_margin": 0.6915884319963154,
      "op_margin": 0.21584995797376139,
      "fcf_margin": 0.30192565169728613,
      "incr_op_margin_yoy": 0.10711178669419986,
      "rev_growth_yoy": 0.17921579276958569,
      "rev_growth_yoy_accel": 0.035468928984100034,
      "op_leverage_ratio": 2.7784358895012673,
      "fcf_margin_change": 0.16905190096475212
    },
    {
      "date": "2022-09-30T00:00:00",
      "quarter_label": "2022-09 (Q3)",
      "revenue": 1331868000,
      "gross_profit": 915031000,
      "operating_income": 253418000,
      "net_income": 173545000,
      "opex": 1078450000,
      "cogs": 416837000,
      "rd": null,
      "sga": 613031000,
      "fcf": 314921000,
      "ocf": 314921000,
      "capex": null,
      "gross_margin": 0.6870282940952106,
      "op_margin": 0.19027260959794814,
      "fcf_margin": 0.23645060921953226,
      "incr_op_margin_yoy": 0.13211189958197123,
      "rev_growth_yoy": 0.15185395950122893,
      "rev_growth_yoy_accel": -0.027361833268356756,
      "fcf_margin_change": -0.06547504247775388
    },
    {
      "date": "2022-12-31T00:00:00",
      "quarter_label": "2022-12 (Q4)",
      "revenue": 1504717000,
      "gross_profit": 1029351000,
      "operating_income": 332319000,
      "net_income": 256814000,
      "opex": 1172398000,
      "cogs": 475366000,
      "rd": null,
      "sga": 645098000,
      "fcf": 203109000,
      "ocf": 203109000,
      "capex": null,
      "gross_margin": 0.6840827876604039,
      "op_margin": 0.22085149566330414,
      "fcf_margin": 0.13498152808800593,
      "incr_op_margin_yoy": 0.740521386735486,
      "rev_growth_yoy": 0.1518720867656774,
      "rev_growth_yoy_accel": 1.8127264448469793e-05,
      "op_leverage_ratio": 1.489766356959214,
      "fcf_margin_change": -0.10146908113152633
    },
    {
      "date": "2023-03-31T00:00:00",
      "quarter_label": "2023-03 (Q1)",
      "revenue": 1408869000,
      "gross_profit": 973730000,
      "operating_income": 407957000,
      "net_income": 295783000,
      "opex": 1000912000,
      "cogs": 435139000,
      "rd": null,
      "sga": 657090000,
      "fcf": 164679000,
      "ocf": 164679000,
      "capex": null,
      "gross_margin": 0.6911430374293138,
      "op_margin": 0.28956347254428905,
      "fcf_margin": 0.11688737561831512,
      "incr_op_margin_yoy": 1.3050797582957523,
      "rev_growth_yoy": 0.11572374360517605,
      "rev_growth_yoy_accel": -0.03614834316050135,
      "fcf_margin_change": -0.018094152469690802
    },
    {
      "date": "2023-06-30T00:00:00",
      "quarter_label": "2023-06 (Q2)",
      "revenue": 1503185000,
      "gross_profit": 1015767000,
      "operating_income": 283107000,
      "net_income": 198043000,
      "opex": 1220078000,
      "cogs": 487418000,
      "rd": null,
      "sga": 680168000,
      "fcf": 435782000,
      "ocf": 435782000,
      "capex": null,
      "gross_margin": 0.675743171998124,
      "op_margin": 0.18833809544400723,
      "fcf_margin": 0.28990576675525637,
      "incr_op_margin_yoy": -0.1106470662540264,
      "rev_growth_yoy": 0.09201748465878835,
      "rev_growth_yoy_accel": -0.023706258946387698,
      "op_leverage_ratio": 0.30572959091972673,
      "fcf_margin_change": 0.17301839113694123
    },
    {
      "date": "2023-09-30T00:00:00",
      "quarter_label": "2023-09 (Q3)",
      "revenue": 1408784000,
      "gross_profit": 957943000,
      "operating_income": 244417000,
      "net_income": 180009000,
      "opex": 1164367000,
      "cogs": 450841000,
      "rd": null,
      "sga": 660527000,
      "fcf": 330946000,
      "ocf": 330946000,
      "capex": null,
      "gross_margin": 0.6799786198593964,
      "op_margin": 0.17349501413985394,
      "fcf_margin": 0.23491606946132268,
      "incr_op_margin_yoy": -0.11702376618648916,
      "rev_growth_yoy": 0.057750467764072715,
      "rev_growth_yoy_accel": -0.03426701689471564,
      "fcf_margin_change": -0.05498969729393369
    },
    {
      "date": "2023-12-31T00:00:00",
      "quarter_label": "2023-12 (Q4)",
      "revenue": 1586118000,
      "gross_profit": 1056276000,
      "operating_income": 301413000,
      "net_income": 208631000,
      "opex": 1284705000,
      "cogs": 529842000,
      "rd": null,
      "sga": 703757000,
      "fcf": 224330000,
      "ocf": 224330000,
      "capex": null,
      "gross_margin": 0.6659504526144965,
      "op_margin": 0.19003188917848482,
      "fcf_margin": 0.1414333612001125,
      "incr_op_margin_yoy": -0.37967592535718236,
      "rev_growth_yoy": 0.054097215622605443,
      "rev_growth_yoy_accel": -0.003653252141467271,
      "op_leverage_ratio": 1.2179646924705674,
      "fcf_margin_change": -0.09348270826121019
    },
    {
      "date": "2024-03-31T00:00:00",
      "quarter_label": "2024-03 (Q1)",
      "revenue": 1472926000,
      "gross_profit": 1022112000,
      "operating_income": 273885000,
      "net_income": 210545000,
      "opex": 1199041000,
      "cogs": 459441000,
      "rd": null,
      "sga": 689833000,
      "fcf": 188836000,
      "ocf": 188836000,
      "capex": null,
      "gross_margin": 0.6939330285431855,
      "op_margin": 0.18594620503677714,
      "fcf_margin": 0.12820467559130602,
      "incr_op_margin_yoy": -2.0930109121563607,
      "rev_growth_yoy": 0.0454669667655403,
      "rev_growth_yoy_accel": -0.008630248857065141,
      "fcf_margin_change": -0.013228685608806467
    },
    {
      "date": "2024-06-30T00:00:00",
      "quarter_label": "2024-06 (Q2)",
      "revenue": 1595060000,
      "gross_profit": 1094952000,
      "operating_income": 318783000,
      "net_income": 229548000,
      "opex": 1276277000,
      "cogs": 513314000,
      "rd": null,
      "sga": 712071000,
      "fcf": 369964000,
      "ocf": 369964000,
      "capex": null,
      "gross_margin": 0.6864644590172156,
      "op_margin": 0.19985643173297557,
      "fcf_margin": 0.2319436259451055,
      "incr_op_margin_yoy": 0.38831020408163264,
      "rev_growth_yoy": 0.061120221396567954,
      "rev_growth_yoy_accel": 0.015653254631027652,
      "op_leverage_ratio": 1.2872707829773455,
      "fcf_margin_change": 0.10373895035379949
    },
    {
      "date": "2024-09-30T00:00:00",
      "quarter_label": "2024-09 (Q3)",
      "revenue": 1484306000,
      "gross_profit": 1015432000,
      "operating_income": 245824000,
      "net_income": 415049000,
      "opex": 1238482000,
      "cogs": 475342000,
      "rd": null,
      "sga": 711729000,
      "fcf": 590767000,
      "ocf": 590767000,
      "capex": null,
      "gross_margin": 0.6841123056835989,
      "op_margin": 0.16561544587167337,
      "fcf_margin": 0.39800890112955145,
      "incr_op_margin_yoy": 0.018630332883133392,
      "rev_growth_yoy": 0.05360793421844655,
      "rev_growth_yoy_accel": -0.007512287178121406,
      "fcf_margin_change": 0.16606527518444594
    },
    {
      "date": "2024-12-31T00:00:00",
      "quarter_label": "2024-12 (Q4)",
      "revenue": 1715119000,
      "gross_profit": 1145049000,
      "operating_income": 317795000,
      "net_income": 398573000,
      "opex": 1397324000,
      "cogs": 574925000,
      "rd": null,
      "sga": 771181000,
      "fcf": 335355000,
      "ocf": 335355000,
      "capex": null,
      "gross_margin": 0.6676207306898239,
      "op_margin": 0.18529035011564796,
      "fcf_margin": 0.19552870675445844,
      "incr_op_margin_yoy": 0.12699126363361524,
      "rev_growth_yoy": 0.08133127547887357,
      "rev_growth_yoy_accel": 0.027723341260427026,
      "op_leverage_ratio": 1.2124425661476277,
      "fcf_margin_change": -0.20248019437509301
    },
    {
      "date": "2025-03-31T00:00:00",
      "quarter_label": "2025-03 (Q1)",
      "revenue": 1534130000,
      "gross_profit": 1065297000,
      "operating_income": 278032000,
      "net_income": 210939000,
      "opex": 1256098000,
      "cogs": 475030000,
      "rd": null,
      "sga": 730308000,
      "fcf": 313512000,
      "ocf": 313512000,
      "capex": null,
      "gross_margin": 0.6943981279291846,
      "op_margin": 0.18123105603827577,
      "fcf_margin": 0.2043581704288424,
      "incr_op_margin_yoy": 0.06775700934579439,
      "rev_growth_yoy": 0.041552664560201936,
      "rev_growth_yoy_accel": -0.03977861091867164,
      "fcf_margin_change": 0.008829463674383975
    },
    {
      "date": "2025-06-30T00:00:00",
      "quarter_label": "2025-06 (Q2)",
      "revenue": 1686454000,
      "gross_profit": 1157618000,
      "operating_income": 327096000,
      "net_income": 240783000,
      "opex": 1359358000,
      "cogs": 531731000,
      "rd": null,
      "sga": 776888000,
      "fcf": 383565000,
      "ocf": 383565000,
      "capex": null,
      "gross_margin": 0.6864213313852616,
      "op_margin": 0.1939548899643868,
      "fcf_margin": 0.22743875611193665,
      "incr_op_margin_yoy": 0.09095783092982034,
      "rev_growth_yoy": 0.05729815806301957,
      "rev_growth_yoy_accel": 0.015745493502817634,
      "op_leverage_ratio": 1.2078070949063109,
      "fcf_margin_change": 0.023080585683094235
    },
    {
      "date": "2025-09-30T00:00:00",
      "quarter_label": "2025-09 (Q3)",
      "revenue": 1524072000,
      "gross_profit": 1056926000,
      "operating_income": 86344000,
      "net_income": 35357000,
      "opex": 1437728000,
      "cogs": 474218000,
      "rd": null,
      "sga": 762557000,
      "fcf": 298744000,
      "ocf": 298744000,
      "capex": null,
      "gross_margin": 0.6934882341516674,
      "op_margin": 0.05665349143610013,
      "fcf_margin": 0.19601698607414872,
      "incr_op_margin_yoy": -4.010461198008349,
      "rev_growth_yoy": 0.026790971672956923,
      "rev_growth_yoy_accel": -0.030507186390062647,
      "fcf_margin_change": -0.03142177003778793
    }
  ],
  "signals": [
    {
      "quarter": "2025-03 (Q1)",
      "signal": "GROSS MARGIN INFLECTION",
      "detail": "GM: +68.4% -> +66.8% -> +69.4% (reversal +2.7%)",
      "severity": "MEDIUM"
    },
    {
      "quarter": "2024-09 (Q3)",
      "signal": "FCF MARGIN EXPANSION",
      "detail": "FCF margin: +23.2% -> +39.8% (+16.6%)",
      "severity": "MEDIUM"
    },
    {
      "quarter": "2024-06 (Q2)",
      "signal": "FCF MARGIN EXPANSION",
      "detail": "FCF margin: +12.8% -> +23.2% (+10.4%)",
      "severity": "MEDIUM"
    },
    {
      "quarter": "2024-06 (Q2)",
      "signal": "INCREMENTAL MARGIN (YoY)",
      "detail": "YoY Incr OPM: +38.8% vs year-ago OPM: +18.8%",
      "severity": "MEDIUM"
    },
    {
      "quarter": "2024-03 (Q1)",
      "signal": "GROSS MARGIN INFLECTION",
      "detail": "GM: +68.0% -> +66.6% -> +69.4% (reversal +2.8%)",
      "severity": "MEDIUM"
    },
    {
      "quarter": "2023-06 (Q2)",
      "signal": "FCF MARGIN EXPANSION",
      "detail": "FCF margin: +11.7% -> +29.0% (+17.3%)",
      "severity": "MEDIUM"
    },
    {
      "quarter": "2023-03 (Q1)",
      "signal": "INCREMENTAL MARGIN (YoY)",
      "detail": "YoY Incr OPM: +130.5% vs year-ago OPM: +17.2%",
      "severity": "HIGH"
    },
    {
      "quarter": "2022-12 (Q4)",
      "signal": "INCREMENTAL MARGIN (YoY)",
      "detail": "YoY Incr OPM: +74.1% vs year-ago OPM: +14.2%",
      "severity": "HIGH"
    },
    {
      "quarter": "2022-06 (Q2)",
      "signal": "FCF MARGIN EXPANSION",
      "detail": "FCF margin: +13.3% -> +30.2% (+16.9%)",
      "severity": "MEDIUM"
    },
    {
      "quarter": "2022-06 (Q2)",
      "signal": "OPERATING LEVERAGE",
      "detail": "Rev growth +9.0% vs OpEx growth +3.2% (leverage: 2.8x)",
      "severity": "MEDIUM"
    },
    {
      "quarter": "2021-06 (Q2)",
      "signal": "FCF MARGIN EXPANSION",
      "detail": "FCF margin: +14.2% -> +49.3% (+35.0%)",
      "severity": "MEDIUM"
    },
    {
      "quarter": "2021-06 (Q2)",
      "signal": "OPERATING LEVERAGE",
      "detail": "Rev growth +5.7% vs OpEx growth +1.6% (leverage: 3.6x)",
      "severity": "MEDIUM"
    }
  ],
  "data_quality": {
    "n_quarters": 20,
    "coverage": {
      "revenue": [
        20,
        20
      ],
      "gross_profit": [
        20,
        20
      ],
      "op_income": [
        20,
        20
      ],
      "fcf": [
        20,
        20
      ]
    },
    "gaps": [],
    "warnings": []
  },
  "market_cap": null,
  "source": "SEC EDGAR",
  "last_updated": "2026-02-02T20:21:41.073050",
  "sector": "Technology",
  "industry": "Information Technology Services"
}