{
  "ticker": "ITIC",
  "name": "INVESTORS TITLE CO",
  "quarters": [
    {
      "date": "2020-12-31T00:00:00",
      "quarter_label": "2020-12 (Q4)",
      "revenue": 77126000,
      "gross_profit": null,
      "operating_income": null,
      "net_income": 16635000,
      "opex": null,
      "cogs": null,
      "rd": null,
      "sga": null,
      "fcf": 11197000,
      "ocf": 12154000,
      "capex": -957000,
      "gross_margin": null,
      "op_margin": null,
      "fcf_margin": 0.14517802038223168
    },
    {
      "date": "2021-03-31T00:00:00",
      "quarter_label": "2021-03 (Q1)",
      "revenue": 72078000,
      "gross_profit": null,
      "operating_income": null,
      "net_income": 13823000,
      "opex": 54763000,
      "cogs": null,
      "rd": null,
      "sga": null,
      "fcf": 6625000,
      "ocf": 8238000,
      "capex": -1613000,
      "gross_margin": null,
      "op_margin": null,
      "fcf_margin": 0.09191431504758733,
      "fcf_margin_change": -0.05326370533464435
    },
    {
      "date": "2021-06-30T00:00:00",
      "quarter_label": "2021-06 (Q2)",
      "revenue": 84961000,
      "gross_profit": null,
      "operating_income": null,
      "net_income": 19782000,
      "opex": 59673000,
      "cogs": null,
      "rd": null,
      "sga": null,
      "fcf": 3803000,
      "ocf": 8250000,
      "capex": -4447000,
      "gross_margin": null,
      "op_margin": null,
      "fcf_margin": 0.044761714198279214,
      "op_leverage_ratio": 1.9935173447818946,
      "fcf_margin_change": -0.04715260084930812
    },
    {
      "date": "2021-09-30T00:00:00",
      "quarter_label": "2021-09 (Q3)",
      "revenue": 81416000,
      "gross_profit": null,
      "operating_income": null,
      "net_income": 14503000,
      "opex": 62979000,
      "cogs": null,
      "rd": null,
      "sga": null,
      "fcf": 18484000,
      "ocf": 19202000,
      "capex": -718000,
      "gross_margin": null,
      "op_margin": null,
      "fcf_margin": 0.22703154171170287,
      "fcf_margin_change": 0.18226982751342366
    },
    {
      "date": "2021-12-31T00:00:00",
      "quarter_label": "2021-12 (Q4)",
      "revenue": 91043000,
      "gross_profit": null,
      "operating_income": null,
      "net_income": 18912000,
      "opex": 67151000,
      "cogs": null,
      "rd": null,
      "sga": null,
      "fcf": 16485000,
      "ocf": 16241000,
      "capex": 244000,
      "gross_margin": null,
      "op_margin": null,
      "fcf_margin": 0.18106828641411202,
      "rev_growth_yoy": 0.18044498612659804,
      "op_leverage_ratio": 1.7849771914627863,
      "fcf_margin_change": -0.04596325529759085
    },
    {
      "date": "2022-03-31T00:00:00",
      "quarter_label": "2022-03 (Q1)",
      "revenue": 68998000,
      "gross_profit": null,
      "operating_income": null,
      "net_income": 6185000,
      "opex": 61205000,
      "cogs": null,
      "rd": null,
      "sga": null,
      "fcf": 441000,
      "ocf": 1349000,
      "capex": -908000,
      "gross_margin": null,
      "op_margin": null,
      "fcf_margin": 0.006391489608394446,
      "rev_growth_yoy": -0.04273148533533117,
      "rev_growth_yoy_accel": -0.2231764714619292,
      "fcf_margin_change": -0.17467679680571757
    },
    {
      "date": "2022-06-30T00:00:00",
      "quarter_label": "2022-06 (Q2)",
      "revenue": 70902000,
      "gross_profit": null,
      "operating_income": null,
      "net_income": 2279000,
      "opex": 67949000,
      "cogs": null,
      "rd": null,
      "sga": null,
      "fcf": 5401000,
      "ocf": 6945000,
      "capex": -1544000,
      "gross_margin": null,
      "op_margin": null,
      "fcf_margin": 0.07617556627457618,
      "rev_growth_yoy": -0.16547592424759597,
      "rev_growth_yoy_accel": -0.1227444389122648,
      "op_leverage_ratio": 0.25043774370409144,
      "fcf_margin_change": 0.06978407666618174
    },
    {
      "date": "2022-09-30T00:00:00",
      "quarter_label": "2022-09 (Q3)",
      "revenue": 77998000,
      "gross_profit": null,
      "operating_income": null,
      "net_income": 7913000,
      "opex": 67910000,
      "cogs": null,
      "rd": null,
      "sga": null,
      "fcf": 10481000,
      "ocf": 12009000,
      "capex": -1528000,
      "gross_margin": null,
      "op_margin": null,
      "fcf_margin": 0.13437524039077925,
      "rev_growth_yoy": -0.04198192001572173,
      "rev_growth_yoy_accel": 0.12349400423187423,
      "op_leverage_ratio": Infinity,
      "fcf_margin_change": 0.05819967411620307
    },
    {
      "date": "2022-12-31T00:00:00",
      "quarter_label": "2022-12 (Q4)",
      "revenue": 65494000,
      "gross_profit": null,
      "operating_income": null,
      "net_income": 7526000,
      "opex": 56220000,
      "cogs": null,
      "rd": null,
      "sga": null,
      "fcf": 14200000,
      "ocf": 15901000,
      "capex": -1701000,
      "gross_margin": null,
      "op_margin": null,
      "fcf_margin": 0.21681375393165786,
      "rev_growth_yoy": -0.2806256384345859,
      "rev_growth_yoy_accel": -0.23864371841886414,
      "fcf_margin_change": 0.08243851354087861
    },
    {
      "date": "2023-03-31T00:00:00",
      "quarter_label": "2023-03 (Q1)",
      "revenue": 51343000,
      "gross_profit": null,
      "operating_income": null,
      "net_income": 1181000,
      "opex": 49782000,
      "cogs": null,
      "rd": null,
      "sga": null,
      "fcf": -15393000,
      "ocf": -13092000,
      "capex": -2301000,
      "gross_margin": null,
      "op_margin": null,
      "fcf_margin": -0.29980717916755933,
      "rev_growth_yoy": -0.25587698194150554,
      "rev_growth_yoy_accel": 0.024748656493080334,
      "fcf_margin_change": -0.5166209330992172
    },
    {
      "date": "2023-06-30T00:00:00",
      "quarter_label": "2023-06 (Q2)",
      "revenue": 58314000,
      "gross_profit": null,
      "operating_income": null,
      "net_income": 7585000,
      "opex": 48468000,
      "cogs": null,
      "rd": null,
      "sga": null,
      "fcf": 2951000,
      "ocf": 5667000,
      "capex": -2716000,
      "gross_margin": null,
      "op_margin": null,
      "fcf_margin": 0.050605343485269405,
      "rev_growth_yoy": -0.17754083100617754,
      "rev_growth_yoy_accel": 0.078336150935328,
      "op_leverage_ratio": Infinity,
      "fcf_margin_change": 0.35041252265282874
    },
    {
      "date": "2023-09-30T00:00:00",
      "quarter_label": "2023-09 (Q3)",
      "revenue": 61410000,
      "gross_profit": null,
      "operating_income": null,
      "net_income": 7084000,
      "opex": 52800000,
      "cogs": null,
      "rd": null,
      "sga": null,
      "fcf": -902000,
      "ocf": 702000,
      "capex": -1604000,
      "gross_margin": null,
      "op_margin": null,
      "fcf_margin": -0.014688161537208923,
      "rev_growth_yoy": -0.21267211979794354,
      "rev_growth_yoy_accel": -0.035131288791766,
      "op_leverage_ratio": 0.5940113875810553,
      "fcf_margin_change": -0.06529350502247833
    },
    {
      "date": "2023-12-31T00:00:00",
      "quarter_label": "2023-12 (Q4)",
      "revenue": 53683000,
      "gross_profit": null,
      "operating_income": null,
      "net_income": 5836000,
      "opex": 47470000,
      "cogs": null,
      "rd": null,
      "sga": null,
      "fcf": 11584000,
      "ocf": 14149000,
      "capex": -2565000,
      "gross_margin": null,
      "op_margin": null,
      "fcf_margin": 0.21578525790287428,
      "rev_growth_yoy": -0.18033713011878952,
      "rev_growth_yoy_accel": 0.03233498967915402,
      "fcf_margin_change": 0.2304734194400832
    },
    {
      "date": "2024-03-31T00:00:00",
      "quarter_label": "2024-03 (Q1)",
      "revenue": 53459000,
      "gross_profit": null,
      "operating_income": null,
      "net_income": 4525000,
      "opex": 47662000,
      "cogs": null,
      "rd": null,
      "sga": null,
      "fcf": -793000,
      "ocf": 1437000,
      "capex": -2230000,
      "gross_margin": null,
      "op_margin": null,
      "fcf_margin": -0.01483379786378346,
      "rev_growth_yoy": 0.04121301832771751,
      "rev_growth_yoy_accel": 0.22155014844650703,
      "fcf_margin_change": -0.23061905576665775
    },
    {
      "date": "2024-06-30T00:00:00",
      "quarter_label": "2024-06 (Q2)",
      "revenue": 65382000,
      "gross_profit": null,
      "operating_income": null,
      "net_income": 8871000,
      "opex": 54115000,
      "cogs": null,
      "rd": null,
      "sga": null,
      "fcf": 6321000,
      "ocf": 8433000,
      "capex": -2112000,
      "gross_margin": null,
      "op_margin": null,
      "fcf_margin": 0.09667798476644948,
      "rev_growth_yoy": 0.12120588537915424,
      "rev_growth_yoy_accel": 0.07999286705143673,
      "op_leverage_ratio": 1.6473099079447935,
      "fcf_margin_change": 0.11151178263023294
    },
    {
      "date": "2024-09-30T00:00:00",
      "quarter_label": "2024-09 (Q3)",
      "revenue": 68829000,
      "gross_profit": null,
      "operating_income": null,
      "net_income": 9315000,
      "opex": 57241000,
      "cogs": null,
      "rd": null,
      "sga": null,
      "fcf": 6088000,
      "ocf": 7821000,
      "capex": -1733000,
      "gross_margin": null,
      "op_margin": null,
      "fcf_margin": 0.088451088930538,
      "rev_growth_yoy": 0.12081094284318515,
      "rev_growth_yoy_accel": -0.0003949425359690839,
      "op_leverage_ratio": 0.9126657885554443,
      "fcf_margin_change": -0.008226895835911477
    },
    {
      "date": "2024-12-31T00:00:00",
      "quarter_label": "2024-12 (Q4)",
      "revenue": 70628000,
      "gross_profit": null,
      "operating_income": null,
      "net_income": 8362000,
      "opex": 59817000,
      "cogs": null,
      "rd": null,
      "sga": null,
      "fcf": 10801000,
      "ocf": 12149000,
      "capex": -1348000,
      "gross_margin": null,
      "op_margin": null,
      "fcf_margin": 0.15292801721696778,
      "rev_growth_yoy": 0.31564927444442376,
      "rev_growth_yoy_accel": 0.1948383316012386,
      "op_leverage_ratio": 0.5807925770040056,
      "fcf_margin_change": 0.06447692828642977
    },
    {
      "date": "2025-03-31T00:00:00",
      "quarter_label": "2025-03 (Q1)",
      "revenue": 56565000,
      "gross_profit": null,
      "operating_income": null,
      "net_income": 3171000,
      "opex": 52512000,
      "cogs": null,
      "rd": null,
      "sga": null,
      "fcf": -1406000,
      "ocf": -75000,
      "capex": -1331000,
      "gross_margin": null,
      "op_margin": null,
      "fcf_margin": -0.02485635993989216,
      "rev_growth_yoy": 0.058100600460165734,
      "rev_growth_yoy_accel": -0.257548673984258,
      "fcf_margin_change": -0.17778437715685994
    },
    {
      "date": "2025-06-30T00:00:00",
      "quarter_label": "2025-06 (Q2)",
      "revenue": 73649000,
      "gross_profit": null,
      "operating_income": null,
      "net_income": 12278000,
      "opex": 57851000,
      "cogs": null,
      "rd": null,
      "sga": null,
      "fcf": 7305000,
      "ocf": 8860000,
      "capex": -1555000,
      "gross_margin": null,
      "op_margin": null,
      "fcf_margin": 0.09918668277912802,
      "rev_growth_yoy": 0.12644152824936528,
      "rev_growth_yoy_accel": 0.06834092778919953,
      "op_leverage_ratio": 2.9705742342476316,
      "fcf_margin_change": 0.12404304271902018
    },
    {
      "date": "2025-09-30T00:00:00",
      "quarter_label": "2025-09 (Q3)",
      "revenue": 73023000,
      "gross_profit": null,
      "operating_income": null,
      "net_income": 12214000,
      "opex": 57932000,
      "cogs": null,
      "rd": null,
      "sga": null,
      "fcf": 15812000,
      "ocf": 17158000,
      "capex": -1346000,
      "gross_margin": null,
      "op_margin": null,
      "fcf_margin": 0.21653451652219163,
      "rev_growth_yoy": 0.06093361809702306,
      "rev_growth_yoy_accel": -0.06550791015234222,
      "fcf_margin_change": 0.11734783374306361
    }
  ],
  "signals": [
    {
      "quarter": "2025-09 (Q3)",
      "signal": "FCF MARGIN EXPANSION",
      "detail": "FCF margin: +9.9% -> +21.7% (+11.7%)",
      "severity": "MEDIUM"
    },
    {
      "quarter": "2025-09 (Q3)",
      "signal": "YoY REVENUE GROWTH DECELERATION",
      "detail": "YoY growth: +6.1% vs prior quarter YoY: +12.6% (decel: -6.6%)",
      "severity": "WARNING"
    },
    {
      "quarter": "2025-06 (Q2)",
      "signal": "FCF TURNED POSITIVE",
      "detail": "FCF margin: -2.5% -> +9.9%",
      "severity": "HIGH"
    },
    {
      "quarter": "2025-06 (Q2)",
      "signal": "OPERATING LEVERAGE",
      "detail": "Rev growth +30.2% vs OpEx growth +10.2% (leverage: 3.0x)",
      "severity": "MEDIUM"
    },
    {
      "quarter": "2025-06 (Q2)",
      "signal": "YoY REVENUE GROWTH ACCELERATION",
      "detail": "YoY growth: +12.6% vs prior quarter YoY: +5.8% (accel: +6.8%)",
      "severity": "MEDIUM"
    },
    {
      "quarter": "2025-03 (Q1)",
      "signal": "YoY REVENUE GROWTH DECELERATION",
      "detail": "YoY growth: +5.8% vs prior quarter YoY: +31.6% (decel: -25.8%)",
      "severity": "WARNING"
    },
    {
      "quarter": "2024-12 (Q4)",
      "signal": "FCF MARGIN EXPANSION",
      "detail": "FCF margin: +8.8% -> +15.3% (+6.4%)",
      "severity": "MEDIUM"
    },
    {
      "quarter": "2024-12 (Q4)",
      "signal": "YoY REVENUE GROWTH ACCELERATION",
      "detail": "YoY growth: +31.6% vs prior quarter YoY: +12.1% (accel: +19.5%)",
      "severity": "HIGH"
    },
    {
      "quarter": "2024-06 (Q2)",
      "signal": "FCF TURNED POSITIVE",
      "detail": "FCF margin: -1.5% -> +9.7%",
      "severity": "HIGH"
    },
    {
      "quarter": "2024-06 (Q2)",
      "signal": "OPERATING LEVERAGE",
      "detail": "Rev growth +22.3% vs OpEx growth +13.5% (leverage: 1.6x)",
      "severity": "MEDIUM"
    },
    {
      "quarter": "2024-06 (Q2)",
      "signal": "YoY REVENUE GROWTH ACCELERATION",
      "detail": "YoY growth: +12.1% vs prior quarter YoY: +4.1% (accel: +8.0%)",
      "severity": "MEDIUM"
    },
    {
      "quarter": "2024-03 (Q1)",
      "signal": "YoY REVENUE GROWTH ACCELERATION",
      "detail": "YoY growth: +4.1% vs prior quarter YoY: -18.0% (accel: +22.2%)",
      "severity": "HIGH"
    },
    {
      "quarter": "2023-12 (Q4)",
      "signal": "FCF TURNED POSITIVE",
      "detail": "FCF margin: -1.5% -> +21.6%",
      "severity": "HIGH"
    },
    {
      "quarter": "2023-06 (Q2)",
      "signal": "FCF TURNED POSITIVE",
      "detail": "FCF margin: -30.0% -> +5.1%",
      "severity": "HIGH"
    },
    {
      "quarter": "2023-06 (Q2)",
      "signal": "YoY REVENUE GROWTH ACCELERATION",
      "detail": "YoY growth: -17.8% vs prior quarter YoY: -25.6% (accel: +7.8%)",
      "severity": "MEDIUM"
    },
    {
      "quarter": "2022-12 (Q4)",
      "signal": "FCF MARGIN EXPANSION",
      "detail": "FCF margin: +13.4% -> +21.7% (+8.2%)",
      "severity": "MEDIUM"
    },
    {
      "quarter": "2022-12 (Q4)",
      "signal": "YoY REVENUE GROWTH DECELERATION",
      "detail": "YoY growth: -28.1% vs prior quarter YoY: -4.2% (decel: -23.9%)",
      "severity": "WARNING"
    },
    {
      "quarter": "2022-09 (Q3)",
      "signal": "FCF MARGIN EXPANSION",
      "detail": "FCF margin: +7.6% -> +13.4% (+5.8%)",
      "severity": "MEDIUM"
    },
    {
      "quarter": "2022-09 (Q3)",
      "signal": "YoY REVENUE GROWTH ACCELERATION",
      "detail": "YoY growth: -4.2% vs prior quarter YoY: -16.5% (accel: +12.3%)",
      "severity": "MEDIUM"
    },
    {
      "quarter": "2022-06 (Q2)",
      "signal": "FCF MARGIN EXPANSION",
      "detail": "FCF margin: +0.6% -> +7.6% (+7.0%)",
      "severity": "MEDIUM"
    },
    {
      "quarter": "2022-06 (Q2)",
      "signal": "YoY REVENUE GROWTH DECELERATION",
      "detail": "YoY growth: -16.5% vs prior quarter YoY: -4.3% (decel: -12.3%)",
      "severity": "WARNING"
    },
    {
      "quarter": "2022-03 (Q1)",
      "signal": "YoY REVENUE GROWTH DECELERATION",
      "detail": "YoY growth: -4.3% vs prior quarter YoY: +18.0% (decel: -22.3%)",
      "severity": "WARNING"
    },
    {
      "quarter": "2021-12 (Q4)",
      "signal": "OPERATING LEVERAGE",
      "detail": "Rev growth +11.8% vs OpEx growth +6.6% (leverage: 1.8x)",
      "severity": "MEDIUM"
    },
    {
      "quarter": "2021-09 (Q3)",
      "signal": "FCF MARGIN EXPANSION",
      "detail": "FCF margin: +4.5% -> +22.7% (+18.2%)",
      "severity": "MEDIUM"
    },
    {
      "quarter": "2021-06 (Q2)",
      "signal": "OPERATING LEVERAGE",
      "detail": "Rev growth +17.9% vs OpEx growth +9.0% (leverage: 2.0x)",
      "severity": "MEDIUM"
    }
  ],
  "data_quality": {
    "n_quarters": 20,
    "coverage": {
      "revenue": [
        20,
        20
      ],
      "gross_profit": [
        0,
        20
      ],
      "op_income": [
        0,
        20
      ],
      "fcf": [
        20,
        20
      ]
    },
    "gaps": [],
    "warnings": [
      "gross_profit: no data",
      "op_income: no data"
    ]
  },
  "market_cap": null,
  "source": "SEC EDGAR",
  "last_updated": "2026-02-02T22:27:34.389024",
  "sector": "Financial Services",
  "industry": "Insurance - Specialty"
}