{
  "ticker": "ITT",
  "name": "ITT INC.",
  "quarters": [
    {
      "date": "2021-03-31T00:00:00",
      "quarter_label": "2021-03 (Q1)",
      "revenue": 698400000,
      "gross_profit": 229000000,
      "operating_income": 109900000,
      "net_income": 86200000,
      "opex": 119100000,
      "cogs": 469400000,
      "rd": 24300000,
      "sga": null,
      "fcf": null,
      "ocf": null,
      "capex": null,
      "gross_margin": 0.32789232531500573,
      "op_margin": 0.15735967926689576,
      "fcf_margin": null
    },
    {
      "date": "2021-04-03T00:00:00",
      "quarter_label": "2021-04 (Q2)",
      "revenue": 698400000,
      "gross_profit": 229000000,
      "operating_income": 109900000,
      "net_income": 86200000,
      "opex": 119100000,
      "cogs": 469400000,
      "rd": 24300000,
      "sga": null,
      "fcf": 70800000,
      "ocf": 70800000,
      "capex": null,
      "gross_margin": 0.32789232531500573,
      "op_margin": 0.15735967926689576,
      "fcf_margin": 0.1013745704467354
    },
    {
      "date": "2021-07-03T00:00:00",
      "quarter_label": "2021-07 (Q3)",
      "revenue": 691600000,
      "gross_profit": 224600000,
      "operating_income": 179600000,
      "net_income": 39000000,
      "opex": 45000000,
      "cogs": 467000000,
      "rd": 23200000,
      "sga": null,
      "fcf": -302400000,
      "ocf": -302400000,
      "capex": null,
      "gross_margin": 0.3247541931752458,
      "op_margin": 0.25968768074031234,
      "fcf_margin": -0.43724696356275305,
      "fcf_margin_change": -0.5386215340094884
    },
    {
      "date": "2021-10-02T00:00:00",
      "quarter_label": "2021-10 (Q4)",
      "revenue": 689600000,
      "gross_profit": 222000000,
      "operating_income": 101700000,
      "net_income": 87500000,
      "opex": 120300000,
      "cogs": 467600000,
      "rd": 22500000,
      "sga": null,
      "fcf": 103700000,
      "ocf": 103700000,
      "capex": null,
      "gross_margin": 0.3219257540603248,
      "op_margin": 0.1474767981438515,
      "fcf_margin": 0.150377030162413,
      "fcf_margin_change": 0.587623993725166
    },
    {
      "date": "2021-12-31T00:00:00",
      "quarter_label": "2021-12 (Q4)",
      "revenue": 685400000,
      "gross_profit": 223900000,
      "operating_income": 113100000,
      "net_income": 103600000,
      "opex": 110800000,
      "cogs": 461500000,
      "rd": 24900000,
      "sga": null,
      "fcf": 119500000,
      "ocf": 119500000,
      "capex": null,
      "gross_margin": 0.32667055733878025,
      "op_margin": 0.1650131310183834,
      "fcf_margin": 0.17435074409104173,
      "fcf_margin_change": 0.023973713928628737
    },
    {
      "date": "2022-04-02T00:00:00",
      "quarter_label": "2022-04 (Q2)",
      "revenue": 726200000,
      "gross_profit": 218400000,
      "operating_income": 94600000,
      "net_income": 74800000,
      "opex": 123800000,
      "cogs": 507800000,
      "rd": 25000000,
      "sga": null,
      "fcf": -2700000,
      "ocf": -2700000,
      "capex": null,
      "gross_margin": 0.3007435968052878,
      "op_margin": 0.13026714403745523,
      "fcf_margin": -0.0037179840264389974,
      "incr_op_margin_yoy": -0.5503597122302158,
      "rev_growth_yoy": 0.03980526918671248,
      "op_leverage_ratio": 0.5073556149132454,
      "fcf_margin_change": -0.17806872811748073
    },
    {
      "date": "2022-07-02T00:00:00",
      "quarter_label": "2022-07 (Q3)",
      "revenue": 733300000,
      "gross_profit": 222200000,
      "operating_income": 100500000,
      "net_income": 74600000,
      "opex": 121700000,
      "cogs": 511100000,
      "rd": 24300000,
      "sga": null,
      "fcf": 56900000,
      "ocf": 56900000,
      "capex": null,
      "gross_margin": 0.30301377335333424,
      "op_margin": 0.13705168416746216,
      "fcf_margin": 0.0775944361107323,
      "incr_op_margin_yoy": -1.8968824940047961,
      "rev_growth_yoy": 0.060294968189705034,
      "rev_growth_yoy_accel": 0.02048969900299255,
      "fcf_margin_change": 0.0813124201371713
    },
    {
      "date": "2022-10-01T00:00:00",
      "quarter_label": "2022-10 (Q4)",
      "revenue": 753600000,
      "gross_profit": 233400000,
      "operating_income": 122000000,
      "net_income": 102400000,
      "opex": 111400000,
      "cogs": 520200000,
      "rd": 24400000,
      "sga": null,
      "fcf": 61000000,
      "ocf": 61000000,
      "capex": null,
      "gross_margin": 0.30971337579617836,
      "op_margin": 0.1618895966029724,
      "fcf_margin": 0.0809447983014862,
      "incr_op_margin_yoy": 0.3171875,
      "rev_growth_yoy": 0.09280742459396751,
      "rev_growth_yoy_accel": 0.03251245640426248,
      "op_leverage_ratio": Infinity,
      "fcf_margin_change": 0.0033503621907538944
    },
    {
      "date": "2022-12-31T00:00:00",
      "quarter_label": "2022-12 (Q4)",
      "revenue": 774600000,
      "gross_profit": 248300000,
      "operating_income": 150900000,
      "net_income": 115200000,
      "opex": 97400000,
      "cogs": 526300000,
      "rd": 22800000,
      "sga": null,
      "fcf": 162500000,
      "ocf": 162500000,
      "capex": null,
      "gross_margin": 0.32055254324812804,
      "op_margin": 0.19481022463206815,
      "fcf_margin": 0.20978569584301576,
      "incr_op_margin_yoy": 0.42376681614349776,
      "rev_growth_yoy": 0.1301429822001751,
      "rev_growth_yoy_accel": 0.037335557606207576,
      "op_leverage_ratio": Infinity,
      "fcf_margin_change": 0.12884089754152955
    },
    {
      "date": "2023-04-01T00:00:00",
      "quarter_label": "2023-04 (Q2)",
      "revenue": 797900000,
      "gross_profit": 261900000,
      "operating_income": 124300000,
      "net_income": 100000000,
      "opex": 137600000,
      "cogs": 536000000,
      "rd": 26400000,
      "sga": null,
      "fcf": 58100000,
      "ocf": 58100000,
      "capex": null,
      "gross_margin": 0.3282366211304675,
      "op_margin": 0.15578393282366212,
      "fcf_margin": 0.07281614237373105,
      "incr_op_margin_yoy": 0.41422594142259417,
      "rev_growth_yoy": 0.09873313136876893,
      "rev_growth_yoy_accel": -0.031409850831406155,
      "op_leverage_ratio": 0.0728804981033382,
      "fcf_margin_change": -0.13696955346928472
    },
    {
      "date": "2023-07-01T00:00:00",
      "quarter_label": "2023-07 (Q3)",
      "revenue": 833900000,
      "gross_profit": 280000000,
      "operating_income": 142000000,
      "net_income": 108200000,
      "opex": 138000000,
      "cogs": 553900000,
      "rd": 25700000,
      "sga": null,
      "fcf": 139700000,
      "ocf": 139700000,
      "capex": null,
      "gross_margin": 0.33577167526082263,
      "op_margin": 0.1702842067394172,
      "fcf_margin": 0.16752608226406043,
      "incr_op_margin_yoy": 0.4125248508946322,
      "rev_growth_yoy": 0.13718805400245465,
      "rev_growth_yoy_accel": 0.03845492263368572,
      "op_leverage_ratio": 15.520741947612484,
      "fcf_margin_change": 0.09470993989032939
    },
    {
      "date": "2023-09-30T00:00:00",
      "quarter_label": "2023-09 (Q3)",
      "revenue": 822100000,
      "gross_profit": 279400000,
      "operating_income": 143100000,
      "net_income": 110800000,
      "opex": 136300000,
      "cogs": 542700000,
      "rd": 25000000,
      "sga": null,
      "fcf": 169800000,
      "ocf": 169800000,
      "capex": null,
      "gross_margin": 0.339861330738353,
      "op_margin": 0.17406641527794672,
      "fcf_margin": 0.20654421603211287,
      "incr_op_margin_yoy": 0.30802919708029197,
      "rev_growth_yoy": 0.09089702760084925,
      "rev_growth_yoy_accel": -0.0462910264016054,
      "fcf_margin_change": 0.03901813376805244
    },
    {
      "date": "2023-12-31T00:00:00",
      "quarter_label": "2023-12 (Q4)",
      "revenue": 829100000,
      "gross_profit": 286000000,
      "operating_income": 118800000,
      "net_income": 91500000,
      "opex": 167200000,
      "cogs": 543100000,
      "rd": 25500000,
      "sga": null,
      "fcf": 170400000,
      "ocf": 170400000,
      "capex": null,
      "gross_margin": 0.3449523579785309,
      "op_margin": 0.14328790254492824,
      "fcf_margin": 0.20552406223615968,
      "incr_op_margin_yoy": -0.5889908256880734,
      "rev_growth_yoy": 0.07035889491350375,
      "rev_growth_yoy_accel": -0.0205381326873455,
      "fcf_margin_change": -0.0010201537959531881
    },
    {
      "date": "2024-03-30T00:00:00",
      "quarter_label": "2024-03 (Q1)",
      "revenue": 910600000,
      "gross_profit": 300800000,
      "operating_income": 149200000,
      "net_income": 111000000,
      "opex": 151600000,
      "cogs": 609800000,
      "rd": 30000000,
      "sga": null,
      "fcf": 57800000,
      "ocf": 57800000,
      "capex": null,
      "gross_margin": 0.33033164946189325,
      "op_margin": 0.16384801229958268,
      "fcf_margin": 0.06347463211069625,
      "incr_op_margin_yoy": 0.2209405501330967,
      "rev_growth_yoy": 0.14124577014663492,
      "rev_growth_yoy_accel": 0.07088687523313117,
      "op_leverage_ratio": Infinity,
      "fcf_margin_change": -0.14204943012546345
    },
    {
      "date": "2024-06-29T00:00:00",
      "quarter_label": "2024-06 (Q2)",
      "revenue": 905900000,
      "gross_profit": 316100000,
      "operating_income": 159000000,
      "net_income": 119200000,
      "opex": 157100000,
      "cogs": 589800000,
      "rd": 29700000,
      "sga": null,
      "fcf": 157700000,
      "ocf": 157700000,
      "capex": null,
      "gross_margin": 0.3489347610111491,
      "op_margin": 0.17551606137542775,
      "fcf_margin": 0.17408102439562867,
      "incr_op_margin_yoy": 0.2361111111111111,
      "rev_growth_yoy": 0.08634128792421153,
      "rev_growth_yoy_accel": -0.05490448222242339,
      "fcf_margin_change": 0.11060639228493242
    },
    {
      "date": "2024-09-28T00:00:00",
      "quarter_label": "2024-09 (Q3)",
      "revenue": 885200000,
      "gross_profit": 314000000,
      "operating_income": 207900000,
      "net_income": 161100000,
      "opex": 106100000,
      "cogs": 571200000,
      "rd": 28600000,
      "sga": null,
      "fcf": 123900000,
      "ocf": 123900000,
      "capex": null,
      "gross_margin": 0.35472209670131044,
      "op_margin": 0.23486217803886128,
      "fcf_margin": 0.13996836873023047,
      "incr_op_margin_yoy": 1.0269413629160062,
      "rev_growth_yoy": 0.07675465271864737,
      "rev_growth_yoy_accel": -0.009586635205564159,
      "fcf_margin_change": -0.0341126556653982
    },
    {
      "date": "2024-12-31T00:00:00",
      "quarter_label": "2024-12 (Q4)",
      "revenue": 929000000,
      "gross_profit": 316400000,
      "operating_income": 159900000,
      "net_income": 127000000,
      "opex": 156500000,
      "cogs": 612600000,
      "rd": 28000000,
      "sga": null,
      "fcf": 223200000,
      "ocf": 223200000,
      "capex": null,
      "gross_margin": 0.34058127018299245,
      "op_margin": 0.17212055974165769,
      "fcf_margin": 0.2402583423035522,
      "incr_op_margin_yoy": 0.4114114114114114,
      "rev_growth_yoy": 0.12049209986732602,
      "rev_growth_yoy_accel": 0.04373744714867865,
      "op_leverage_ratio": 0.10416397693284271,
      "fcf_margin_change": 0.10028997357332173
    },
    {
      "date": "2025-03-29T00:00:00",
      "quarter_label": "2025-03 (Q1)",
      "revenue": 913000000,
      "gross_profit": 316300000,
      "operating_income": 150900000,
      "net_income": 108400000,
      "opex": 165400000,
      "cogs": 596700000,
      "rd": 26900000,
      "sga": null,
      "fcf": 113400000,
      "ocf": 113400000,
      "capex": null,
      "gross_margin": 0.3464403066812705,
      "op_margin": 0.16527929901423877,
      "fcf_margin": 0.12420591456736035,
      "incr_op_margin_yoy": 0.7083333333333334,
      "rev_growth_yoy": 0.002635624862727872,
      "rev_growth_yoy_accel": -0.11785647500459814,
      "fcf_margin_change": -0.11605242773619184
    },
    {
      "date": "2025-06-28T00:00:00",
      "quarter_label": "2025-06 (Q2)",
      "revenue": 972400000,
      "gross_profit": 346800000,
      "operating_income": 175100000,
      "net_income": 121000000,
      "opex": 171700000,
      "cogs": 625600000,
      "rd": 29000000,
      "sga": null,
      "fcf": 153700000,
      "ocf": 153700000,
      "capex": null,
      "gross_margin": 0.35664335664335667,
      "op_margin": 0.18006993006993008,
      "fcf_margin": 0.15806252570958454,
      "incr_op_margin_yoy": 0.24210526315789474,
      "rev_growth_yoy": 0.07340766088972293,
      "rev_growth_yoy_accel": 0.07077203602699506,
      "op_leverage_ratio": 1.708089500860585,
      "fcf_margin_change": 0.033856611142224186
    },
    {
      "date": "2025-09-27T00:00:00",
      "quarter_label": "2025-09 (Q3)",
      "revenue": 999100000,
      "gross_profit": 355200000,
      "operating_income": 179800000,
      "net_income": 126900000,
      "opex": 175400000,
      "cogs": 643900000,
      "rd": 28100000,
      "sga": null,
      "fcf": 173900000,
      "ocf": 173900000,
      "capex": null,
      "gross_margin": 0.3555199679711741,
      "op_margin": 0.17996196576919227,
      "fcf_margin": 0.1740566509858873,
      "incr_op_margin_yoy": -0.2467076382791923,
      "rev_growth_yoy": 0.12867148666967917,
      "rev_growth_yoy_accel": 0.05526382577995624,
      "op_leverage_ratio": 1.2741920241920242,
      "fcf_margin_change": 0.015994125276302756
    }
  ],
  "signals": [
    {
      "quarter": "2025-09 (Q3)",
      "signal": "YoY REVENUE GROWTH ACCELERATION",
      "detail": "YoY growth: +12.9% vs prior quarter YoY: +7.3% (accel: +5.5%)",
      "severity": "MEDIUM"
    },
    {
      "quarter": "2025-06 (Q2)",
      "signal": "OPERATING LEVERAGE",
      "detail": "Rev growth +6.5% vs OpEx growth +3.8% (leverage: 1.7x)",
      "severity": "MEDIUM"
    },
    {
      "quarter": "2025-06 (Q2)",
      "signal": "YoY REVENUE GROWTH ACCELERATION",
      "detail": "YoY growth: +7.3% vs prior quarter YoY: +0.3% (accel: +7.1%)",
      "severity": "MEDIUM"
    },
    {
      "quarter": "2025-03 (Q1)",
      "signal": "YoY REVENUE GROWTH DECELERATION",
      "detail": "YoY growth: +0.3% vs prior quarter YoY: +12.0% (decel: -11.8%)",
      "severity": "WARNING"
    },
    {
      "quarter": "2025-03 (Q1)",
      "signal": "INCREMENTAL MARGIN (YoY)",
      "detail": "YoY Incr OPM: +70.8% vs year-ago OPM: +16.4%",
      "severity": "HIGH"
    },
    {
      "quarter": "2024-12 (Q4)",
      "signal": "FCF MARGIN EXPANSION",
      "detail": "FCF margin: +14.0% -> +24.0% (+10.0%)",
      "severity": "MEDIUM"
    },
    {
      "quarter": "2024-12 (Q4)",
      "signal": "INCREMENTAL MARGIN (YoY)",
      "detail": "YoY Incr OPM: +41.1% vs year-ago OPM: +14.3%",
      "severity": "HIGH"
    },
    {
      "quarter": "2024-09 (Q3)",
      "signal": "INCREMENTAL MARGIN (YoY)",
      "detail": "YoY Incr OPM: +102.7% vs year-ago OPM: +17.4%",
      "severity": "HIGH"
    },
    {
      "quarter": "2024-06 (Q2)",
      "signal": "FCF MARGIN EXPANSION",
      "detail": "FCF margin: +6.3% -> +17.4% (+11.1%)",
      "severity": "MEDIUM"
    },
    {
      "quarter": "2024-06 (Q2)",
      "signal": "YoY REVENUE GROWTH DECELERATION",
      "detail": "YoY growth: +8.6% vs prior quarter YoY: +14.1% (decel: -5.5%)",
      "severity": "WARNING"
    },
    {
      "quarter": "2024-03 (Q1)",
      "signal": "YoY REVENUE GROWTH ACCELERATION",
      "detail": "YoY growth: +14.1% vs prior quarter YoY: +7.0% (accel: +7.1%)",
      "severity": "MEDIUM"
    },
    {
      "quarter": "2023-09 (Q3)",
      "signal": "INCREMENTAL MARGIN (YoY)",
      "detail": "YoY Incr OPM: +30.8% vs year-ago OPM: +16.2%",
      "severity": "MEDIUM"
    },
    {
      "quarter": "2023-07 (Q3)",
      "signal": "FCF MARGIN EXPANSION",
      "detail": "FCF margin: +7.3% -> +16.8% (+9.5%)",
      "severity": "MEDIUM"
    },
    {
      "quarter": "2023-07 (Q3)",
      "signal": "OPERATING LEVERAGE",
      "detail": "Rev growth +4.5% vs OpEx growth +0.3% (leverage: 15.5x)",
      "severity": "MEDIUM"
    },
    {
      "quarter": "2023-07 (Q3)",
      "signal": "INCREMENTAL MARGIN (YoY)",
      "detail": "YoY Incr OPM: +41.3% vs year-ago OPM: +13.7%",
      "severity": "HIGH"
    },
    {
      "quarter": "2023-04 (Q2)",
      "signal": "INCREMENTAL MARGIN (YoY)",
      "detail": "YoY Incr OPM: +41.4% vs year-ago OPM: +13.0%",
      "severity": "HIGH"
    },
    {
      "quarter": "2022-12 (Q4)",
      "signal": "FCF MARGIN EXPANSION",
      "detail": "FCF margin: +8.1% -> +21.0% (+12.9%)",
      "severity": "MEDIUM"
    },
    {
      "quarter": "2022-12 (Q4)",
      "signal": "INCREMENTAL MARGIN (YoY)",
      "detail": "YoY Incr OPM: +42.4% vs year-ago OPM: +16.5%",
      "severity": "HIGH"
    },
    {
      "quarter": "2022-10 (Q4)",
      "signal": "INCREMENTAL MARGIN (YoY)",
      "detail": "YoY Incr OPM: +31.7% vs year-ago OPM: +14.7%",
      "severity": "MEDIUM"
    },
    {
      "quarter": "2022-07 (Q3)",
      "signal": "FCF TURNED POSITIVE",
      "detail": "FCF margin: -0.4% -> +7.8%",
      "severity": "HIGH"
    },
    {
      "quarter": "2021-10 (Q4)",
      "signal": "FCF TURNED POSITIVE",
      "detail": "FCF margin: -43.7% -> +15.0%",
      "severity": "HIGH"
    }
  ],
  "data_quality": {
    "n_quarters": 20,
    "coverage": {
      "revenue": [
        20,
        20
      ],
      "gross_profit": [
        20,
        20
      ],
      "op_income": [
        20,
        20
      ],
      "fcf": [
        19,
        20
      ]
    },
    "gaps": [],
    "warnings": []
  },
  "market_cap": null,
  "source": "SEC EDGAR",
  "last_updated": "2026-02-02T20:24:47.774914",
  "sector": "Industrials",
  "industry": "Specialty Industrial Machinery"
}