{
  "ticker": "ITW",
  "name": "ILLINOIS TOOL WORKS INC",
  "quarters": [
    {
      "date": "2020-12-31T00:00:00",
      "quarter_label": "2020-12 (Q4)",
      "revenue": 3475000000,
      "gross_profit": 1475000000,
      "operating_income": 883000000,
      "net_income": null,
      "opex": 592000000,
      "cogs": 2000000000,
      "rd": null,
      "sga": null,
      "fcf": 705000000,
      "ocf": 773000000,
      "capex": -68000000,
      "gross_margin": 0.4244604316546763,
      "op_margin": 0.25410071942446044,
      "fcf_margin": 0.20287769784172663
    },
    {
      "date": "2021-03-31T00:00:00",
      "quarter_label": "2021-03 (Q1)",
      "revenue": 3544000000,
      "gross_profit": 1505000000,
      "operating_income": 905000000,
      "net_income": null,
      "opex": 600000000,
      "cogs": 2039000000,
      "rd": null,
      "sga": null,
      "fcf": 541000000,
      "ocf": 609000000,
      "capex": -68000000,
      "gross_margin": 0.4246613995485327,
      "op_margin": 0.2553611738148984,
      "fcf_margin": 0.15265237020316028,
      "op_leverage_ratio": 1.4693525179856113,
      "fcf_margin_change": -0.05022532763856635
    },
    {
      "date": "2021-06-30T00:00:00",
      "quarter_label": "2021-06 (Q2)",
      "revenue": 3676000000,
      "gross_profit": 1513000000,
      "operating_income": 893000000,
      "net_income": null,
      "opex": 620000000,
      "cogs": 2163000000,
      "rd": null,
      "sga": null,
      "fcf": 477000000,
      "ocf": 555000000,
      "capex": -78000000,
      "gross_margin": 0.411588683351469,
      "op_margin": 0.24292709466811752,
      "fcf_margin": 0.12976060935799782,
      "op_leverage_ratio": 1.1173814898419865,
      "fcf_margin_change": -0.02289176084516245
    },
    {
      "date": "2021-09-30T00:00:00",
      "quarter_label": "2021-09 (Q3)",
      "revenue": 3556000000,
      "gross_profit": 1460000000,
      "operating_income": 845000000,
      "net_income": null,
      "opex": 615000000,
      "cogs": 2096000000,
      "rd": null,
      "sga": null,
      "fcf": 548000000,
      "ocf": 619000000,
      "capex": -71000000,
      "gross_margin": 0.41057367829021374,
      "op_margin": 0.2376265466816648,
      "fcf_margin": 0.15410573678290213,
      "fcf_margin_change": 0.0243451274249043
    },
    {
      "date": "2021-12-31T00:00:00",
      "quarter_label": "2021-12 (Q4)",
      "revenue": 3679000000,
      "gross_profit": 1488000000,
      "operating_income": 834000000,
      "net_income": null,
      "opex": 654000000,
      "cogs": 2191000000,
      "rd": null,
      "sga": null,
      "fcf": 695000000,
      "ocf": 774000000,
      "capex": -79000000,
      "gross_margin": 0.4044577330796412,
      "op_margin": 0.22669203587931502,
      "fcf_margin": 0.1889100298994292,
      "incr_op_margin_yoy": -0.24019607843137256,
      "rev_growth_yoy": 0.05870503597122302,
      "op_leverage_ratio": 0.5454486458423465,
      "fcf_margin_change": 0.03480429311652708
    },
    {
      "date": "2022-03-31T00:00:00",
      "quarter_label": "2022-03 (Q1)",
      "revenue": 3939000000,
      "gross_profit": 1582000000,
      "operating_income": 895000000,
      "net_income": null,
      "opex": 687000000,
      "cogs": 2357000000,
      "rd": null,
      "sga": null,
      "fcf": 249000000,
      "ocf": 323000000,
      "capex": -74000000,
      "gross_margin": 0.40162477786240164,
      "op_margin": 0.2272150291952272,
      "fcf_margin": 0.06321401370906321,
      "incr_op_margin_yoy": -0.02531645569620253,
      "rev_growth_yoy": 0.11145598194130925,
      "rev_growth_yoy_accel": 0.05275094597008623,
      "op_leverage_ratio": 1.4005782203662063,
      "fcf_margin_change": -0.125696016190366
    },
    {
      "date": "2022-06-30T00:00:00",
      "quarter_label": "2022-06 (Q2)",
      "revenue": 4011000000,
      "gross_profit": 1619000000,
      "operating_income": 926000000,
      "net_income": null,
      "opex": 693000000,
      "cogs": 2392000000,
      "rd": null,
      "sga": null,
      "fcf": 420000000,
      "ocf": 501000000,
      "capex": -81000000,
      "gross_margin": 0.40363999002742457,
      "op_margin": 0.23086512091747693,
      "fcf_margin": 0.10471204188481675,
      "incr_op_margin_yoy": 0.09850746268656717,
      "rev_growth_yoy": 0.0911316648531012,
      "rev_growth_yoy_accel": -0.020324317088208047,
      "op_leverage_ratio": 2.0929169840060933,
      "fcf_margin_change": 0.04149802817575354
    },
    {
      "date": "2022-09-30T00:00:00",
      "quarter_label": "2022-09 (Q3)",
      "revenue": 4011000000,
      "gross_profit": 1640000000,
      "operating_income": 983000000,
      "net_income": null,
      "opex": 657000000,
      "cogs": 2371000000,
      "rd": null,
      "sga": null,
      "fcf": 612000000,
      "ocf": 713000000,
      "capex": -101000000,
      "gross_margin": 0.4088755921216654,
      "op_margin": 0.24507604088755922,
      "fcf_margin": 0.1525804038893044,
      "incr_op_margin_yoy": 0.3032967032967033,
      "rev_growth_yoy": 0.1279527559055118,
      "rev_growth_yoy_accel": 0.036821091052410604,
      "fcf_margin_change": 0.04786836200448766
    },
    {
      "date": "2022-12-31T00:00:00",
      "quarter_label": "2022-12 (Q4)",
      "revenue": 3971000000,
      "gross_profit": 2955000000,
      "operating_income": 986000000,
      "net_income": null,
      "opex": 1969000000,
      "cogs": 1016000000,
      "rd": null,
      "sga": null,
      "fcf": 655000000,
      "ocf": 811000000,
      "capex": -156000000,
      "gross_margin": 0.744145051624276,
      "op_margin": 0.24830017627801562,
      "fcf_margin": 0.1649458574666331,
      "incr_op_margin_yoy": 0.5205479452054794,
      "rev_growth_yoy": 0.07936939385702636,
      "rev_growth_yoy_accel": -0.04858336204848544,
      "fcf_margin_change": 0.012365453577328683
    },
    {
      "date": "2023-03-31T00:00:00",
      "quarter_label": "2023-03 (Q1)",
      "revenue": 4019000000,
      "gross_profit": 1678000000,
      "operating_income": 972000000,
      "net_income": null,
      "opex": 706000000,
      "cogs": 2341000000,
      "rd": null,
      "sga": null,
      "fcf": 615000000,
      "ocf": 728000000,
      "capex": -113000000,
      "gross_margin": 0.4175167952226922,
      "op_margin": 0.2418512067678527,
      "fcf_margin": 0.15302314008459816,
      "incr_op_margin_yoy": 0.9625,
      "rev_growth_yoy": 0.02030972328002031,
      "rev_growth_yoy_accel": -0.05905967057700605,
      "op_leverage_ratio": Infinity,
      "fcf_margin_change": -0.01192271738203493
    },
    {
      "date": "2023-06-30T00:00:00",
      "quarter_label": "2023-06 (Q2)",
      "revenue": 4074000000,
      "gross_profit": 1730000000,
      "operating_income": 1010000000,
      "net_income": null,
      "opex": 720000000,
      "cogs": 2344000000,
      "rd": null,
      "sga": null,
      "fcf": 705000000,
      "ocf": 790000000,
      "capex": -85000000,
      "gross_margin": 0.42464408443789886,
      "op_margin": 0.24791359842906235,
      "fcf_margin": 0.17304860088365243,
      "incr_op_margin_yoy": 1.3333333333333333,
      "rev_growth_yoy": 0.015706806282722512,
      "rev_growth_yoy_accel": -0.0046029169972977985,
      "op_leverage_ratio": 0.6901148117868695,
      "fcf_margin_change": 0.020025460799054262
    },
    {
      "date": "2023-09-30T00:00:00",
      "quarter_label": "2023-09 (Q3)",
      "revenue": 4031000000,
      "gross_profit": 1712000000,
      "operating_income": 1070000000,
      "net_income": null,
      "opex": 642000000,
      "cogs": 2319000000,
      "rd": null,
      "sga": null,
      "fcf": 856000000,
      "ocf": 982000000,
      "capex": -126000000,
      "gross_margin": 0.4247085090548251,
      "op_margin": 0.2654428181592657,
      "fcf_margin": 0.21235425452741255,
      "incr_op_margin_yoy": 4.35,
      "rev_growth_yoy": 0.004986287708800797,
      "rev_growth_yoy_accel": -0.010720518573921714,
      "fcf_margin_change": 0.039305653643760124
    },
    {
      "date": "2023-12-31T00:00:00",
      "quarter_label": "2023-12 (Q4)",
      "revenue": 3983000000,
      "gross_profit": 3043000000,
      "operating_income": 988000000,
      "net_income": null,
      "opex": 2055000000,
      "cogs": 940000000,
      "rd": null,
      "sga": null,
      "fcf": 908000000,
      "ocf": 1039000000,
      "capex": -131000000,
      "gross_margin": 0.7639969871955812,
      "op_margin": 0.24805423047953803,
      "fcf_margin": 0.2279688676876726,
      "incr_op_margin_yoy": 0.16666666666666666,
      "rev_growth_yoy": 0.0030219088390833542,
      "rev_growth_yoy_accel": -0.001964378869717443,
      "fcf_margin_change": 0.015614613160260055
    },
    {
      "date": "2024-03-31T00:00:00",
      "quarter_label": "2024-03 (Q1)",
      "revenue": 3973000000,
      "gross_profit": 2056000000,
      "operating_income": 1127000000,
      "net_income": null,
      "opex": 929000000,
      "cogs": 1917000000,
      "rd": null,
      "sga": null,
      "fcf": 494000000,
      "ocf": 589000000,
      "capex": -95000000,
      "gross_margin": 0.5174930782783791,
      "op_margin": 0.2836647369745784,
      "fcf_margin": 0.12433929020891014,
      "incr_op_margin_yoy": -3.369565217391304,
      "rev_growth_yoy": -0.011445633242100024,
      "rev_growth_yoy_accel": -0.01446754208118338,
      "fcf_margin_change": -0.10362957747876246
    },
    {
      "date": "2024-06-30T00:00:00",
      "quarter_label": "2024-06 (Q2)",
      "revenue": 4027000000,
      "gross_profit": 2108000000,
      "operating_income": 1054000000,
      "net_income": null,
      "opex": 1054000000,
      "cogs": 1919000000,
      "rd": null,
      "sga": null,
      "fcf": 571000000,
      "ocf": 687000000,
      "capex": -116000000,
      "gross_margin": 0.5234666004469829,
      "op_margin": 0.26173330022349145,
      "fcf_margin": 0.14179289793891234,
      "incr_op_margin_yoy": -0.9361702127659575,
      "rev_growth_yoy": -0.011536573392243496,
      "rev_growth_yoy_accel": -9.094015014347173e-05,
      "op_leverage_ratio": 0.1010138434432419,
      "fcf_margin_change": 0.017453607730002194
    },
    {
      "date": "2024-09-30T00:00:00",
      "quarter_label": "2024-09 (Q3)",
      "revenue": 3966000000,
      "gross_profit": 2082000000,
      "operating_income": 1052000000,
      "net_income": null,
      "opex": 1030000000,
      "cogs": 1884000000,
      "rd": null,
      "sga": null,
      "fcf": 783000000,
      "ocf": 891000000,
      "capex": -108000000,
      "gross_margin": 0.5249621785173979,
      "op_margin": 0.2652546646495209,
      "fcf_margin": 0.197428139183056,
      "incr_op_margin_yoy": 0.27692307692307694,
      "rev_growth_yoy": -0.01612503100967502,
      "rev_growth_yoy_accel": -0.004588457617431523,
      "fcf_margin_change": 0.05563524124414365
    },
    {
      "date": "2024-12-31T00:00:00",
      "quarter_label": "2024-12 (Q4)",
      "revenue": 3932000000,
      "gross_profit": 2048000000,
      "operating_income": 1031000000,
      "net_income": null,
      "opex": 1017000000,
      "cogs": 1884000000,
      "rd": null,
      "sga": null,
      "fcf": 996000000,
      "ocf": 1114000000,
      "capex": -118000000,
      "gross_margin": 0.5208545269582909,
      "op_margin": 0.26220752797558494,
      "fcf_margin": 0.2533062054933876,
      "incr_op_margin_yoy": -0.8431372549019608,
      "rev_growth_yoy": -0.012804418779814211,
      "rev_growth_yoy_accel": 0.003320612229860808,
      "fcf_margin_change": 0.055878066310331626
    },
    {
      "date": "2025-03-31T00:00:00",
      "quarter_label": "2025-03 (Q1)",
      "revenue": 3839000000,
      "gross_profit": 2018000000,
      "operating_income": 951000000,
      "net_income": null,
      "opex": 1067000000,
      "cogs": 1821000000,
      "rd": null,
      "sga": null,
      "fcf": 496000000,
      "ocf": 592000000,
      "capex": -96000000,
      "gross_margin": 0.5256577233654598,
      "op_margin": 0.24772076061474343,
      "fcf_margin": 0.1292003125814014,
      "incr_op_margin_yoy": 1.3134328358208955,
      "rev_growth_yoy": -0.03372766171658696,
      "rev_growth_yoy_accel": -0.02092324293677275,
      "fcf_margin_change": -0.1241058929119862
    },
    {
      "date": "2025-06-30T00:00:00",
      "quarter_label": "2025-06 (Q2)",
      "revenue": 4053000000,
      "gross_profit": 2139000000,
      "operating_income": 1068000000,
      "net_income": null,
      "opex": 1071000000,
      "cogs": 1914000000,
      "rd": null,
      "sga": null,
      "fcf": 449000000,
      "ocf": 550000000,
      "capex": -101000000,
      "gross_margin": 0.5277572168763879,
      "op_margin": 0.26350851221317545,
      "fcf_margin": 0.11078213668887243,
      "incr_op_margin_yoy": 0.5384615384615384,
      "rev_growth_yoy": 0.00645641917059846,
      "rev_growth_yoy_accel": 0.04018408088718542,
      "op_leverage_ratio": 14.869627507163324,
      "fcf_margin_change": -0.018418175892528976
    },
    {
      "date": "2025-09-30T00:00:00",
      "quarter_label": "2025-09 (Q3)",
      "revenue": 4059000000,
      "gross_profit": 2161000000,
      "operating_income": 1112000000,
      "net_income": null,
      "opex": 1049000000,
      "cogs": 1898000000,
      "rd": null,
      "sga": null,
      "fcf": 904000000,
      "ocf": 1021000000,
      "capex": -117000000,
      "gross_margin": 0.5323971421532397,
      "op_margin": 0.2739591032273959,
      "fcf_margin": 0.2227149544222715,
      "incr_op_margin_yoy": 0.6451612903225806,
      "rev_growth_yoy": 0.023449319213313162,
      "rev_growth_yoy_accel": 0.0169929000427147,
      "fcf_margin_change": 0.11193281773339905
    }
  ],
  "signals": [
    {
      "quarter": "2025-09 (Q3)",
      "signal": "FCF MARGIN EXPANSION",
      "detail": "FCF margin: +11.1% -> +22.3% (+11.2%)",
      "severity": "MEDIUM"
    },
    {
      "quarter": "2025-09 (Q3)",
      "signal": "INCREMENTAL MARGIN (YoY)",
      "detail": "YoY Incr OPM: +64.5% vs year-ago OPM: +26.5%",
      "severity": "HIGH"
    },
    {
      "quarter": "2025-06 (Q2)",
      "signal": "OPERATING LEVERAGE",
      "detail": "Rev growth +5.6% vs OpEx growth +0.4% (leverage: 14.9x)",
      "severity": "MEDIUM"
    },
    {
      "quarter": "2025-06 (Q2)",
      "signal": "INCREMENTAL MARGIN (YoY)",
      "detail": "YoY Incr OPM: +53.8% vs year-ago OPM: +26.2%",
      "severity": "HIGH"
    },
    {
      "quarter": "2025-03 (Q1)",
      "signal": "INCREMENTAL MARGIN (YoY)",
      "detail": "YoY Incr OPM: +131.3% vs year-ago OPM: +28.4%",
      "severity": "HIGH"
    },
    {
      "quarter": "2024-12 (Q4)",
      "signal": "FCF MARGIN EXPANSION",
      "detail": "FCF margin: +19.7% -> +25.3% (+5.6%)",
      "severity": "MEDIUM"
    },
    {
      "quarter": "2024-09 (Q3)",
      "signal": "FCF MARGIN EXPANSION",
      "detail": "FCF margin: +14.2% -> +19.7% (+5.6%)",
      "severity": "MEDIUM"
    },
    {
      "quarter": "2023-09 (Q3)",
      "signal": "INCREMENTAL MARGIN (YoY)",
      "detail": "YoY Incr OPM: +435.0% vs year-ago OPM: +24.5%",
      "severity": "HIGH"
    },
    {
      "quarter": "2023-06 (Q2)",
      "signal": "INCREMENTAL MARGIN (YoY)",
      "detail": "YoY Incr OPM: +133.3% vs year-ago OPM: +23.1%",
      "severity": "HIGH"
    },
    {
      "quarter": "2023-03 (Q1)",
      "signal": "YoY REVENUE GROWTH DECELERATION",
      "detail": "YoY growth: +2.0% vs prior quarter YoY: +7.9% (decel: -5.9%)",
      "severity": "WARNING"
    },
    {
      "quarter": "2023-03 (Q1)",
      "signal": "INCREMENTAL MARGIN (YoY)",
      "detail": "YoY Incr OPM: +96.2% vs year-ago OPM: +22.7%",
      "severity": "HIGH"
    },
    {
      "quarter": "2022-12 (Q4)",
      "signal": "INCREMENTAL MARGIN (YoY)",
      "detail": "YoY Incr OPM: +52.1% vs year-ago OPM: +22.7%",
      "severity": "HIGH"
    },
    {
      "quarter": "2022-06 (Q2)",
      "signal": "OPERATING LEVERAGE",
      "detail": "Rev growth +1.8% vs OpEx growth +0.9% (leverage: 2.1x)",
      "severity": "MEDIUM"
    },
    {
      "quarter": "2022-03 (Q1)",
      "signal": "YoY REVENUE GROWTH ACCELERATION",
      "detail": "YoY growth: +11.1% vs prior quarter YoY: +5.9% (accel: +5.3%)",
      "severity": "MEDIUM"
    }
  ],
  "data_quality": {
    "n_quarters": 20,
    "coverage": {
      "revenue": [
        20,
        20
      ],
      "gross_profit": [
        20,
        20
      ],
      "op_income": [
        20,
        20
      ],
      "fcf": [
        20,
        20
      ]
    },
    "gaps": [],
    "warnings": []
  },
  "market_cap": null,
  "source": "SEC EDGAR",
  "last_updated": "2026-02-02T19:54:05.484590"
}