{
  "ticker": "IVT",
  "name": "INVENTRUST PROPERTIES CORP.",
  "sector": "Real Estate",
  "industry": "REIT - Retail",
  "quarters": [
    {
      "date": "2021-03-31T00:00:00",
      "quarter_label": "2021-03 (Q1)",
      "revenue": 51121000,
      "gross_profit": null,
      "operating_income": -3041000,
      "net_income": -100000,
      "opex": 48180000,
      "cogs": null,
      "rd": null,
      "sga": null,
      "fcf": 20846000,
      "ocf": 20846000,
      "capex": null,
      "gross_margin": null,
      "op_margin": -0.05948631677784081,
      "fcf_margin": 0.4077776256333014
    },
    {
      "date": "2021-06-30T00:00:00",
      "quarter_label": "2021-06 (Q2)",
      "revenue": 52140000,
      "gross_profit": null,
      "operating_income": -2804000,
      "net_income": 1499000,
      "opex": 47837000,
      "cogs": null,
      "rd": null,
      "sga": null,
      "fcf": 33153000,
      "ocf": 33153000,
      "capex": null,
      "gross_margin": null,
      "op_margin": -0.05377828922132719,
      "fcf_margin": 0.6358457997698505,
      "op_leverage_ratio": null,
      "fcf_margin_change": 0.22806817413654906
    },
    {
      "date": "2021-09-30T00:00:00",
      "quarter_label": "2021-09 (Q3)",
      "revenue": 55138000,
      "gross_profit": null,
      "operating_income": -2709000,
      "net_income": 3992000,
      "opex": 48437000,
      "cogs": null,
      "rd": null,
      "sga": null,
      "fcf": 31722000,
      "ocf": 31722000,
      "capex": null,
      "gross_margin": null,
      "op_margin": -0.0491312706300555,
      "fcf_margin": 0.5753201059160652,
      "op_leverage_ratio": 4.584302710650812,
      "fcf_margin_change": -0.060525693853785256
    },
    {
      "date": "2021-12-31T00:00:00",
      "quarter_label": "2021-12 (Q4)",
      "revenue": 53580000,
      "gross_profit": null,
      "operating_income": 419000,
      "net_income": -10751000,
      "opex": 64750000,
      "cogs": null,
      "rd": null,
      "sga": null,
      "fcf": 4235000,
      "ocf": 4235000,
      "capex": null,
      "gross_margin": null,
      "op_margin": 0.007820082120194102,
      "fcf_margin": 0.07904068682344158,
      "fcf_margin_change": -0.49627941909262363
    },
    {
      "date": "2022-03-31T00:00:00",
      "quarter_label": "2022-03 (Q1)",
      "revenue": 58786000,
      "gross_profit": null,
      "operating_income": -2241000,
      "net_income": 9501000,
      "opex": 47044000,
      "cogs": null,
      "rd": null,
      "sga": null,
      "fcf": 26777000,
      "ocf": 26777000,
      "capex": null,
      "gross_margin": null,
      "op_margin": -0.03812132140305515,
      "fcf_margin": 0.45549960875038276,
      "incr_op_margin_yoy": 0.10437051532941943,
      "rev_growth_yoy": 0.14993838148706012,
      "op_leverage_ratio": null,
      "fcf_margin_change": 0.3764589219269412
    },
    {
      "date": "2022-06-30T00:00:00",
      "quarter_label": "2022-06 (Q2)",
      "revenue": 59893000,
      "gross_profit": null,
      "operating_income": 32148000,
      "net_income": 41921000,
      "opex": 50120000,
      "cogs": null,
      "rd": null,
      "sga": null,
      "fcf": 36715000,
      "ocf": 36715000,
      "capex": null,
      "gross_margin": null,
      "op_margin": 0.5367572170370494,
      "fcf_margin": 0.613009867597215,
      "incr_op_margin_yoy": 4.5081903779182255,
      "rev_growth_yoy": 0.1486958189489835,
      "rev_growth_yoy_accel": -0.0012425625380766137,
      "op_leverage_ratio": 0.28799942503759535,
      "fcf_margin_change": 0.15751025884683223
    },
    {
      "date": "2022-09-30T00:00:00",
      "quarter_label": "2022-09 (Q3)",
      "revenue": 58757000,
      "gross_profit": null,
      "operating_income": -6840000,
      "net_income": 936000,
      "opex": 50981000,
      "cogs": null,
      "rd": null,
      "sga": null,
      "fcf": 37396000,
      "ocf": 37396000,
      "capex": null,
      "gross_margin": null,
      "op_margin": -0.11641166158925745,
      "fcf_margin": 0.6364518270163555,
      "incr_op_margin_yoy": -1.141475545730865,
      "rev_growth_yoy": 0.06563531502774855,
      "rev_growth_yoy_accel": -0.08306050392123496,
      "fcf_margin_change": 0.023441959419140512
    },
    {
      "date": "2022-12-31T00:00:00",
      "quarter_label": "2022-12 (Q4)",
      "revenue": 59271000,
      "gross_profit": null,
      "operating_income": -6083000,
      "net_income": -125000,
      "opex": 53313000,
      "cogs": null,
      "rd": null,
      "sga": null,
      "fcf": 24907000,
      "ocf": 24907000,
      "capex": null,
      "gross_margin": null,
      "op_margin": -0.10263029137352161,
      "fcf_margin": 0.42022236844325217,
      "incr_op_margin_yoy": -1.1425057107713934,
      "rev_growth_yoy": 0.10621500559910414,
      "rev_growth_yoy_accel": 0.04057969057135559,
      "fcf_margin_change": -0.21622945857310333
    },
    {
      "date": "2023-03-31T00:00:00",
      "quarter_label": "2023-03 (Q1)",
      "revenue": 65205000,
      "gross_profit": null,
      "operating_income": -9725000,
      "net_income": 1133000,
      "opex": 54347000,
      "cogs": null,
      "rd": null,
      "sga": null,
      "fcf": 16025000,
      "ocf": 16025000,
      "capex": null,
      "gross_margin": null,
      "op_margin": -0.14914500421746799,
      "fcf_margin": 0.2457633617053907,
      "incr_op_margin_yoy": -1.1659136937217636,
      "rev_growth_yoy": 0.1091926649202191,
      "rev_growth_yoy_accel": 0.0029776593211149616,
      "op_leverage_ratio": 5.161998455313294,
      "fcf_margin_change": -0.17445900673786147
    },
    {
      "date": "2023-06-30T00:00:00",
      "quarter_label": "2023-06 (Q2)",
      "revenue": 64687000,
      "gross_profit": null,
      "operating_income": -7600000,
      "net_income": 2068000,
      "opex": 55019000,
      "cogs": null,
      "rd": null,
      "sga": null,
      "fcf": 47460000,
      "ocf": 47460000,
      "capex": null,
      "gross_margin": null,
      "op_margin": -0.11748883083154266,
      "fcf_margin": 0.7336868304296071,
      "incr_op_margin_yoy": -8.291197329995828,
      "rev_growth_yoy": 0.08004274289148983,
      "rev_growth_yoy_accel": -0.029149922028729278,
      "fcf_margin_change": 0.48792346872421644
    },
    {
      "date": "2023-09-30T00:00:00",
      "quarter_label": "2023-09 (Q3)",
      "revenue": 64062000,
      "gross_profit": null,
      "operating_income": -7105000,
      "net_income": -822000,
      "opex": 57779000,
      "cogs": null,
      "rd": null,
      "sga": null,
      "fcf": 36318000,
      "ocf": 36318000,
      "capex": null,
      "gross_margin": null,
      "op_margin": -0.1109081826980113,
      "fcf_margin": 0.5669195466891449,
      "incr_op_margin_yoy": -0.04995287464655985,
      "rev_growth_yoy": 0.09028711472675596,
      "rev_growth_yoy_accel": 0.010244371835266136,
      "fcf_margin_change": -0.16676728374046224
    },
    {
      "date": "2023-12-31T00:00:00",
      "quarter_label": "2023-12 (Q4)",
      "revenue": 64722000,
      "gross_profit": null,
      "operating_income": -6109000,
      "net_income": 2890000,
      "opex": 55723000,
      "cogs": null,
      "rd": null,
      "sga": null,
      "fcf": 29818000,
      "ocf": 29818000,
      "capex": null,
      "gross_margin": null,
      "op_margin": -0.09438830691264176,
      "fcf_margin": 0.46070887797039645,
      "incr_op_margin_yoy": -0.004769767015226564,
      "rev_growth_yoy": 0.0919674039580908,
      "rev_growth_yoy_accel": 0.0016802892313348416,
      "op_leverage_ratio": null,
      "fcf_margin_change": -0.10621066871874846
    },
    {
      "date": "2024-03-31T00:00:00",
      "quarter_label": "2024-03 (Q1)",
      "revenue": 66798000,
      "gross_profit": null,
      "operating_income": -8776000,
      "net_income": 2900000,
      "opex": 55122000,
      "cogs": null,
      "rd": null,
      "sga": null,
      "fcf": 14803000,
      "ocf": 14803000,
      "capex": null,
      "gross_margin": null,
      "op_margin": -0.13138117907721789,
      "fcf_margin": 0.22160843139016137,
      "incr_op_margin_yoy": 0.5957313245448839,
      "rev_growth_yoy": 0.02443064182194617,
      "rev_growth_yoy_accel": -0.06753676213614464,
      "op_leverage_ratio": null,
      "fcf_margin_change": -0.23910044658023508
    },
    {
      "date": "2024-06-30T00:00:00",
      "quarter_label": "2024-06 (Q2)",
      "revenue": 67423000,
      "gross_profit": null,
      "operating_income": -9185000,
      "net_income": 1498000,
      "opex": 56740000,
      "cogs": null,
      "rd": null,
      "sga": null,
      "fcf": 46659000,
      "ocf": 46659000,
      "capex": null,
      "gross_margin": null,
      "op_margin": -0.1362294765881079,
      "fcf_margin": 0.6920338756804058,
      "incr_op_margin_yoy": -0.5793128654970761,
      "rev_growth_yoy": 0.042295979099355355,
      "rev_growth_yoy_accel": 0.017865337277409184,
      "fcf_margin_change": 0.47042544429024435
    },
    {
      "date": "2024-09-30T00:00:00",
      "quarter_label": "2024-09 (Q3)",
      "revenue": 68521000,
      "gross_profit": null,
      "operating_income": -12793000,
      "net_income": -539000,
      "opex": 56267000,
      "cogs": null,
      "rd": null,
      "sga": null,
      "fcf": 38430000,
      "ocf": 38430000,
      "capex": null,
      "gross_margin": null,
      "op_margin": -0.18670188701274062,
      "fcf_margin": 0.5608499584069118,
      "incr_op_margin_yoy": -1.2756223368468267,
      "rev_growth_yoy": 0.06960444569323468,
      "rev_growth_yoy_accel": 0.027308466593879324,
      "op_leverage_ratio": null,
      "fcf_margin_change": -0.131183917273494
    },
    {
      "date": "2024-12-31T00:00:00",
      "quarter_label": "2024-12 (Q4)",
      "revenue": 71232000,
      "gross_profit": null,
      "operating_income": -2588000,
      "net_income": 9799000,
      "opex": 58845000,
      "cogs": null,
      "rd": null,
      "sga": null,
      "fcf": 36984000,
      "ocf": 36984000,
      "capex": null,
      "gross_margin": null,
      "op_margin": -0.036331985624438456,
      "fcf_margin": 0.5192048517520216,
      "incr_op_margin_yoy": 0.5408602150537635,
      "rev_growth_yoy": 0.10058403634003893,
      "rev_growth_yoy_accel": 0.03097959064680425,
      "op_leverage_ratio": 0.8635284937364793,
      "fcf_margin_change": -0.041645106654890185
    },
    {
      "date": "2025-03-31T00:00:00",
      "quarter_label": "2025-03 (Q1)",
      "revenue": 73771000,
      "gross_profit": null,
      "operating_income": -7715000,
      "net_income": 6792000,
      "opex": 59264000,
      "cogs": null,
      "rd": null,
      "sga": null,
      "fcf": 20181000,
      "ocf": 20181000,
      "capex": null,
      "gross_margin": null,
      "op_margin": -0.10458039066841984,
      "fcf_margin": 0.27356278212305646,
      "incr_op_margin_yoy": 0.15215832496773268,
      "rev_growth_yoy": 0.10438935297463996,
      "rev_growth_yoy_accel": 0.0038053166346010275,
      "op_leverage_ratio": 5.005910801130917,
      "fcf_margin_change": -0.24564206962896512
    },
    {
      "date": "2025-06-30T00:00:00",
      "quarter_label": "2025-06 (Q2)",
      "revenue": 73551000,
      "gross_profit": null,
      "operating_income": 83505000,
      "net_income": 95942000,
      "opex": 61114000,
      "cogs": null,
      "rd": null,
      "sga": null,
      "fcf": 48685000,
      "ocf": 48685000,
      "capex": null,
      "gross_margin": null,
      "op_margin": 1.1353346657421381,
      "fcf_margin": 0.6619216598006825,
      "incr_op_margin_yoy": 15.12565274151436,
      "rev_growth_yoy": 0.0908888658173027,
      "rev_growth_yoy_accel": -0.01350048715733726,
      "fcf_margin_change": 0.38835887767762606
    },
    {
      "date": "2025-09-30T00:00:00",
      "quarter_label": "2025-09 (Q3)",
      "revenue": 74466000,
      "gross_profit": null,
      "operating_income": -7289000,
      "net_income": 6026000,
      "opex": 61151000,
      "cogs": null,
      "rd": null,
      "sga": null,
      "fcf": 43808000,
      "ocf": 43808000,
      "capex": null,
      "gross_margin": null,
      "op_margin": -0.09788359788359788,
      "fcf_margin": 0.5882953294120807,
      "incr_op_margin_yoy": 0.9258200168208579,
      "rev_growth_yoy": 0.08676172268355686,
      "rev_growth_yoy_accel": -0.004127143133745834,
      "op_leverage_ratio": null,
      "fcf_margin_change": -0.07362633038860178
    },
    {
      "date": "2025-12-31T00:00:00",
      "quarter_label": "2025-12 (Q4)",
      "revenue": 77381000,
      "gross_profit": null,
      "operating_income": -8484000,
      "net_income": 2661000,
      "opex": 66236000,
      "cogs": null,
      "rd": null,
      "sga": null,
      "fcf": 42742000,
      "ocf": 42742000,
      "capex": null,
      "gross_margin": null,
      "op_margin": -0.10963931714503561,
      "fcf_margin": 0.552357813933653,
      "incr_op_margin_yoy": -0.9588550983899821,
      "rev_growth_yoy": 0.08632356244384547,
      "rev_growth_yoy_accel": -0.0004381602397113965,
      "op_leverage_ratio": 0.4707530465158405,
      "fcf_margin_change": -0.03593751547842772
    }
  ],
  "signals": [
    {
      "quarter": "2025-09 (Q3)",
      "signal": "OPERATING LEVERAGE",
      "detail": "Rev growth +1.2% vs OpEx growth +0.1% (leverage: 20.5x)",
      "severity": "MEDIUM"
    },
    {
      "quarter": "2025-06 (Q2)",
      "signal": "FCF MARGIN EXPANSION",
      "detail": "FCF margin: +27.4% -> +66.2% (+38.8%)",
      "severity": "MEDIUM"
    },
    {
      "quarter": "2025-06 (Q2)",
      "signal": "OP MARGIN TURNED POSITIVE (YoY)",
      "detail": "Op margin: -13.6% (year-ago) -> +113.5%",
      "severity": "HIGH"
    },
    {
      "quarter": "2025-06 (Q2)",
      "signal": "OP MARGIN TURNED POSITIVE (QoQ)",
      "detail": "Op margin: -10.5% -> +113.5%",
      "severity": "HIGH"
    },
    {
      "quarter": "2025-03 (Q1)",
      "signal": "OPERATING LEVERAGE",
      "detail": "Rev growth +3.6% vs OpEx growth +0.7% (leverage: 5.0x)",
      "severity": "MEDIUM"
    },
    {
      "quarter": "2024-06 (Q2)",
      "signal": "FCF MARGIN EXPANSION",
      "detail": "FCF margin: +22.2% -> +69.2% (+47.0%)",
      "severity": "MEDIUM"
    },
    {
      "quarter": "2024-03 (Q1)",
      "signal": "YoY REVENUE GROWTH DECELERATION",
      "detail": "YoY growth: +2.4% vs prior quarter YoY: +9.2% (decel: -6.8%)",
      "severity": "WARNING"
    },
    {
      "quarter": "2023-06 (Q2)",
      "signal": "FCF MARGIN EXPANSION",
      "detail": "FCF margin: +24.6% -> +73.4% (+48.8%)",
      "severity": "MEDIUM"
    },
    {
      "quarter": "2023-03 (Q1)",
      "signal": "OPERATING LEVERAGE",
      "detail": "Rev growth +10.0% vs OpEx growth +1.9% (leverage: 5.2x)",
      "severity": "MEDIUM"
    },
    {
      "quarter": "2022-09 (Q3)",
      "signal": "YoY REVENUE GROWTH DECELERATION",
      "detail": "YoY growth: +6.6% vs prior quarter YoY: +14.9% (decel: -8.3%)",
      "severity": "WARNING"
    },
    {
      "quarter": "2022-06 (Q2)",
      "signal": "FCF MARGIN EXPANSION",
      "detail": "FCF margin: +45.5% -> +61.3% (+15.8%)",
      "severity": "MEDIUM"
    },
    {
      "quarter": "2022-06 (Q2)",
      "signal": "OP MARGIN TURNED POSITIVE (YoY)",
      "detail": "Op margin: -5.4% (year-ago) -> +53.7%",
      "severity": "HIGH"
    },
    {
      "quarter": "2022-06 (Q2)",
      "signal": "OP MARGIN TURNED POSITIVE (QoQ)",
      "detail": "Op margin: -3.8% -> +53.7%",
      "severity": "HIGH"
    },
    {
      "quarter": "2022-03 (Q1)",
      "signal": "FCF MARGIN EXPANSION",
      "detail": "FCF margin: +7.9% -> +45.5% (+37.6%)",
      "severity": "MEDIUM"
    },
    {
      "quarter": "2021-12 (Q4)",
      "signal": "OP MARGIN TURNED POSITIVE (QoQ)",
      "detail": "Op margin: -4.9% -> +0.8%",
      "severity": "HIGH"
    },
    {
      "quarter": "2021-09 (Q3)",
      "signal": "OPERATING LEVERAGE",
      "detail": "Rev growth +5.7% vs OpEx growth +1.3% (leverage: 4.6x)",
      "severity": "MEDIUM"
    },
    {
      "quarter": "2021-06 (Q2)",
      "signal": "FCF MARGIN EXPANSION",
      "detail": "FCF margin: +40.8% -> +63.6% (+22.8%)",
      "severity": "MEDIUM"
    }
  ],
  "data_quality": {
    "n_quarters": 20,
    "coverage": {
      "revenue": [
        20,
        20
      ],
      "gross_profit": [
        0,
        20
      ],
      "op_income": [
        20,
        20
      ],
      "fcf": [
        20,
        20
      ]
    },
    "gaps": [],
    "warnings": [
      "gross_profit: no data"
    ]
  },
  "market_cap": null,
  "source": "SEC EDGAR",
  "last_updated": "2026-02-13T11:36:03.843770"
}