{
  "ticker": "IVZ",
  "name": "Invesco Ltd.",
  "quarters": [
    {
      "date": "2020-12-31T00:00:00",
      "quarter_label": "2020-12 (Q4)",
      "revenue": 1630100000,
      "gross_profit": null,
      "operating_income": 217800000,
      "net_income": 211100000,
      "opex": 1412300000,
      "cogs": null,
      "rd": null,
      "sga": null,
      "fcf": 526200000,
      "ocf": 567600000,
      "capex": -41400000,
      "gross_margin": null,
      "op_margin": 0.13361143488129562,
      "fcf_margin": 0.32280228206858474
    },
    {
      "date": "2021-03-31T00:00:00",
      "quarter_label": "2021-03 (Q1)",
      "revenue": 1659700000,
      "gross_profit": null,
      "operating_income": 344300000,
      "net_income": 267800000,
      "opex": 1315400000,
      "cogs": null,
      "rd": null,
      "sga": null,
      "fcf": -47200000,
      "ocf": -26900000,
      "capex": -20300000,
      "gross_margin": null,
      "op_margin": 0.20744712899921672,
      "fcf_margin": -0.028438874495390735,
      "op_leverage_ratio": Infinity,
      "fcf_margin_change": -0.3512411565639755
    },
    {
      "date": "2021-06-30T00:00:00",
      "quarter_label": "2021-06 (Q2)",
      "revenue": 1721400000,
      "gross_profit": null,
      "operating_income": 470900000,
      "net_income": 368300000,
      "opex": 1250500000,
      "cogs": null,
      "rd": null,
      "sga": null,
      "fcf": 480800000,
      "ocf": 507700000,
      "capex": -26900000,
      "gross_margin": null,
      "op_margin": 0.2735564075752295,
      "fcf_margin": 0.2793075403741141,
      "op_leverage_ratio": Infinity,
      "fcf_margin_change": 0.3077464148695048
    },
    {
      "date": "2021-09-30T00:00:00",
      "quarter_label": "2021-09 (Q3)",
      "revenue": 1750000000,
      "gross_profit": null,
      "operating_income": 463800000,
      "net_income": 330100000,
      "opex": 1286200000,
      "cogs": null,
      "rd": null,
      "sga": null,
      "fcf": 575000000,
      "ocf": 601000000,
      "capex": -26000000,
      "gross_margin": null,
      "op_margin": 0.26502857142857145,
      "fcf_margin": 0.32857142857142857,
      "op_leverage_ratio": 0.5819688163402923,
      "fcf_margin_change": 0.049263888197314476
    },
    {
      "date": "2021-12-31T00:00:00",
      "quarter_label": "2021-12 (Q4)",
      "revenue": 1763400000,
      "gross_profit": null,
      "operating_income": 509200000,
      "net_income": 426800000,
      "opex": 1254200000,
      "cogs": null,
      "rd": null,
      "sga": null,
      "fcf": -39300000,
      "ocf": -3700000,
      "capex": -35600000,
      "gross_margin": null,
      "op_margin": 0.2887603493251673,
      "fcf_margin": -0.02228649200408302,
      "incr_op_margin_yoy": 2.186046511627907,
      "rev_growth_yoy": 0.08177412428685357,
      "fcf_margin_change": -0.3508579205755116
    },
    {
      "date": "2022-03-31T00:00:00",
      "quarter_label": "2022-03 (Q1)",
      "revenue": 1629400000,
      "gross_profit": null,
      "operating_income": 377700000,
      "net_income": 197700000,
      "opex": 1251700000,
      "cogs": null,
      "rd": null,
      "sga": null,
      "fcf": -399300000,
      "ocf": -375400000,
      "capex": -23900000,
      "gross_margin": null,
      "op_margin": 0.23180311771204123,
      "fcf_margin": -0.24505953111574813,
      "incr_op_margin_yoy": -1.1023102310231023,
      "rev_growth_yoy": -0.018256311381574984,
      "rev_growth_yoy_accel": -0.10003043566842856,
      "fcf_margin_change": -0.2227730391116651
    },
    {
      "date": "2022-06-30T00:00:00",
      "quarter_label": "2022-06 (Q2)",
      "revenue": 1530400000,
      "gross_profit": null,
      "operating_income": 344700000,
      "net_income": 121000000,
      "opex": 1185700000,
      "cogs": null,
      "rd": null,
      "sga": null,
      "fcf": 89900000,
      "ocf": 123100000,
      "capex": -33200000,
      "gross_margin": null,
      "op_margin": 0.22523523261892317,
      "fcf_margin": 0.05874281233664402,
      "incr_op_margin_yoy": 0.6607329842931937,
      "rev_growth_yoy": -0.1109561984431277,
      "rev_growth_yoy_accel": -0.09269988706155272,
      "fcf_margin_change": 0.30380234345239215
    },
    {
      "date": "2022-09-30T00:00:00",
      "quarter_label": "2022-09 (Q3)",
      "revenue": 1445700000,
      "gross_profit": null,
      "operating_income": 350200000,
      "net_income": 177400000,
      "opex": 1095500000,
      "cogs": null,
      "rd": null,
      "sga": null,
      "fcf": 429300000,
      "ocf": 492000000,
      "capex": -62700000,
      "gross_margin": null,
      "op_margin": 0.24223559521339144,
      "fcf_margin": 0.29694957460053956,
      "incr_op_margin_yoy": 0.3733158067696352,
      "rev_growth_yoy": -0.17388571428571428,
      "rev_growth_yoy_accel": -0.06292951584258659,
      "fcf_margin_change": 0.23820676226389553
    },
    {
      "date": "2022-12-31T00:00:00",
      "quarter_label": "2022-12 (Q4)",
      "revenue": 1443400000,
      "gross_profit": null,
      "operating_income": 245100000,
      "net_income": 187800000,
      "opex": 1198300000,
      "cogs": null,
      "rd": null,
      "sga": null,
      "fcf": 390400000,
      "ocf": 463500000,
      "capex": -73100000,
      "gross_margin": null,
      "op_margin": 0.16980739919634197,
      "fcf_margin": 0.2704724954967438,
      "incr_op_margin_yoy": 0.8253125,
      "rev_growth_yoy": -0.18146761937166836,
      "rev_growth_yoy_accel": -0.007581905085954077,
      "fcf_margin_change": -0.026477079103795764
    },
    {
      "date": "2023-03-31T00:00:00",
      "quarter_label": "2023-03 (Q1)",
      "revenue": 1418200000,
      "gross_profit": null,
      "operating_income": 209500000,
      "net_income": 145000000,
      "opex": 1208700000,
      "cogs": null,
      "rd": null,
      "sga": null,
      "fcf": -137000000,
      "ocf": -98900000,
      "capex": -38100000,
      "gross_margin": null,
      "op_margin": 0.14772246509660134,
      "fcf_margin": -0.09660132562403047,
      "incr_op_margin_yoy": 0.7964015151515151,
      "rev_growth_yoy": -0.12961826439180066,
      "rev_growth_yoy_accel": 0.0518493549798677,
      "fcf_margin_change": -0.36707382112077425
    },
    {
      "date": "2023-06-30T00:00:00",
      "quarter_label": "2023-06 (Q2)",
      "revenue": 1442800000,
      "gross_profit": null,
      "operating_income": 203800000,
      "net_income": 132200000,
      "opex": 1239000000,
      "cogs": null,
      "rd": null,
      "sga": null,
      "fcf": 284600000,
      "ocf": 331300000,
      "capex": -46700000,
      "gross_margin": null,
      "op_margin": 0.14125311893540338,
      "fcf_margin": 0.19725533684502355,
      "incr_op_margin_yoy": 1.6084474885844748,
      "rev_growth_yoy": -0.05723993727130162,
      "rev_growth_yoy_accel": 0.07237832712049905,
      "op_leverage_ratio": 0.6919480976443435,
      "fcf_margin_change": 0.293856662469054
    },
    {
      "date": "2023-09-30T00:00:00",
      "quarter_label": "2023-09 (Q3)",
      "revenue": 1442000000,
      "gross_profit": null,
      "operating_income": 227700000,
      "net_income": 131400000,
      "opex": 1214300000,
      "cogs": null,
      "rd": null,
      "sga": null,
      "fcf": 314900000,
      "ocf": 354100000,
      "capex": -39200000,
      "gross_margin": null,
      "op_margin": 0.15790568654646325,
      "fcf_margin": 0.21837725381414702,
      "incr_op_margin_yoy": 33.108108108108105,
      "rev_growth_yoy": -0.0025593138272117315,
      "rev_growth_yoy_accel": 0.05468062344408989,
      "fcf_margin_change": 0.021121916969123467
    },
    {
      "date": "2023-12-31T00:00:00",
      "quarter_label": "2023-12 (Q4)",
      "revenue": 1413400000,
      "gross_profit": null,
      "operating_income": -1075800000,
      "net_income": -742300000,
      "opex": 2489200000,
      "cogs": null,
      "rd": null,
      "sga": null,
      "fcf": 674000000,
      "ocf": 714300000,
      "capex": -40300000,
      "gross_margin": null,
      "op_margin": -0.7611433422951748,
      "fcf_margin": 0.47686429885382764,
      "incr_op_margin_yoy": 44.03,
      "rev_growth_yoy": -0.020784259387557156,
      "rev_growth_yoy_accel": -0.018224945560345426,
      "fcf_margin_change": 0.2584870450396806
    },
    {
      "date": "2024-03-31T00:00:00",
      "quarter_label": "2024-03 (Q1)",
      "revenue": 1475300000,
      "gross_profit": null,
      "operating_income": 213100000,
      "net_income": 141500000,
      "opex": 1262200000,
      "cogs": null,
      "rd": null,
      "sga": null,
      "fcf": -75400000,
      "ocf": -54400000,
      "capex": -21000000,
      "gross_margin": null,
      "op_margin": 0.14444519758693147,
      "fcf_margin": -0.051108249169660405,
      "incr_op_margin_yoy": 0.06304728546409807,
      "rev_growth_yoy": 0.040262304329431675,
      "rev_growth_yoy_accel": 0.06104656371698883,
      "op_leverage_ratio": Infinity,
      "fcf_margin_change": -0.527972548023488
    },
    {
      "date": "2024-06-30T00:00:00",
      "quarter_label": "2024-06 (Q2)",
      "revenue": 1483300000,
      "gross_profit": null,
      "operating_income": 206800000,
      "net_income": 132200000,
      "opex": 1276500000,
      "cogs": null,
      "rd": null,
      "sga": null,
      "fcf": 462400000,
      "ocf": 489100000,
      "capex": -26700000,
      "gross_margin": null,
      "op_margin": 0.13941886334524373,
      "fcf_margin": 0.31173734241218903,
      "incr_op_margin_yoy": 0.07407407407407407,
      "rev_growth_yoy": 0.02807041863044081,
      "rev_growth_yoy_accel": -0.012191885698990865,
      "fcf_margin_change": 0.3628455915818494
    },
    {
      "date": "2024-09-30T00:00:00",
      "quarter_label": "2024-09 (Q3)",
      "revenue": 1515400000,
      "gross_profit": null,
      "operating_income": 100500000,
      "net_income": 55000000,
      "opex": 1414900000,
      "cogs": null,
      "rd": null,
      "sga": null,
      "fcf": 410000000,
      "ocf": 438400000,
      "capex": -28400000,
      "gross_margin": null,
      "op_margin": 0.06631912366371916,
      "fcf_margin": 0.2705556288768642,
      "incr_op_margin_yoy": -1.7329700272479565,
      "rev_growth_yoy": 0.05090152565880721,
      "rev_growth_yoy_accel": 0.022831107028366403,
      "op_leverage_ratio": 0.19960010467209302,
      "fcf_margin_change": -0.04118171353532485
    },
    {
      "date": "2024-12-31T00:00:00",
      "quarter_label": "2024-12 (Q4)",
      "revenue": 1593000000,
      "gross_profit": null,
      "operating_income": 311700000,
      "net_income": 209300000,
      "opex": 1281300000,
      "cogs": null,
      "rd": null,
      "sga": null,
      "fcf": 323900000,
      "ocf": 316900000,
      "capex": 7000000,
      "gross_margin": null,
      "op_margin": 0.19566854990583804,
      "fcf_margin": 0.20332705586942876,
      "incr_op_margin_yoy": 7.7255011135857465,
      "rev_growth_yoy": 0.12706947785481817,
      "rev_growth_yoy_accel": 0.07616795219601097,
      "op_leverage_ratio": Infinity,
      "fcf_margin_change": -0.06722857300743543
    },
    {
      "date": "2025-03-31T00:00:00",
      "quarter_label": "2025-03 (Q1)",
      "revenue": 1529200000,
      "gross_profit": null,
      "operating_income": 277300000,
      "net_income": 171100000,
      "opex": 1251900000,
      "cogs": null,
      "rd": null,
      "sga": null,
      "fcf": -108000000,
      "ocf": -84600000,
      "capex": -23400000,
      "gross_margin": null,
      "op_margin": 0.1813366466126079,
      "fcf_margin": -0.07062516348417473,
      "incr_op_margin_yoy": 1.1910946196660481,
      "rev_growth_yoy": 0.03653494204568562,
      "rev_growth_yoy_accel": -0.09053453580913255,
      "fcf_margin_change": -0.2739522193536035
    },
    {
      "date": "2025-06-30T00:00:00",
      "quarter_label": "2025-06 (Q2)",
      "revenue": 1515500000,
      "gross_profit": null,
      "operating_income": 214200000,
      "net_income": null,
      "opex": 1301300000,
      "cogs": null,
      "rd": null,
      "sga": null,
      "fcf": 530400000,
      "ocf": 547900000,
      "capex": -17500000,
      "gross_margin": null,
      "op_margin": 0.14133949191685913,
      "fcf_margin": 0.34998350379412735,
      "incr_op_margin_yoy": 0.22981366459627328,
      "rev_growth_yoy": 0.021708352996696555,
      "rev_growth_yoy_accel": -0.014826589048989067,
      "fcf_margin_change": 0.4206086672783021
    },
    {
      "date": "2025-09-30T00:00:00",
      "quarter_label": "2025-09 (Q3)",
      "revenue": 1640400000,
      "gross_profit": null,
      "operating_income": 270900000,
      "net_income": null,
      "opex": 1369500000,
      "cogs": null,
      "rd": null,
      "sga": null,
      "fcf": 586400000,
      "ocf": 606200000,
      "capex": -19800000,
      "gross_margin": null,
      "op_margin": 0.1651426481346013,
      "fcf_margin": 0.3574737868812485,
      "incr_op_margin_yoy": 1.3632,
      "rev_growth_yoy": 0.08248647221855615,
      "rev_growth_yoy_accel": 0.06077811922185959,
      "op_leverage_ratio": 1.572532220815019,
      "fcf_margin_change": 0.00749028308712113
    }
  ],
  "signals": [
    {
      "quarter": "2025-09 (Q3)",
      "signal": "OPERATING LEVERAGE",
      "detail": "Rev growth +8.2% vs OpEx growth +5.2% (leverage: 1.6x)",
      "severity": "MEDIUM"
    },
    {
      "quarter": "2025-09 (Q3)",
      "signal": "YoY REVENUE GROWTH ACCELERATION",
      "detail": "YoY growth: +8.2% vs prior quarter YoY: +2.2% (accel: +6.1%)",
      "severity": "MEDIUM"
    },
    {
      "quarter": "2025-09 (Q3)",
      "signal": "INCREMENTAL MARGIN (YoY)",
      "detail": "YoY Incr OPM: +136.3% vs year-ago OPM: +6.6%",
      "severity": "HIGH"
    },
    {
      "quarter": "2025-06 (Q2)",
      "signal": "FCF TURNED POSITIVE",
      "detail": "FCF margin: -7.1% -> +35.0%",
      "severity": "HIGH"
    },
    {
      "quarter": "2025-03 (Q1)",
      "signal": "YoY REVENUE GROWTH DECELERATION",
      "detail": "YoY growth: +3.7% vs prior quarter YoY: +12.7% (decel: -9.1%)",
      "severity": "WARNING"
    },
    {
      "quarter": "2025-03 (Q1)",
      "signal": "INCREMENTAL MARGIN (YoY)",
      "detail": "YoY Incr OPM: +119.1% vs year-ago OPM: +14.4%",
      "severity": "HIGH"
    },
    {
      "quarter": "2024-12 (Q4)",
      "signal": "YoY REVENUE GROWTH ACCELERATION",
      "detail": "YoY growth: +12.7% vs prior quarter YoY: +5.1% (accel: +7.6%)",
      "severity": "MEDIUM"
    },
    {
      "quarter": "2024-12 (Q4)",
      "signal": "OP MARGIN TURNED POSITIVE (YoY)",
      "detail": "Op margin: -76.1% (year-ago) -> +19.6%",
      "severity": "HIGH"
    },
    {
      "quarter": "2024-06 (Q2)",
      "signal": "FCF TURNED POSITIVE",
      "detail": "FCF margin: -5.1% -> +31.2%",
      "severity": "HIGH"
    },
    {
      "quarter": "2024-03 (Q1)",
      "signal": "YoY REVENUE GROWTH ACCELERATION",
      "detail": "YoY growth: +4.0% vs prior quarter YoY: -2.1% (accel: +6.1%)",
      "severity": "MEDIUM"
    },
    {
      "quarter": "2024-03 (Q1)",
      "signal": "OP MARGIN TURNED POSITIVE (QoQ)",
      "detail": "Op margin: -76.1% -> +14.4%",
      "severity": "HIGH"
    },
    {
      "quarter": "2023-12 (Q4)",
      "signal": "FCF MARGIN EXPANSION",
      "detail": "FCF margin: +21.8% -> +47.7% (+25.8%)",
      "severity": "MEDIUM"
    },
    {
      "quarter": "2023-09 (Q3)",
      "signal": "YoY REVENUE GROWTH ACCELERATION",
      "detail": "YoY growth: -0.3% vs prior quarter YoY: -5.7% (accel: +5.5%)",
      "severity": "MEDIUM"
    },
    {
      "quarter": "2023-09 (Q3)",
      "signal": "INCREMENTAL MARGIN (YoY)",
      "detail": "YoY Incr OPM: +3310.8% vs year-ago OPM: +24.2%",
      "severity": "HIGH"
    },
    {
      "quarter": "2023-06 (Q2)",
      "signal": "FCF TURNED POSITIVE",
      "detail": "FCF margin: -9.7% -> +19.7%",
      "severity": "HIGH"
    },
    {
      "quarter": "2023-06 (Q2)",
      "signal": "YoY REVENUE GROWTH ACCELERATION",
      "detail": "YoY growth: -5.7% vs prior quarter YoY: -13.0% (accel: +7.2%)",
      "severity": "MEDIUM"
    },
    {
      "quarter": "2023-06 (Q2)",
      "signal": "INCREMENTAL MARGIN (YoY)",
      "detail": "YoY Incr OPM: +160.8% vs year-ago OPM: +22.5%",
      "severity": "HIGH"
    },
    {
      "quarter": "2023-03 (Q1)",
      "signal": "YoY REVENUE GROWTH ACCELERATION",
      "detail": "YoY growth: -13.0% vs prior quarter YoY: -18.1% (accel: +5.2%)",
      "severity": "MEDIUM"
    },
    {
      "quarter": "2023-03 (Q1)",
      "signal": "INCREMENTAL MARGIN (YoY)",
      "detail": "YoY Incr OPM: +79.6% vs year-ago OPM: +23.2%",
      "severity": "HIGH"
    },
    {
      "quarter": "2022-12 (Q4)",
      "signal": "INCREMENTAL MARGIN (YoY)",
      "detail": "YoY Incr OPM: +82.5% vs year-ago OPM: +28.9%",
      "severity": "HIGH"
    },
    {
      "quarter": "2022-09 (Q3)",
      "signal": "FCF MARGIN EXPANSION",
      "detail": "FCF margin: +5.9% -> +29.7% (+23.8%)",
      "severity": "MEDIUM"
    },
    {
      "quarter": "2022-09 (Q3)",
      "signal": "YoY REVENUE GROWTH DECELERATION",
      "detail": "YoY growth: -17.4% vs prior quarter YoY: -11.1% (decel: -6.3%)",
      "severity": "WARNING"
    },
    {
      "quarter": "2022-09 (Q3)",
      "signal": "INCREMENTAL MARGIN (YoY)",
      "detail": "YoY Incr OPM: +37.3% vs year-ago OPM: +26.5%",
      "severity": "MEDIUM"
    },
    {
      "quarter": "2022-06 (Q2)",
      "signal": "FCF TURNED POSITIVE",
      "detail": "FCF margin: -24.5% -> +5.9%",
      "severity": "HIGH"
    },
    {
      "quarter": "2022-06 (Q2)",
      "signal": "YoY REVENUE GROWTH DECELERATION",
      "detail": "YoY growth: -11.1% vs prior quarter YoY: -1.8% (decel: -9.3%)",
      "severity": "WARNING"
    },
    {
      "quarter": "2022-06 (Q2)",
      "signal": "INCREMENTAL MARGIN (YoY)",
      "detail": "YoY Incr OPM: +66.1% vs year-ago OPM: +27.4%",
      "severity": "HIGH"
    },
    {
      "quarter": "2022-03 (Q1)",
      "signal": "YoY REVENUE GROWTH DECELERATION",
      "detail": "YoY growth: -1.8% vs prior quarter YoY: +8.2% (decel: -10.0%)",
      "severity": "WARNING"
    },
    {
      "quarter": "2021-12 (Q4)",
      "signal": "INCREMENTAL MARGIN (YoY)",
      "detail": "YoY Incr OPM: +218.6% vs year-ago OPM: +13.4%",
      "severity": "HIGH"
    },
    {
      "quarter": "2021-06 (Q2)",
      "signal": "FCF TURNED POSITIVE",
      "detail": "FCF margin: -2.8% -> +27.9%",
      "severity": "HIGH"
    }
  ],
  "data_quality": {
    "n_quarters": 20,
    "coverage": {
      "revenue": [
        20,
        20
      ],
      "gross_profit": [
        0,
        20
      ],
      "op_income": [
        20,
        20
      ],
      "fcf": [
        20,
        20
      ]
    },
    "gaps": [],
    "warnings": [
      "gross_profit: no data"
    ]
  },
  "market_cap": null,
  "source": "SEC EDGAR",
  "last_updated": "2026-02-02T20:32:59.880623"
}