{
  "ticker": "JACK",
  "name": "JACK IN THE BOX INC.",
  "quarters": [
    {
      "date": "2019-07-07T00:00:00",
      "quarter_label": "2019-07 (Q3)",
      "revenue": 222359000,
      "gross_profit": 165128000,
      "operating_income": 48261000,
      "net_income": 13189000,
      "opex": 174098000,
      "cogs": 57231000,
      "rd": null,
      "sga": 24389000,
      "fcf": 49127000,
      "ocf": 55977000,
      "capex": -6850000,
      "gross_margin": 0.7426189180559366,
      "op_margin": 0.2170409113190831,
      "fcf_margin": 0.22093551419101543
    },
    {
      "date": "2019-09-29T00:00:00",
      "quarter_label": "2019-09 (Q3)",
      "revenue": 221235000,
      "gross_profit": 161443000,
      "operating_income": 48515000,
      "net_income": 22061000,
      "opex": 172720000,
      "cogs": 59792000,
      "rd": null,
      "sga": 10300000,
      "fcf": 29004000,
      "ocf": 51612000,
      "capex": -22608000,
      "gross_margin": 0.7297353492892173,
      "op_margin": 0.21929170339232038,
      "fcf_margin": 0.13110041358736185,
      "fcf_margin_change": -0.08983510060365357
    },
    {
      "date": "2020-04-12T00:00:00",
      "quarter_label": "2020-04 (Q2)",
      "revenue": 216157000,
      "gross_profit": 157089000,
      "operating_income": 32842000,
      "net_income": 11463000,
      "opex": 183315000,
      "cogs": 59068000,
      "rd": null,
      "sga": 24203000,
      "fcf": null,
      "ocf": null,
      "capex": null,
      "gross_margin": 0.7267356597288083,
      "op_margin": 0.15193586143405025,
      "fcf_margin": null
    },
    {
      "date": "2020-07-05T00:00:00",
      "quarter_label": "2020-07 (Q3)",
      "revenue": 242275000,
      "gross_profit": 180779000,
      "operating_income": 61790000,
      "net_income": 32555000,
      "opex": 180485000,
      "cogs": 61496000,
      "rd": null,
      "sga": 13680000,
      "fcf": 27282000,
      "ocf": 31241000,
      "capex": -3959000,
      "gross_margin": 0.7461727375915799,
      "op_margin": 0.25504075946754723,
      "fcf_margin": 0.112607574037767,
      "incr_op_margin_yoy": 0.6793030729062061,
      "rev_growth_yoy": 0.08956687159053603,
      "op_leverage_ratio": Infinity
    },
    {
      "date": "2020-09-27T00:00:00",
      "quarter_label": "2020-09 (Q3)",
      "revenue": 255401000,
      "gross_profit": null,
      "operating_income": 66002000,
      "net_income": 37849000,
      "opex": 189399000,
      "cogs": null,
      "rd": null,
      "sga": 14710000,
      "fcf": 50565000,
      "ocf": 53357000,
      "capex": -2792000,
      "gross_margin": null,
      "op_margin": 0.2584249865897158,
      "fcf_margin": 0.19798278002043845,
      "incr_op_margin_yoy": 0.511824620968214,
      "rev_growth_yoy": 0.15443306890862657,
      "rev_growth_yoy_accel": 0.06486619731809054,
      "op_leverage_ratio": 1.0969637638802978,
      "fcf_margin_change": 0.08537520598267145
    },
    {
      "date": "2021-04-11T00:00:00",
      "quarter_label": "2021-04 (Q2)",
      "revenue": 257217000,
      "gross_profit": null,
      "operating_income": 64888000,
      "net_income": 35934000,
      "opex": 192329000,
      "cogs": null,
      "rd": null,
      "sga": 18861000,
      "fcf": null,
      "ocf": null,
      "capex": null,
      "gross_margin": null,
      "op_margin": 0.252269484520852,
      "fcf_margin": null,
      "incr_op_margin_yoy": 0.7804676083779835,
      "rev_growth_yoy": 0.18995452379520442,
      "rev_growth_yoy_accel": 0.03552145488657785
    },
    {
      "date": "2021-07-04T00:00:00",
      "quarter_label": "2021-07 (Q3)",
      "revenue": 269458000,
      "gross_profit": null,
      "operating_income": 67381000,
      "net_income": 40028000,
      "opex": 202077000,
      "cogs": null,
      "rd": null,
      "sga": 21796000,
      "fcf": 59108000,
      "ocf": 71337000,
      "capex": -12229000,
      "gross_margin": null,
      "op_margin": 0.25006123403276204,
      "fcf_margin": 0.2193588611212137,
      "incr_op_margin_yoy": 0.20568002060111099,
      "rev_growth_yoy": 0.11219894747704055,
      "rev_growth_yoy_accel": -0.07775557631816386,
      "op_leverage_ratio": 0.9389586828047035
    },
    {
      "date": "2021-10-03T00:00:00",
      "quarter_label": "2021-10 (Q4)",
      "revenue": 278454000,
      "gross_profit": null,
      "operating_income": 68751000,
      "net_income": 38934000,
      "opex": 209703000,
      "cogs": null,
      "rd": null,
      "sga": 21578000,
      "fcf": 45390000,
      "ocf": 51241000,
      "capex": -5851000,
      "gross_margin": null,
      "op_margin": 0.2469025404555151,
      "fcf_margin": 0.16300717533237088,
      "incr_op_margin_yoy": 0.11924695267427234,
      "rev_growth_yoy": 0.09026198018018723,
      "rev_growth_yoy_accel": -0.02193696729685332,
      "op_leverage_ratio": 0.8846641933702166,
      "fcf_margin_change": -0.05635168578884281
    },
    {
      "date": "2022-04-17T00:00:00",
      "quarter_label": "2022-04 (Q2)",
      "revenue": 322294000,
      "gross_profit": null,
      "operating_income": 38244000,
      "net_income": 7796000,
      "opex": 284050000,
      "cogs": null,
      "rd": null,
      "sga": 28479000,
      "fcf": null,
      "ocf": null,
      "capex": null,
      "gross_margin": null,
      "op_margin": 0.11866184291361304,
      "fcf_margin": null,
      "incr_op_margin_yoy": -0.4094226838975368,
      "rev_growth_yoy": 0.2530042726569395,
      "rev_growth_yoy_accel": 0.16274229247675226,
      "op_leverage_ratio": 0.4440769987548955
    },
    {
      "date": "2022-07-10T00:00:00",
      "quarter_label": "2022-07 (Q3)",
      "revenue": 398305000,
      "gross_profit": null,
      "operating_income": 51867000,
      "net_income": 22857000,
      "opex": 346438000,
      "cogs": null,
      "rd": null,
      "sga": 40086000,
      "fcf": 22416000,
      "ocf": 35984000,
      "capex": -13568000,
      "gross_margin": null,
      "op_margin": 0.13021930430197964,
      "fcf_margin": 0.056278480059251075,
      "incr_op_margin_yoy": -0.12040637345068182,
      "rev_growth_yoy": 0.4781709951086997,
      "rev_growth_yoy_accel": 0.22516672245176023,
      "op_leverage_ratio": 1.073786540012396
    },
    {
      "date": "2022-10-02T00:00:00",
      "quarter_label": "2022-10 (Q4)",
      "revenue": 402773000,
      "gross_profit": null,
      "operating_income": 84419000,
      "net_income": 45858000,
      "opex": 318354000,
      "cogs": null,
      "rd": null,
      "sga": 36919000,
      "fcf": 46944000,
      "ocf": 59070000,
      "capex": -12126000,
      "gross_margin": null,
      "op_margin": 0.2095944862242504,
      "fcf_margin": 0.11655200323755564,
      "incr_op_margin_yoy": 0.1260306147893725,
      "rev_growth_yoy": 0.44646153404152933,
      "rev_growth_yoy_accel": -0.031709461067170375,
      "op_leverage_ratio": Infinity,
      "fcf_margin_change": 0.06027352317830457
    },
    {
      "date": "2023-04-16T00:00:00",
      "quarter_label": "2023-04 (Q2)",
      "revenue": 395744000,
      "gross_profit": null,
      "operating_income": 61639000,
      "net_income": 26507000,
      "opex": 334105000,
      "cogs": null,
      "rd": null,
      "sga": 39405000,
      "fcf": null,
      "ocf": null,
      "capex": null,
      "gross_margin": null,
      "op_margin": 0.15575473033071885,
      "fcf_margin": null,
      "incr_op_margin_yoy": 0.3185159972770592,
      "rev_growth_yoy": 0.22789750972714354,
      "rev_growth_yoy_accel": -0.2185640243143858
    },
    {
      "date": "2023-07-09T00:00:00",
      "quarter_label": "2023-07 (Q3)",
      "revenue": 396942000,
      "gross_profit": null,
      "operating_income": 63542000,
      "net_income": 29168000,
      "opex": 333400000,
      "cogs": null,
      "rd": null,
      "sga": 39617000,
      "fcf": 68490000,
      "ocf": 87963000,
      "capex": -19473000,
      "gross_margin": null,
      "op_margin": 0.16007880244468967,
      "fcf_margin": 0.17254409964176126,
      "incr_op_margin_yoy": -8.565663976522377,
      "rev_growth_yoy": -0.0034220007280852615,
      "rev_growth_yoy_accel": -0.2313195104552288
    },
    {
      "date": "2023-10-01T00:00:00",
      "quarter_label": "2023-10 (Q4)",
      "revenue": 372524000,
      "gross_profit": null,
      "operating_income": 52641000,
      "net_income": 21897000,
      "opex": 319883000,
      "cogs": null,
      "rd": null,
      "sga": 43708000,
      "fcf": 29610000,
      "ocf": 32935000,
      "capex": -3325000,
      "gross_margin": null,
      "op_margin": 0.14130901633183365,
      "fcf_margin": 0.07948481171682899,
      "incr_op_margin_yoy": 1.0505471255248107,
      "rev_growth_yoy": -0.07510185638064121,
      "rev_growth_yoy_accel": -0.07167985565255594,
      "fcf_margin_change": -0.09305928792493227
    },
    {
      "date": "2024-04-14T00:00:00",
      "quarter_label": "2024-04 (Q2)",
      "revenue": 365347000,
      "gross_profit": null,
      "operating_income": 54190000,
      "net_income": 24980000,
      "opex": 311157000,
      "cogs": null,
      "rd": null,
      "sga": 37520000,
      "fcf": null,
      "ocf": null,
      "capex": null,
      "gross_margin": null,
      "op_margin": 0.14832474332620768,
      "fcf_margin": null,
      "incr_op_margin_yoy": 0.24505707800111853,
      "rev_growth_yoy": -0.07680975580173041,
      "rev_growth_yoy_accel": -0.001707899421089204
    },
    {
      "date": "2024-07-07T00:00:00",
      "quarter_label": "2024-07 (Q3)",
      "revenue": 369171000,
      "gross_profit": null,
      "operating_income": -102236000,
      "net_income": -122300000,
      "opex": 471407000,
      "cogs": null,
      "rd": null,
      "sga": 29580000,
      "fcf": 27177000,
      "ocf": 45284000,
      "capex": -18107000,
      "gross_margin": null,
      "op_margin": -0.2769339953571651,
      "fcf_margin": 0.07361629163720877,
      "incr_op_margin_yoy": 5.969464549350041,
      "rev_growth_yoy": -0.06996236225947368,
      "rev_growth_yoy_accel": 0.006847393542256733,
      "op_leverage_ratio": 0.020323283504028587
    },
    {
      "date": "2024-09-29T00:00:00",
      "quarter_label": "2024-09 (Q3)",
      "revenue": 349290000,
      "gross_profit": null,
      "operating_income": 51102000,
      "net_income": 21942000,
      "opex": 298188000,
      "cogs": null,
      "rd": null,
      "sga": 30033000,
      "fcf": 5569000,
      "ocf": 29553000,
      "capex": -23984000,
      "gross_margin": null,
      "op_margin": 0.1463024993558361,
      "fcf_margin": 0.015943771651063587,
      "incr_op_margin_yoy": 0.06623913230610312,
      "rev_growth_yoy": -0.0623691359482879,
      "rev_growth_yoy_accel": 0.00759322631118578,
      "fcf_margin_change": -0.057672519986145185
    },
    {
      "date": "2025-04-13T00:00:00",
      "quarter_label": "2025-04 (Q2)",
      "revenue": 336696000,
      "gross_profit": null,
      "operating_income": -157078000,
      "net_income": -142228000,
      "opex": 493774000,
      "cogs": null,
      "rd": null,
      "sga": 35492000,
      "fcf": null,
      "ocf": null,
      "capex": null,
      "gross_margin": null,
      "op_margin": -0.46652766887637515,
      "fcf_margin": null,
      "incr_op_margin_yoy": 7.373843844891976,
      "rev_growth_yoy": -0.07842133642810807,
      "rev_growth_yoy_accel": -0.016052200479820172
    },
    {
      "date": "2025-07-06T00:00:00",
      "quarter_label": "2025-07 (Q3)",
      "revenue": 332987000,
      "gross_profit": null,
      "operating_income": 40788000,
      "net_income": 22027000,
      "opex": 292199000,
      "cogs": null,
      "rd": null,
      "sga": 26835000,
      "fcf": 37212000,
      "ocf": 59736000,
      "capex": -22524000,
      "gross_margin": null,
      "op_margin": 0.12249126842789658,
      "fcf_margin": 0.11175211044275002,
      "incr_op_margin_yoy": -3.952686270174663,
      "rev_growth_yoy": -0.09801419938185828,
      "rev_growth_yoy_accel": -0.019592862953750206
    },
    {
      "date": "2025-09-28T00:00:00",
      "quarter_label": "2025-09 (Q3)",
      "revenue": 326193000,
      "gross_profit": null,
      "operating_income": 24009000,
      "net_income": 5796000,
      "opex": 302184000,
      "cogs": null,
      "rd": null,
      "sga": 36636000,
      "fcf": 15802000,
      "ocf": 33732000,
      "capex": -17930000,
      "gross_margin": null,
      "op_margin": 0.07360366408843844,
      "fcf_margin": 0.04844371277127345,
      "incr_op_margin_yoy": 1.1730094817508767,
      "rev_growth_yoy": -0.06612556901142318,
      "rev_growth_yoy_accel": 0.0318886303704351,
      "fcf_margin_change": -0.06330839767147657
    }
  ],
  "signals": [
    {
      "quarter": "2025-09 (Q3)",
      "signal": "INCREMENTAL MARGIN (YoY)",
      "detail": "YoY Incr OPM: +117.3% vs year-ago OPM: +14.6%",
      "severity": "HIGH"
    },
    {
      "quarter": "2025-07 (Q3)",
      "signal": "OP MARGIN TURNED POSITIVE (YoY)",
      "detail": "Op margin: -27.7% (year-ago) -> +12.2%",
      "severity": "HIGH"
    },
    {
      "quarter": "2025-07 (Q3)",
      "signal": "OP MARGIN TURNED POSITIVE (QoQ)",
      "detail": "Op margin: -46.7% -> +12.2%",
      "severity": "HIGH"
    },
    {
      "quarter": "2024-09 (Q3)",
      "signal": "OP MARGIN TURNED POSITIVE (QoQ)",
      "detail": "Op margin: -27.7% -> +14.6%",
      "severity": "HIGH"
    },
    {
      "quarter": "2023-10 (Q4)",
      "signal": "YoY REVENUE GROWTH DECELERATION",
      "detail": "YoY growth: -7.5% vs prior quarter YoY: -0.3% (decel: -7.2%)",
      "severity": "WARNING"
    },
    {
      "quarter": "2023-10 (Q4)",
      "signal": "INCREMENTAL MARGIN (YoY)",
      "detail": "YoY Incr OPM: +105.1% vs year-ago OPM: +21.0%",
      "severity": "HIGH"
    },
    {
      "quarter": "2023-07 (Q3)",
      "signal": "YoY REVENUE GROWTH DECELERATION",
      "detail": "YoY growth: -0.3% vs prior quarter YoY: +22.8% (decel: -23.1%)",
      "severity": "WARNING"
    },
    {
      "quarter": "2023-04 (Q2)",
      "signal": "YoY REVENUE GROWTH DECELERATION",
      "detail": "YoY growth: +22.8% vs prior quarter YoY: +44.6% (decel: -21.9%)",
      "severity": "WARNING"
    },
    {
      "quarter": "2023-04 (Q2)",
      "signal": "INCREMENTAL MARGIN (YoY)",
      "detail": "YoY Incr OPM: +31.9% vs year-ago OPM: +11.9%",
      "severity": "MEDIUM"
    },
    {
      "quarter": "2022-10 (Q4)",
      "signal": "FCF MARGIN EXPANSION",
      "detail": "FCF margin: +5.6% -> +11.7% (+6.0%)",
      "severity": "MEDIUM"
    },
    {
      "quarter": "2022-07 (Q3)",
      "signal": "YoY REVENUE GROWTH ACCELERATION",
      "detail": "YoY growth: +47.8% vs prior quarter YoY: +25.3% (accel: +22.5%)",
      "severity": "HIGH"
    },
    {
      "quarter": "2022-04 (Q2)",
      "signal": "YoY REVENUE GROWTH ACCELERATION",
      "detail": "YoY growth: +25.3% vs prior quarter YoY: +9.0% (accel: +16.3%)",
      "severity": "HIGH"
    },
    {
      "quarter": "2021-07 (Q3)",
      "signal": "YoY REVENUE GROWTH DECELERATION",
      "detail": "YoY growth: +11.2% vs prior quarter YoY: +19.0% (decel: -7.8%)",
      "severity": "WARNING"
    },
    {
      "quarter": "2021-04 (Q2)",
      "signal": "INCREMENTAL MARGIN (YoY)",
      "detail": "YoY Incr OPM: +78.0% vs year-ago OPM: +15.2%",
      "severity": "HIGH"
    },
    {
      "quarter": "2020-09 (Q3)",
      "signal": "FCF MARGIN EXPANSION",
      "detail": "FCF margin: +11.3% -> +19.8% (+8.5%)",
      "severity": "MEDIUM"
    },
    {
      "quarter": "2020-09 (Q3)",
      "signal": "YoY REVENUE GROWTH ACCELERATION",
      "detail": "YoY growth: +15.4% vs prior quarter YoY: +9.0% (accel: +6.5%)",
      "severity": "MEDIUM"
    },
    {
      "quarter": "2020-09 (Q3)",
      "signal": "INCREMENTAL MARGIN (YoY)",
      "detail": "YoY Incr OPM: +51.2% vs year-ago OPM: +21.9%",
      "severity": "HIGH"
    },
    {
      "quarter": "2020-07 (Q3)",
      "signal": "INCREMENTAL MARGIN (YoY)",
      "detail": "YoY Incr OPM: +67.9% vs year-ago OPM: +21.7%",
      "severity": "HIGH"
    }
  ],
  "data_quality": {
    "n_quarters": 20,
    "coverage": {
      "revenue": [
        20,
        20
      ],
      "gross_profit": [
        4,
        20
      ],
      "op_income": [
        20,
        20
      ],
      "fcf": [
        14,
        20
      ]
    },
    "gaps": [
      [
        "2019-09 (Q3)",
        "2020-04 (Q2)",
        196
      ],
      [
        "2020-09 (Q3)",
        "2021-04 (Q2)",
        196
      ],
      [
        "2021-10 (Q4)",
        "2022-04 (Q2)",
        196
      ],
      [
        "2022-10 (Q4)",
        "2023-04 (Q2)",
        196
      ],
      [
        "2023-10 (Q4)",
        "2024-04 (Q2)",
        196
      ],
      [
        "2024-09 (Q3)",
        "2025-04 (Q2)",
        196
      ]
    ],
    "warnings": [
      "gross_profit: 4/20Q",
      "fcf: 14/20Q",
      "gap: 1Q missing between 2019-09 (Q3) and 2020-04 (Q2)",
      "gap: 1Q missing between 2020-09 (Q3) and 2021-04 (Q2)",
      "gap: 1Q missing between 2021-10 (Q4) and 2022-04 (Q2)",
      "gap: 1Q missing between 2022-10 (Q4) and 2023-04 (Q2)",
      "gap: 1Q missing between 2023-10 (Q4) and 2024-04 (Q2)",
      "gap: 1Q missing between 2024-09 (Q3) and 2025-04 (Q2)"
    ]
  },
  "market_cap": null,
  "source": "SEC EDGAR",
  "last_updated": "2026-02-02T22:33:02.369303"
}