{
  "ticker": "JANX",
  "name": "Janux Therapeutics, Inc.",
  "quarters": [
    {
      "date": "2020-12-31T00:00:00",
      "quarter_label": "2020-12 (Q4)",
      "revenue": 0,
      "gross_profit": null,
      "operating_income": -1655000,
      "net_income": -1655000,
      "opex": null,
      "cogs": null,
      "rd": 985000,
      "sga": null,
      "fcf": -1629000,
      "ocf": -1629000,
      "capex": null,
      "gross_margin": null,
      "op_margin": null,
      "fcf_margin": null
    },
    {
      "date": "2021-03-31T00:00:00",
      "quarter_label": "2021-03 (Q1)",
      "revenue": 380000,
      "gross_profit": null,
      "operating_income": -2284000,
      "net_income": -2284000,
      "opex": null,
      "cogs": null,
      "rd": 1925000,
      "sga": null,
      "fcf": 5410000,
      "ocf": 5563000,
      "capex": -153000,
      "gross_margin": null,
      "op_margin": -6.010526315789473,
      "fcf_margin": 14.236842105263158
    },
    {
      "date": "2021-06-30T00:00:00",
      "quarter_label": "2021-06 (Q2)",
      "revenue": 482000,
      "gross_profit": null,
      "operating_income": -6252000,
      "net_income": -6206000,
      "opex": null,
      "cogs": null,
      "rd": 4737000,
      "sga": null,
      "fcf": -6283000,
      "ocf": -6204000,
      "capex": -79000,
      "gross_margin": null,
      "op_margin": -12.970954356846473,
      "fcf_margin": -13.035269709543568,
      "fcf_margin_change": -27.272111814806728
    },
    {
      "date": "2021-09-30T00:00:00",
      "quarter_label": "2021-09 (Q3)",
      "revenue": 1159000,
      "gross_profit": null,
      "operating_income": -10903000,
      "net_income": -10766000,
      "opex": null,
      "cogs": null,
      "rd": 8406000,
      "sga": null,
      "fcf": -5931000,
      "ocf": -5854000,
      "capex": -77000,
      "gross_margin": null,
      "op_margin": -9.407247627264884,
      "fcf_margin": -5.117342536669542,
      "fcf_margin_change": 7.917927172874026
    },
    {
      "date": "2021-12-31T00:00:00",
      "quarter_label": "2021-12 (Q4)",
      "revenue": 1616000,
      "gross_profit": null,
      "operating_income": -13490000,
      "net_income": -13416000,
      "opex": null,
      "cogs": null,
      "rd": 11169000,
      "sga": null,
      "fcf": -11654000,
      "ocf": -10481000,
      "capex": -1173000,
      "gross_margin": null,
      "op_margin": -8.347772277227723,
      "fcf_margin": -7.211633663366337,
      "incr_op_margin_yoy": -7.3236386138613865,
      "fcf_margin_change": -2.0942911266967945
    },
    {
      "date": "2022-03-31T00:00:00",
      "quarter_label": "2022-03 (Q1)",
      "revenue": 1589000,
      "gross_profit": null,
      "operating_income": -13542000,
      "net_income": -13410000,
      "opex": null,
      "cogs": null,
      "rd": 10184000,
      "sga": null,
      "fcf": -12493000,
      "ocf": -11522000,
      "capex": -971000,
      "gross_margin": null,
      "op_margin": -8.52234109502832,
      "fcf_margin": -7.862177470106985,
      "incr_op_margin_yoy": -9.311827956989248,
      "rev_growth_yoy": 3.181578947368421,
      "fcf_margin_change": -0.6505438067406484
    },
    {
      "date": "2022-06-30T00:00:00",
      "quarter_label": "2022-06 (Q2)",
      "revenue": 2365000,
      "gross_profit": null,
      "operating_income": -17261000,
      "net_income": -16888000,
      "opex": null,
      "cogs": null,
      "rd": 14086000,
      "sga": null,
      "fcf": -6971000,
      "ocf": -6073000,
      "capex": -898000,
      "gross_margin": null,
      "op_margin": -7.298520084566596,
      "fcf_margin": -2.947568710359408,
      "incr_op_margin_yoy": -5.846521508231546,
      "rev_growth_yoy": 3.9066390041493775,
      "rev_growth_yoy_accel": 0.7250600567809564,
      "fcf_margin_change": 4.914608759747577
    },
    {
      "date": "2022-09-30T00:00:00",
      "quarter_label": "2022-09 (Q3)",
      "revenue": 1813000,
      "gross_profit": null,
      "operating_income": -18022000,
      "net_income": -16696000,
      "opex": null,
      "cogs": null,
      "rd": 13737000,
      "sga": null,
      "fcf": -15934000,
      "ocf": -13414000,
      "capex": -2520000,
      "gross_margin": null,
      "op_margin": -9.940430226144512,
      "fcf_margin": -8.788747931605075,
      "rev_growth_yoy": 0.5642795513373597,
      "rev_growth_yoy_accel": -3.3423594528120177,
      "fcf_margin_change": -5.841179221245667
    },
    {
      "date": "2022-12-31T00:00:00",
      "quarter_label": "2022-12 (Q4)",
      "revenue": 2845000,
      "gross_profit": null,
      "operating_income": -18266000,
      "net_income": -16065000,
      "opex": null,
      "cogs": null,
      "rd": 15434000,
      "sga": null,
      "fcf": -13969000,
      "ocf": -11913000,
      "capex": -2056000,
      "gross_margin": null,
      "op_margin": -6.420386643233743,
      "fcf_margin": -4.910017574692443,
      "incr_op_margin_yoy": -3.886086248982913,
      "rev_growth_yoy": 0.760519801980198,
      "rev_growth_yoy_accel": 0.19624025064283823,
      "fcf_margin_change": 3.878730356912632
    },
    {
      "date": "2023-03-31T00:00:00",
      "quarter_label": "2023-03 (Q1)",
      "revenue": 2048000,
      "gross_profit": null,
      "operating_income": -20281000,
      "net_income": -17459000,
      "opex": null,
      "cogs": null,
      "rd": 15865000,
      "sga": null,
      "fcf": -14196000,
      "ocf": -13911000,
      "capex": -285000,
      "gross_margin": null,
      "op_margin": -9.90283203125,
      "fcf_margin": -6.931640625,
      "rev_growth_yoy": 0.28886091881686593,
      "rev_growth_yoy_accel": -0.47165888316333204,
      "fcf_margin_change": -2.021623050307557
    },
    {
      "date": "2023-06-30T00:00:00",
      "quarter_label": "2023-06 (Q2)",
      "revenue": 1057000,
      "gross_profit": null,
      "operating_income": -20748000,
      "net_income": -17508000,
      "opex": null,
      "cogs": null,
      "rd": 14924000,
      "sga": null,
      "fcf": -15634000,
      "ocf": -15054000,
      "capex": -580000,
      "gross_margin": null,
      "op_margin": -19.629139072847682,
      "fcf_margin": -14.790917691579944,
      "incr_op_margin_yoy": 2.6659021406727827,
      "rev_growth_yoy": -0.5530655391120507,
      "rev_growth_yoy_accel": -0.8419264579289166,
      "fcf_margin_change": -7.859277066579944
    },
    {
      "date": "2023-09-30T00:00:00",
      "quarter_label": "2023-09 (Q3)",
      "revenue": 2517000,
      "gross_profit": null,
      "operating_income": -15813000,
      "net_income": -11568000,
      "opex": null,
      "cogs": null,
      "rd": 11892000,
      "sga": null,
      "fcf": -12179000,
      "ocf": -11709000,
      "capex": -470000,
      "gross_margin": null,
      "op_margin": -6.282479141835519,
      "fcf_margin": -4.838696861342869,
      "rev_growth_yoy": 0.38830667402095975,
      "rev_growth_yoy_accel": 0.9413722131330104,
      "fcf_margin_change": 9.952220830237074
    },
    {
      "date": "2023-12-31T00:00:00",
      "quarter_label": "2023-12 (Q4)",
      "revenue": 2461000,
      "gross_profit": null,
      "operating_income": -16137000,
      "net_income": -11758000,
      "opex": null,
      "cogs": null,
      "rd": 12241000,
      "sga": null,
      "fcf": -10416000,
      "ocf": -9901000,
      "capex": -515000,
      "gross_margin": null,
      "op_margin": -6.557090613571718,
      "fcf_margin": -4.23242584315319,
      "rev_growth_yoy": -0.13497363796133569,
      "rev_growth_yoy_accel": -0.5232803119822954,
      "fcf_margin_change": 0.6062710181896787
    },
    {
      "date": "2024-03-31T00:00:00",
      "quarter_label": "2024-03 (Q1)",
      "revenue": 1252000,
      "gross_profit": null,
      "operating_income": -20161000,
      "net_income": -14760000,
      "opex": null,
      "cogs": null,
      "rd": 14070000,
      "sga": null,
      "fcf": -15034000,
      "ocf": -14837000,
      "capex": -197000,
      "gross_margin": null,
      "op_margin": -16.10303514376997,
      "fcf_margin": -12.007987220447284,
      "rev_growth_yoy": -0.388671875,
      "rev_growth_yoy_accel": -0.25369823703866434,
      "fcf_margin_change": -7.7755613772940935
    },
    {
      "date": "2024-06-30T00:00:00",
      "quarter_label": "2024-06 (Q2)",
      "revenue": 8897000,
      "gross_profit": null,
      "operating_income": -13822000,
      "net_income": -5959000,
      "opex": null,
      "cogs": null,
      "rd": 14898000,
      "sga": null,
      "fcf": -10116000,
      "ocf": -10021000,
      "capex": -95000,
      "gross_margin": null,
      "op_margin": -1.5535573788917614,
      "fcf_margin": -1.1370124761155445,
      "incr_op_margin_yoy": 0.8834183673469388,
      "rev_growth_yoy": 7.417218543046357,
      "rev_growth_yoy_accel": 7.805890418046357,
      "fcf_margin_change": 10.87097474433174
    },
    {
      "date": "2024-09-30T00:00:00",
      "quarter_label": "2024-09 (Q3)",
      "revenue": 439000,
      "gross_profit": null,
      "operating_income": -35842000,
      "net_income": -28059000,
      "opex": null,
      "cogs": null,
      "rd": 18614000,
      "sga": null,
      "fcf": -2256000,
      "ocf": -2231000,
      "capex": -25000,
      "gross_margin": null,
      "op_margin": -81.64464692482916,
      "fcf_margin": -5.138952164009112,
      "incr_op_margin_yoy": 9.638594802694898,
      "rev_growth_yoy": -0.8255860150973381,
      "rev_growth_yoy_accel": -8.242804558143696,
      "fcf_margin_change": -4.001939687893567
    },
    {
      "date": "2024-12-31T00:00:00",
      "quarter_label": "2024-12 (Q4)",
      "revenue": 0,
      "gross_profit": null,
      "operating_income": -29022000,
      "net_income": -20216000,
      "opex": null,
      "cogs": null,
      "rd": 20806000,
      "sga": null,
      "fcf": -16767000,
      "ocf": -16725000,
      "capex": -42000,
      "gross_margin": null,
      "op_margin": null,
      "fcf_margin": null,
      "incr_op_margin_yoy": 5.235676554246242,
      "rev_growth_yoy": -1.0,
      "rev_growth_yoy_accel": -0.1744139849026619
    },
    {
      "date": "2025-03-31T00:00:00",
      "quarter_label": "2025-03 (Q1)",
      "revenue": 0,
      "gross_profit": null,
      "operating_income": -34897000,
      "net_income": -23508000,
      "opex": null,
      "cogs": null,
      "rd": 25055000,
      "sga": null,
      "fcf": -17395000,
      "ocf": -17024000,
      "capex": -371000,
      "gross_margin": null,
      "op_margin": null,
      "fcf_margin": null,
      "incr_op_margin_yoy": 11.76996805111821,
      "rev_growth_yoy": -1.0,
      "rev_growth_yoy_accel": 0.0
    },
    {
      "date": "2025-06-30T00:00:00",
      "quarter_label": "2025-06 (Q2)",
      "revenue": 0,
      "gross_profit": null,
      "operating_income": -45118000,
      "net_income": -33858000,
      "opex": null,
      "cogs": null,
      "rd": 34664000,
      "sga": null,
      "fcf": -24286000,
      "ocf": -23813000,
      "capex": -473000,
      "gross_margin": null,
      "op_margin": null,
      "fcf_margin": null,
      "incr_op_margin_yoy": 3.517590198943464,
      "rev_growth_yoy": -1.0,
      "rev_growth_yoy_accel": 0.0
    },
    {
      "date": "2025-09-30T00:00:00",
      "quarter_label": "2025-09 (Q3)",
      "revenue": 10000000,
      "gross_profit": null,
      "operating_income": -35251000,
      "net_income": -24313000,
      "opex": null,
      "cogs": null,
      "rd": 34629000,
      "sga": null,
      "fcf": -12949000,
      "ocf": -12856000,
      "capex": -93000,
      "gross_margin": null,
      "op_margin": -3.5251,
      "fcf_margin": -1.2949,
      "incr_op_margin_yoy": 0.061813617822403515,
      "rev_growth_yoy": 21.779043280182233,
      "rev_growth_yoy_accel": 22.779043280182233
    }
  ],
  "signals": [
    {
      "quarter": "2025-09 (Q3)",
      "signal": "YoY REVENUE GROWTH ACCELERATION",
      "detail": "YoY growth: +2177.9% vs prior quarter YoY: -100.0% (accel: +2277.9%)",
      "severity": "HIGH"
    },
    {
      "quarter": "2024-12 (Q4)",
      "signal": "YoY REVENUE GROWTH DECELERATION",
      "detail": "YoY growth: -100.0% vs prior quarter YoY: -82.6% (decel: -17.4%)",
      "severity": "WARNING"
    },
    {
      "quarter": "2024-09 (Q3)",
      "signal": "YoY REVENUE GROWTH DECELERATION",
      "detail": "YoY growth: -82.6% vs prior quarter YoY: +741.7% (decel: -824.3%)",
      "severity": "WARNING"
    },
    {
      "quarter": "2024-06 (Q2)",
      "signal": "FCF MARGIN EXPANSION",
      "detail": "FCF margin: -1200.8% -> -113.7% (+1087.1%)",
      "severity": "MEDIUM"
    },
    {
      "quarter": "2024-06 (Q2)",
      "signal": "YoY REVENUE GROWTH ACCELERATION",
      "detail": "YoY growth: +741.7% vs prior quarter YoY: -38.9% (accel: +780.6%)",
      "severity": "HIGH"
    },
    {
      "quarter": "2024-03 (Q1)",
      "signal": "YoY REVENUE GROWTH DECELERATION",
      "detail": "YoY growth: -38.9% vs prior quarter YoY: -13.5% (decel: -25.4%)",
      "severity": "WARNING"
    },
    {
      "quarter": "2023-12 (Q4)",
      "signal": "FCF MARGIN EXPANSION",
      "detail": "FCF margin: -483.9% -> -423.2% (+60.6%)",
      "severity": "MEDIUM"
    },
    {
      "quarter": "2023-12 (Q4)",
      "signal": "YoY REVENUE GROWTH DECELERATION",
      "detail": "YoY growth: -13.5% vs prior quarter YoY: +38.8% (decel: -52.3%)",
      "severity": "WARNING"
    },
    {
      "quarter": "2023-09 (Q3)",
      "signal": "FCF MARGIN EXPANSION",
      "detail": "FCF margin: -1479.1% -> -483.9% (+995.2%)",
      "severity": "MEDIUM"
    },
    {
      "quarter": "2023-09 (Q3)",
      "signal": "YoY REVENUE GROWTH ACCELERATION",
      "detail": "YoY growth: +38.8% vs prior quarter YoY: -55.3% (accel: +94.1%)",
      "severity": "HIGH"
    },
    {
      "quarter": "2023-06 (Q2)",
      "signal": "YoY REVENUE GROWTH DECELERATION",
      "detail": "YoY growth: -55.3% vs prior quarter YoY: +28.9% (decel: -84.2%)",
      "severity": "WARNING"
    },
    {
      "quarter": "2023-03 (Q1)",
      "signal": "YoY REVENUE GROWTH DECELERATION",
      "detail": "YoY growth: +28.9% vs prior quarter YoY: +76.1% (decel: -47.2%)",
      "severity": "WARNING"
    },
    {
      "quarter": "2022-12 (Q4)",
      "signal": "FCF MARGIN EXPANSION",
      "detail": "FCF margin: -878.9% -> -491.0% (+387.9%)",
      "severity": "MEDIUM"
    },
    {
      "quarter": "2022-12 (Q4)",
      "signal": "YoY REVENUE GROWTH ACCELERATION",
      "detail": "YoY growth: +76.1% vs prior quarter YoY: +56.4% (accel: +19.6%)",
      "severity": "HIGH"
    },
    {
      "quarter": "2022-09 (Q3)",
      "signal": "YoY REVENUE GROWTH DECELERATION",
      "detail": "YoY growth: +56.4% vs prior quarter YoY: +390.7% (decel: -334.2%)",
      "severity": "WARNING"
    },
    {
      "quarter": "2022-06 (Q2)",
      "signal": "FCF MARGIN EXPANSION",
      "detail": "FCF margin: -786.2% -> -294.8% (+491.5%)",
      "severity": "MEDIUM"
    },
    {
      "quarter": "2022-06 (Q2)",
      "signal": "YoY REVENUE GROWTH ACCELERATION",
      "detail": "YoY growth: +390.7% vs prior quarter YoY: +318.2% (accel: +72.5%)",
      "severity": "HIGH"
    },
    {
      "quarter": "2021-09 (Q3)",
      "signal": "FCF MARGIN EXPANSION",
      "detail": "FCF margin: -1303.5% -> -511.7% (+791.8%)",
      "severity": "MEDIUM"
    }
  ],
  "data_quality": {
    "n_quarters": 20,
    "coverage": {
      "revenue": [
        20,
        20
      ],
      "gross_profit": [
        0,
        20
      ],
      "op_income": [
        20,
        20
      ],
      "fcf": [
        20,
        20
      ]
    },
    "gaps": [],
    "warnings": [
      "gross_profit: no data"
    ]
  },
  "market_cap": null,
  "source": "SEC EDGAR",
  "last_updated": "2026-02-02T22:05:16.045512",
  "sector": "Healthcare",
  "industry": "Biotechnology"
}