{
  "ticker": "JAZZ",
  "name": "Jazz Pharmaceuticals plc",
  "quarters": [
    {
      "date": "2020-12-31T00:00:00",
      "quarter_label": "2020-12 (Q4)",
      "revenue": 665517000,
      "gross_profit": 611146000,
      "operating_income": 173414000,
      "net_income": 133414000,
      "opex": 492103000,
      "cogs": null,
      "rd": null,
      "sga": 247172000,
      "fcf": 182156000,
      "ocf": 186271000,
      "capex": -4115000,
      "gross_margin": 0.9183026128558699,
      "op_margin": 0.2605703535747396,
      "fcf_margin": 0.27370600600735967
    },
    {
      "date": "2021-03-31T00:00:00",
      "quarter_label": "2021-03 (Q1)",
      "revenue": 607581000,
      "gross_profit": null,
      "operating_income": 162119000,
      "net_income": 121832000,
      "opex": 445462000,
      "cogs": null,
      "rd": null,
      "sga": 260508000,
      "fcf": 282829000,
      "ocf": 284997000,
      "capex": -2168000,
      "gross_margin": null,
      "op_margin": 0.2668269745103945,
      "fcf_margin": 0.4655000732412633,
      "fcf_margin_change": 0.19179406723390363
    },
    {
      "date": "2021-06-30T00:00:00",
      "quarter_label": "2021-06 (Q2)",
      "revenue": 751811000,
      "gross_profit": null,
      "operating_income": -69590000,
      "net_income": -363316000,
      "opex": 821401000,
      "cogs": null,
      "rd": null,
      "sga": 429031000,
      "fcf": 34517000,
      "ocf": 41695000,
      "capex": -7178000,
      "gross_margin": null,
      "op_margin": -0.09256315749570038,
      "fcf_margin": 0.04591180496161934,
      "op_leverage_ratio": 0.28128378664189085,
      "fcf_margin_change": -0.41958826827964396
    },
    {
      "date": "2021-09-30T00:00:00",
      "quarter_label": "2021-09 (Q3)",
      "revenue": 838115000,
      "gross_profit": null,
      "operating_income": 28369000,
      "net_income": -52833000,
      "opex": 809746000,
      "cogs": null,
      "rd": null,
      "sga": 363682000,
      "fcf": 265732000,
      "ocf": 274060000,
      "capex": -8328000,
      "gross_margin": null,
      "op_margin": 0.03384857686594322,
      "fcf_margin": 0.3170591147992817,
      "op_leverage_ratio": Infinity,
      "fcf_margin_change": 0.2711473098376624
    },
    {
      "date": "2021-12-31T00:00:00",
      "quarter_label": "2021-12 (Q4)",
      "revenue": 896731000,
      "gross_profit": null,
      "operating_income": 49380000,
      "net_income": -35351000,
      "opex": 847351000,
      "cogs": null,
      "rd": null,
      "sga": 398462000,
      "fcf": 167788000,
      "ocf": 177755000,
      "capex": -9967000,
      "gross_margin": null,
      "op_margin": 0.0550666810894237,
      "fcf_margin": 0.18711073889494173,
      "incr_op_margin_yoy": -0.5364467549542847,
      "rev_growth_yoy": 0.3474201260072996,
      "op_leverage_ratio": 1.5059681377057803,
      "fcf_margin_change": -0.12994837590434
    },
    {
      "date": "2022-03-31T00:00:00",
      "quarter_label": "2022-03 (Q1)",
      "revenue": 813721000,
      "gross_profit": null,
      "operating_income": 87549000,
      "net_income": 1647000,
      "opex": 726172000,
      "cogs": null,
      "rd": null,
      "sga": 308813000,
      "fcf": 196687000,
      "ocf": 208979000,
      "capex": -12292000,
      "gross_margin": null,
      "op_margin": 0.10759093104393275,
      "fcf_margin": 0.24171306872994552,
      "incr_op_margin_yoy": -0.3617444455224605,
      "rev_growth_yoy": 0.33927986556524975,
      "rev_growth_yoy_accel": -0.008140260442049851,
      "fcf_margin_change": 0.05460232983500379
    },
    {
      "date": "2022-06-30T00:00:00",
      "quarter_label": "2022-06 (Q2)",
      "revenue": 932878000,
      "gross_profit": null,
      "operating_income": 85546000,
      "net_income": 34665000,
      "opex": 847332000,
      "cogs": null,
      "rd": null,
      "sga": 366473000,
      "fcf": 290758000,
      "ocf": 303036000,
      "capex": -12278000,
      "gross_margin": null,
      "op_margin": 0.09170116564009442,
      "fcf_margin": 0.31167848314570606,
      "incr_op_margin_yoy": 0.8567878188736766,
      "rev_growth_yoy": 0.2408411156527372,
      "rev_growth_yoy_accel": -0.09843874991251256,
      "op_leverage_ratio": 0.8776558883261647,
      "fcf_margin_change": 0.06996541441576054
    },
    {
      "date": "2022-09-30T00:00:00",
      "quarter_label": "2022-09 (Q3)",
      "revenue": 940652000,
      "gross_profit": null,
      "operating_income": 24763000,
      "net_income": -19648000,
      "opex": 915889000,
      "cogs": null,
      "rd": null,
      "sga": 358478000,
      "fcf": 422893000,
      "ocf": 417991000,
      "capex": 4902000,
      "gross_margin": null,
      "op_margin": 0.02632535730535841,
      "fcf_margin": 0.4495743377997389,
      "incr_op_margin_yoy": -0.03516779308932386,
      "rev_growth_yoy": 0.12234239931274347,
      "rev_growth_yoy_accel": -0.11849871633999372,
      "fcf_margin_change": 0.1378958546540328
    },
    {
      "date": "2022-12-31T00:00:00",
      "quarter_label": "2022-12 (Q4)",
      "revenue": 972123000,
      "gross_profit": null,
      "operating_income": -263386000,
      "net_income": -240724000,
      "opex": 1235509000,
      "cogs": null,
      "rd": null,
      "sga": 383203000,
      "fcf": 332593000,
      "ocf": 341971000,
      "capex": -9378000,
      "gross_margin": null,
      "op_margin": -0.2709389655424262,
      "fcf_margin": 0.34213057401172486,
      "incr_op_margin_yoy": -4.148530348047538,
      "rev_growth_yoy": 0.08407426530364179,
      "rev_growth_yoy_accel": -0.03826813400910169,
      "op_leverage_ratio": 0.09587170602666625,
      "fcf_margin_change": -0.10744376378801401
    },
    {
      "date": "2023-03-31T00:00:00",
      "quarter_label": "2023-03 (Q1)",
      "revenue": 892812000,
      "gross_profit": null,
      "operating_income": 126055000,
      "net_income": 69420000,
      "opex": 766757000,
      "cogs": null,
      "rd": null,
      "sga": 297917000,
      "fcf": 316886000,
      "ocf": 320708000,
      "capex": -3822000,
      "gross_margin": null,
      "op_margin": 0.1411887385026187,
      "fcf_margin": 0.3549302652742123,
      "incr_op_margin_yoy": 0.48685691165872225,
      "rev_growth_yoy": 0.09719670501314333,
      "rev_growth_yoy_accel": 0.01312243970950154,
      "fcf_margin_change": 0.012799691262487423
    },
    {
      "date": "2023-06-30T00:00:00",
      "quarter_label": "2023-06 (Q2)",
      "revenue": 957317000,
      "gross_profit": null,
      "operating_income": 157636000,
      "net_income": 104438000,
      "opex": 799681000,
      "cogs": null,
      "rd": null,
      "sga": 340844000,
      "fcf": 291026000,
      "ocf": 296765000,
      "capex": -5739000,
      "gross_margin": null,
      "op_margin": 0.16466436927370975,
      "fcf_margin": 0.30400170476446153,
      "incr_op_margin_yoy": 2.9497933630672284,
      "rev_growth_yoy": 0.026197423457300955,
      "rev_growth_yoy_accel": -0.07099928155584237,
      "op_leverage_ratio": 1.6825908280551751,
      "fcf_margin_change": -0.05092856050975075
    },
    {
      "date": "2023-09-30T00:00:00",
      "quarter_label": "2023-09 (Q3)",
      "revenue": 972140000,
      "gross_profit": null,
      "operating_income": 172392000,
      "net_income": 146820000,
      "opex": 799748000,
      "cogs": null,
      "rd": null,
      "sga": 308310000,
      "fcf": 302896000,
      "ocf": 307195000,
      "capex": -4299000,
      "gross_margin": null,
      "op_margin": 0.1773324829757031,
      "fcf_margin": 0.31157652190013785,
      "incr_op_margin_yoy": 4.688420985772358,
      "rev_growth_yoy": 0.033474653750802635,
      "rev_growth_yoy_accel": 0.00727723029350168,
      "op_leverage_ratio": Infinity,
      "fcf_margin_change": 0.007574817135676315
    },
    {
      "date": "2023-12-31T00:00:00",
      "quarter_label": "2023-12 (Q4)",
      "revenue": 1011935000,
      "gross_profit": null,
      "operating_income": 122497000,
      "net_income": 94154000,
      "opex": 889438000,
      "cogs": null,
      "rd": null,
      "sga": 396034000,
      "fcf": 157237000,
      "ocf": 167339000,
      "capex": -10102000,
      "gross_margin": null,
      "op_margin": 0.12105224149772466,
      "fcf_margin": 0.15538250974617934,
      "incr_op_margin_yoy": 9.692630362704712,
      "rev_growth_yoy": 0.04095366532835865,
      "rev_growth_yoy_accel": 0.007479011577556018,
      "op_leverage_ratio": 0.36501342223193106,
      "fcf_margin_change": -0.1561940121539585
    },
    {
      "date": "2024-03-31T00:00:00",
      "quarter_label": "2024-03 (Q1)",
      "revenue": 901983000,
      "gross_profit": null,
      "operating_income": 66207000,
      "net_income": -14618000,
      "opex": 835776000,
      "cogs": null,
      "rd": null,
      "sga": 351712000,
      "fcf": 260325000,
      "ocf": 267229000,
      "capex": -6904000,
      "gross_margin": null,
      "op_margin": 0.07340160513003016,
      "fcf_margin": 0.28861408696172763,
      "incr_op_margin_yoy": -6.525787809399193,
      "rev_growth_yoy": 0.010272039354309754,
      "rev_growth_yoy_accel": -0.0306816259740489,
      "fcf_margin_change": 0.1332315772155483
    },
    {
      "date": "2024-06-30T00:00:00",
      "quarter_label": "2024-06 (Q2)",
      "revenue": 1023825000,
      "gross_profit": null,
      "operating_income": 199443000,
      "net_income": 168568000,
      "opex": 824382000,
      "cogs": null,
      "rd": null,
      "sga": 338523000,
      "fcf": 324261000,
      "ocf": 331352000,
      "capex": -7091000,
      "gross_margin": null,
      "op_margin": 0.1948018460186067,
      "fcf_margin": 0.3167152589553879,
      "incr_op_margin_yoy": 0.628601070547904,
      "rev_growth_yoy": 0.06947333015082778,
      "rev_growth_yoy_accel": 0.05920129079651803,
      "op_leverage_ratio": Infinity,
      "fcf_margin_change": 0.028101171993660246
    },
    {
      "date": "2024-09-30T00:00:00",
      "quarter_label": "2024-09 (Q3)",
      "revenue": 1054969000,
      "gross_profit": null,
      "operating_income": 260210000,
      "net_income": 215055000,
      "opex": 794759000,
      "cogs": null,
      "rd": null,
      "sga": 325772000,
      "fcf": 387959000,
      "ocf": 398747000,
      "capex": -10788000,
      "gross_margin": null,
      "op_margin": 0.24665179735139137,
      "fcf_margin": 0.367744455050338,
      "incr_op_margin_yoy": 1.0602325272549469,
      "rev_growth_yoy": 0.08520274857530809,
      "rev_growth_yoy_accel": 0.015729418424480307,
      "op_leverage_ratio": Infinity,
      "fcf_margin_change": 0.0510291960949501
    },
    {
      "date": "2024-12-31T00:00:00",
      "quarter_label": "2024-12 (Q4)",
      "revenue": 1088173000,
      "gross_profit": null,
      "operating_income": 190770000,
      "net_income": 191115000,
      "opex": 897403000,
      "cogs": null,
      "rd": null,
      "sga": 369287000,
      "fcf": 385293000,
      "ocf": 398580000,
      "capex": -13287000,
      "gross_margin": null,
      "op_margin": 0.17531219760093295,
      "fcf_margin": 0.35407329533079757,
      "incr_op_margin_yoy": 0.8955245415671974,
      "rev_growth_yoy": 0.07533883105140152,
      "rev_growth_yoy_accel": -0.00986391752390657,
      "op_leverage_ratio": 0.24369835276045754,
      "fcf_margin_change": -0.013671159719540416
    },
    {
      "date": "2025-03-31T00:00:00",
      "quarter_label": "2025-03 (Q1)",
      "revenue": 897841000,
      "gross_profit": null,
      "operating_income": -55892000,
      "net_income": -92541000,
      "opex": 953733000,
      "cogs": null,
      "rd": null,
      "sga": 514013000,
      "fcf": 415903000,
      "ocf": 429784000,
      "capex": -13881000,
      "gross_margin": null,
      "op_margin": -0.06225155679012208,
      "fcf_margin": 0.4632256713605193,
      "incr_op_margin_yoy": 29.47827136648962,
      "rev_growth_yoy": -0.004592104285779222,
      "rev_growth_yoy_accel": -0.07993093533718074,
      "fcf_margin_change": 0.10915237602972172
    },
    {
      "date": "2025-06-30T00:00:00",
      "quarter_label": "2025-06 (Q2)",
      "revenue": 1045712000,
      "gross_profit": null,
      "operating_income": -686392000,
      "net_income": -718470000,
      "opex": 1732104000,
      "cogs": null,
      "rd": null,
      "sga": 358399000,
      "fcf": 75888000,
      "ocf": 88855000,
      "capex": -12967000,
      "gross_margin": null,
      "op_margin": -0.6563872270759061,
      "fcf_margin": 0.0725706504276512,
      "incr_op_margin_yoy": -40.47311189290446,
      "rev_growth_yoy": 0.021377676849070885,
      "rev_growth_yoy_accel": 0.025969781134850108,
      "op_leverage_ratio": 0.20180119757045437,
      "fcf_margin_change": -0.3906550209328681
    },
    {
      "date": "2025-09-30T00:00:00",
      "quarter_label": "2025-09 (Q3)",
      "revenue": 1126107000,
      "gross_profit": null,
      "operating_income": 57509000,
      "net_income": 251412000,
      "opex": 1068598000,
      "cogs": null,
      "rd": null,
      "sga": 530647000,
      "fcf": 459441000,
      "ocf": 474616000,
      "capex": -15175000,
      "gross_margin": null,
      "op_margin": 0.05106885935350726,
      "fcf_margin": 0.4079905373112857,
      "incr_op_margin_yoy": -2.8494053810902753,
      "rev_growth_yoy": 0.06743136528182345,
      "rev_growth_yoy_accel": 0.046053688432752565,
      "op_leverage_ratio": Infinity,
      "fcf_margin_change": 0.3354198868836345
    }
  ],
  "signals": [
    {
      "quarter": "2025-09 (Q3)",
      "signal": "FCF MARGIN EXPANSION",
      "detail": "FCF margin: +7.3% -> +40.8% (+33.5%)",
      "severity": "MEDIUM"
    },
    {
      "quarter": "2025-09 (Q3)",
      "signal": "OP MARGIN TURNED POSITIVE (QoQ)",
      "detail": "Op margin: -65.6% -> +5.1%",
      "severity": "HIGH"
    },
    {
      "quarter": "2025-03 (Q1)",
      "signal": "FCF MARGIN EXPANSION",
      "detail": "FCF margin: +35.4% -> +46.3% (+10.9%)",
      "severity": "MEDIUM"
    },
    {
      "quarter": "2025-03 (Q1)",
      "signal": "YoY REVENUE GROWTH DECELERATION",
      "detail": "YoY growth: -0.5% vs prior quarter YoY: +7.5% (decel: -8.0%)",
      "severity": "WARNING"
    },
    {
      "quarter": "2024-12 (Q4)",
      "signal": "INCREMENTAL MARGIN (YoY)",
      "detail": "YoY Incr OPM: +89.6% vs year-ago OPM: +12.1%",
      "severity": "HIGH"
    },
    {
      "quarter": "2024-09 (Q3)",
      "signal": "FCF MARGIN EXPANSION",
      "detail": "FCF margin: +31.7% -> +36.8% (+5.1%)",
      "severity": "MEDIUM"
    },
    {
      "quarter": "2024-09 (Q3)",
      "signal": "INCREMENTAL MARGIN (YoY)",
      "detail": "YoY Incr OPM: +106.0% vs year-ago OPM: +17.7%",
      "severity": "HIGH"
    },
    {
      "quarter": "2024-06 (Q2)",
      "signal": "YoY REVENUE GROWTH ACCELERATION",
      "detail": "YoY growth: +6.9% vs prior quarter YoY: +1.0% (accel: +5.9%)",
      "severity": "MEDIUM"
    },
    {
      "quarter": "2024-06 (Q2)",
      "signal": "INCREMENTAL MARGIN (YoY)",
      "detail": "YoY Incr OPM: +62.9% vs year-ago OPM: +16.5%",
      "severity": "HIGH"
    },
    {
      "quarter": "2024-03 (Q1)",
      "signal": "FCF MARGIN EXPANSION",
      "detail": "FCF margin: +15.5% -> +28.9% (+13.3%)",
      "severity": "MEDIUM"
    },
    {
      "quarter": "2023-12 (Q4)",
      "signal": "OP MARGIN TURNED POSITIVE (YoY)",
      "detail": "Op margin: -27.1% (year-ago) -> +12.1%",
      "severity": "HIGH"
    },
    {
      "quarter": "2023-09 (Q3)",
      "signal": "OPERATING LEVERAGE",
      "detail": "Rev growth +1.5% vs OpEx growth +0.0% (leverage: 184.8x)",
      "severity": "MEDIUM"
    },
    {
      "quarter": "2023-09 (Q3)",
      "signal": "INCREMENTAL MARGIN (YoY)",
      "detail": "YoY Incr OPM: +468.8% vs year-ago OPM: +2.6%",
      "severity": "HIGH"
    },
    {
      "quarter": "2023-06 (Q2)",
      "signal": "OPERATING LEVERAGE",
      "detail": "Rev growth +7.2% vs OpEx growth +4.3% (leverage: 1.7x)",
      "severity": "MEDIUM"
    },
    {
      "quarter": "2023-06 (Q2)",
      "signal": "YoY REVENUE GROWTH DECELERATION",
      "detail": "YoY growth: +2.6% vs prior quarter YoY: +9.7% (decel: -7.1%)",
      "severity": "WARNING"
    },
    {
      "quarter": "2023-06 (Q2)",
      "signal": "INCREMENTAL MARGIN (YoY)",
      "detail": "YoY Incr OPM: +295.0% vs year-ago OPM: +9.2%",
      "severity": "HIGH"
    },
    {
      "quarter": "2023-03 (Q1)",
      "signal": "INCREMENTAL MARGIN (YoY)",
      "detail": "YoY Incr OPM: +48.7% vs year-ago OPM: +10.8%",
      "severity": "HIGH"
    },
    {
      "quarter": "2023-03 (Q1)",
      "signal": "OP MARGIN TURNED POSITIVE (QoQ)",
      "detail": "Op margin: -27.1% -> +14.1%",
      "severity": "HIGH"
    },
    {
      "quarter": "2022-09 (Q3)",
      "signal": "FCF MARGIN EXPANSION",
      "detail": "FCF margin: +31.2% -> +45.0% (+13.8%)",
      "severity": "MEDIUM"
    },
    {
      "quarter": "2022-09 (Q3)",
      "signal": "YoY REVENUE GROWTH DECELERATION",
      "detail": "YoY growth: +12.2% vs prior quarter YoY: +24.1% (decel: -11.8%)",
      "severity": "WARNING"
    },
    {
      "quarter": "2022-06 (Q2)",
      "signal": "FCF MARGIN EXPANSION",
      "detail": "FCF margin: +24.2% -> +31.2% (+7.0%)",
      "severity": "MEDIUM"
    },
    {
      "quarter": "2022-06 (Q2)",
      "signal": "YoY REVENUE GROWTH DECELERATION",
      "detail": "YoY growth: +24.1% vs prior quarter YoY: +33.9% (decel: -9.8%)",
      "severity": "WARNING"
    },
    {
      "quarter": "2022-06 (Q2)",
      "signal": "OP MARGIN TURNED POSITIVE (YoY)",
      "detail": "Op margin: -9.3% (year-ago) -> +9.2%",
      "severity": "HIGH"
    },
    {
      "quarter": "2022-03 (Q1)",
      "signal": "FCF MARGIN EXPANSION",
      "detail": "FCF margin: +18.7% -> +24.2% (+5.5%)",
      "severity": "MEDIUM"
    },
    {
      "quarter": "2021-12 (Q4)",
      "signal": "OPERATING LEVERAGE",
      "detail": "Rev growth +7.0% vs OpEx growth +4.6% (leverage: 1.5x)",
      "severity": "MEDIUM"
    },
    {
      "quarter": "2021-09 (Q3)",
      "signal": "FCF MARGIN EXPANSION",
      "detail": "FCF margin: +4.6% -> +31.7% (+27.1%)",
      "severity": "MEDIUM"
    },
    {
      "quarter": "2021-09 (Q3)",
      "signal": "OP MARGIN TURNED POSITIVE (QoQ)",
      "detail": "Op margin: -9.3% -> +3.4%",
      "severity": "HIGH"
    },
    {
      "quarter": "2021-03 (Q1)",
      "signal": "FCF MARGIN EXPANSION",
      "detail": "FCF margin: +27.4% -> +46.6% (+19.2%)",
      "severity": "MEDIUM"
    }
  ],
  "data_quality": {
    "n_quarters": 20,
    "coverage": {
      "revenue": [
        20,
        20
      ],
      "gross_profit": [
        1,
        20
      ],
      "op_income": [
        20,
        20
      ],
      "fcf": [
        20,
        20
      ]
    },
    "gaps": [],
    "warnings": [
      "gross_profit: 1/20Q"
    ]
  },
  "market_cap": null,
  "source": "SEC EDGAR",
  "last_updated": "2026-02-02T20:37:24.840496"
}