{
  "ticker": "JBGS",
  "name": "JBG SMITH PROPERTIES",
  "sector": "Real Estate",
  "industry": "REIT - Office",
  "quarters": [
    {
      "date": "2021-03-31T00:00:00",
      "quarter_label": "2021-03 (Q1)",
      "revenue": 165289000,
      "gross_profit": null,
      "operating_income": null,
      "net_income": -20731000,
      "opex": 167813000,
      "cogs": null,
      "rd": null,
      "sga": null,
      "fcf": 66502000,
      "ocf": 66502000,
      "capex": null,
      "gross_margin": null,
      "op_margin": null,
      "fcf_margin": 0.40233772362347164
    },
    {
      "date": "2021-06-30T00:00:00",
      "quarter_label": "2021-06 (Q2)",
      "revenue": 154644000,
      "gross_profit": null,
      "operating_income": null,
      "net_income": -2973000,
      "opex": 156399000,
      "cogs": null,
      "rd": null,
      "sga": null,
      "fcf": 57054000,
      "ocf": 57054000,
      "capex": null,
      "gross_margin": null,
      "op_margin": null,
      "fcf_margin": 0.3689376891440987,
      "fcf_margin_change": -0.03340003447937295
    },
    {
      "date": "2021-09-30T00:00:00",
      "quarter_label": "2021-09 (Q3)",
      "revenue": 157022000,
      "gross_profit": null,
      "operating_income": null,
      "net_income": 893000,
      "opex": 159261000,
      "cogs": null,
      "rd": null,
      "sga": null,
      "fcf": 30856000,
      "ocf": 30856000,
      "capex": null,
      "gross_margin": null,
      "op_margin": null,
      "fcf_margin": 0.19650749576492466,
      "op_leverage_ratio": 0.8403169392044388,
      "fcf_margin_change": -0.17243019337917403
    },
    {
      "date": "2021-12-31T00:00:00",
      "quarter_label": "2021-12 (Q4)",
      "revenue": 157407000,
      "gross_profit": null,
      "operating_income": null,
      "net_income": -56446000,
      "opex": 162023000,
      "cogs": null,
      "rd": null,
      "sga": null,
      "fcf": 63210000,
      "ocf": 63210000,
      "capex": null,
      "gross_margin": null,
      "op_margin": null,
      "fcf_margin": 0.4015704511235206,
      "fcf_margin_change": 0.20506295535859592
    },
    {
      "date": "2022-03-31T00:00:00",
      "quarter_label": "2022-03 (Q1)",
      "revenue": 161965000,
      "gross_profit": null,
      "operating_income": null,
      "net_income": -32000,
      "opex": 162899000,
      "cogs": null,
      "rd": null,
      "sga": null,
      "fcf": 69598000,
      "ocf": 69598000,
      "capex": null,
      "gross_margin": null,
      "op_margin": null,
      "fcf_margin": 0.42971012255734264,
      "rev_growth_yoy": -0.020110231170858316,
      "op_leverage_ratio": 5.355781393045797,
      "fcf_margin_change": 0.028139671433822067
    },
    {
      "date": "2022-06-30T00:00:00",
      "quarter_label": "2022-06 (Q2)",
      "revenue": 145505000,
      "gross_profit": null,
      "operating_income": null,
      "net_income": 123275000,
      "opex": 142359000,
      "cogs": null,
      "rd": null,
      "sga": null,
      "fcf": 38051000,
      "ocf": 38051000,
      "capex": null,
      "gross_margin": null,
      "op_margin": null,
      "fcf_margin": 0.26150991374866844,
      "rev_growth_yoy": -0.05909702283955407,
      "rev_growth_yoy_accel": -0.03898679166869576,
      "fcf_margin_change": -0.1682002088086742
    },
    {
      "date": "2022-09-30T00:00:00",
      "quarter_label": "2022-09 (Q3)",
      "revenue": 147614000,
      "gross_profit": null,
      "operating_income": null,
      "net_income": -19293000,
      "opex": 136770000,
      "cogs": null,
      "rd": null,
      "sga": null,
      "fcf": 22717000,
      "ocf": 22717000,
      "capex": null,
      "gross_margin": null,
      "op_margin": null,
      "fcf_margin": 0.153894617041744,
      "rev_growth_yoy": -0.05991517112251787,
      "rev_growth_yoy_accel": -0.0008181482829637959,
      "op_leverage_ratio": null,
      "fcf_margin_change": -0.10761529670692443
    },
    {
      "date": "2022-12-31T00:00:00",
      "quarter_label": "2022-12 (Q4)",
      "revenue": 150740000,
      "gross_profit": null,
      "operating_income": null,
      "net_income": -18579000,
      "opex": 147625000,
      "cogs": null,
      "rd": null,
      "sga": null,
      "fcf": 47671000,
      "ocf": 47671000,
      "capex": null,
      "gross_margin": null,
      "op_margin": null,
      "fcf_margin": 0.3162465171819026,
      "rev_growth_yoy": -0.04235516844867128,
      "rev_growth_yoy_accel": 0.017560002673846588,
      "op_leverage_ratio": 0.2668224969605111,
      "fcf_margin_change": 0.1623519001401586
    },
    {
      "date": "2023-03-31T00:00:00",
      "quarter_label": "2023-03 (Q1)",
      "revenue": 152962000,
      "gross_profit": null,
      "operating_income": null,
      "net_income": 21171000,
      "opex": 147036000,
      "cogs": null,
      "rd": null,
      "sga": null,
      "fcf": 42632000,
      "ocf": 42632000,
      "capex": null,
      "gross_margin": null,
      "op_margin": null,
      "fcf_margin": 0.27870974490396305,
      "rev_growth_yoy": -0.055586083413083076,
      "rev_growth_yoy_accel": -0.013230914964411797,
      "op_leverage_ratio": null,
      "fcf_margin_change": -0.037536772277939556
    },
    {
      "date": "2023-06-30T00:00:00",
      "quarter_label": "2023-06 (Q2)",
      "revenue": 152095000,
      "gross_profit": null,
      "operating_income": null,
      "net_income": -10545000,
      "opex": 140244000,
      "cogs": null,
      "rd": null,
      "sga": null,
      "fcf": 46799000,
      "ocf": 46799000,
      "capex": null,
      "gross_margin": null,
      "op_margin": null,
      "fcf_margin": 0.30769584798974325,
      "rev_growth_yoy": 0.04529053984399162,
      "rev_growth_yoy_accel": 0.1008766232570747,
      "fcf_margin_change": 0.0289861030857802
    },
    {
      "date": "2023-09-30T00:00:00",
      "quarter_label": "2023-09 (Q3)",
      "revenue": 151562000,
      "gross_profit": null,
      "operating_income": null,
      "net_income": -58007000,
      "opex": 136793000,
      "cogs": null,
      "rd": null,
      "sga": null,
      "fcf": 25462000,
      "ocf": 25462000,
      "capex": null,
      "gross_margin": null,
      "op_margin": null,
      "fcf_margin": 0.16799725524867712,
      "rev_growth_yoy": 0.02674543065020933,
      "rev_growth_yoy_accel": -0.018545109193782286,
      "fcf_margin_change": -0.13969859274106614
    },
    {
      "date": "2023-12-31T00:00:00",
      "quarter_label": "2023-12 (Q4)",
      "revenue": 147579000,
      "gross_profit": null,
      "operating_income": null,
      "net_income": -32597000,
      "opex": 140911000,
      "cogs": null,
      "rd": null,
      "sga": null,
      "fcf": 68479000,
      "ocf": 68479000,
      "capex": null,
      "gross_margin": null,
      "op_margin": null,
      "fcf_margin": 0.46401588301858665,
      "rev_growth_yoy": -0.02096988191588165,
      "rev_growth_yoy_accel": -0.04771531256609098,
      "fcf_margin_change": 0.2960186277699095
    },
    {
      "date": "2024-03-31T00:00:00",
      "quarter_label": "2024-03 (Q1)",
      "revenue": 145184000,
      "gross_profit": null,
      "operating_income": null,
      "net_income": -32276000,
      "opex": 144743000,
      "cogs": null,
      "rd": null,
      "sga": null,
      "fcf": 37043000,
      "ocf": 37043000,
      "capex": null,
      "gross_margin": null,
      "op_margin": null,
      "fcf_margin": 0.25514519506281685,
      "rev_growth_yoy": -0.050849230527843514,
      "rev_growth_yoy_accel": -0.029879348611961863,
      "fcf_margin_change": -0.2088706879557698
    },
    {
      "date": "2024-06-30T00:00:00",
      "quarter_label": "2024-06 (Q2)",
      "revenue": 135320000,
      "gross_profit": null,
      "operating_income": null,
      "net_income": -24373000,
      "opex": 138434000,
      "cogs": null,
      "rd": null,
      "sga": null,
      "fcf": 23770000,
      "ocf": 23770000,
      "capex": null,
      "gross_margin": null,
      "op_margin": null,
      "fcf_margin": 0.17565770026603605,
      "rev_growth_yoy": -0.11029290903711496,
      "rev_growth_yoy_accel": -0.059443678509271444,
      "fcf_margin_change": -0.0794874947967808
    },
    {
      "date": "2024-09-30T00:00:00",
      "quarter_label": "2024-09 (Q3)",
      "revenue": 136026000,
      "gross_profit": null,
      "operating_income": null,
      "net_income": -26980000,
      "opex": 129756000,
      "cogs": null,
      "rd": null,
      "sga": null,
      "fcf": 26377000,
      "ocf": 26377000,
      "capex": null,
      "gross_margin": null,
      "op_margin": null,
      "fcf_margin": 0.19391145810359783,
      "rev_growth_yoy": -0.10250590517412016,
      "rev_growth_yoy_accel": 0.007787003862994801,
      "fcf_margin_change": 0.01825375783756178
    },
    {
      "date": "2024-12-31T00:00:00",
      "quarter_label": "2024-12 (Q4)",
      "revenue": 130782000,
      "gross_profit": null,
      "operating_income": null,
      "net_income": -59897000,
      "opex": 132833000,
      "cogs": null,
      "rd": null,
      "sga": null,
      "fcf": 42203000,
      "ocf": 42203000,
      "capex": null,
      "gross_margin": null,
      "op_margin": null,
      "fcf_margin": 0.32269731308589866,
      "rev_growth_yoy": -0.11381700648466245,
      "rev_growth_yoy_accel": -0.01131110131054229,
      "fcf_margin_change": 0.12878585498230083
    },
    {
      "date": "2025-03-31T00:00:00",
      "quarter_label": "2025-03 (Q1)",
      "revenue": 120686000,
      "gross_profit": null,
      "operating_income": null,
      "net_income": -45720000,
      "opex": 126735000,
      "cogs": null,
      "rd": null,
      "sga": null,
      "fcf": 12935000,
      "ocf": 12935000,
      "capex": null,
      "gross_margin": null,
      "op_margin": null,
      "fcf_margin": 0.10717896027708268,
      "rev_growth_yoy": -0.16873760193960766,
      "rev_growth_yoy_accel": -0.05492059545494521,
      "fcf_margin_change": -0.21551835280881598
    },
    {
      "date": "2025-06-30T00:00:00",
      "quarter_label": "2025-06 (Q2)",
      "revenue": 126479000,
      "gross_profit": null,
      "operating_income": null,
      "net_income": -19241000,
      "opex": 128214000,
      "cogs": null,
      "rd": null,
      "sga": null,
      "fcf": 18817000,
      "ocf": 18817000,
      "capex": null,
      "gross_margin": null,
      "op_margin": null,
      "fcf_margin": 0.14877568608227454,
      "rev_growth_yoy": -0.06533402305645876,
      "rev_growth_yoy_accel": 0.1034035788831489,
      "op_leverage_ratio": 4.113154569824114,
      "fcf_margin_change": 0.04159672580519186
    },
    {
      "date": "2025-09-30T00:00:00",
      "quarter_label": "2025-09 (Q3)",
      "revenue": 123870000,
      "gross_profit": null,
      "operating_income": null,
      "net_income": -28555000,
      "opex": 124778000,
      "cogs": null,
      "rd": null,
      "sga": null,
      "fcf": 8873000,
      "ocf": 8873000,
      "capex": null,
      "gross_margin": null,
      "op_margin": null,
      "fcf_margin": 0.07163154920481149,
      "rev_growth_yoy": -0.08936526840456971,
      "rev_growth_yoy_accel": -0.02403124534811095,
      "fcf_margin_change": -0.07714413687746305
    },
    {
      "date": "2025-12-31T00:00:00",
      "quarter_label": "2025-12 (Q4)",
      "revenue": 127563000,
      "gross_profit": null,
      "operating_income": null,
      "net_income": -45547000,
      "opex": 126900000,
      "cogs": null,
      "rd": null,
      "sga": null,
      "fcf": 32632000,
      "ocf": 32632000,
      "capex": null,
      "gross_margin": null,
      "op_margin": null,
      "fcf_margin": 0.25581085424456934,
      "rev_growth_yoy": -0.02461347891911731,
      "rev_growth_yoy_accel": 0.0647517894854524,
      "op_leverage_ratio": 1.7530964518683394,
      "fcf_margin_change": 0.18417930503975785
    }
  ],
  "signals": [
    {
      "quarter": "2025-12 (Q4)",
      "signal": "FCF MARGIN EXPANSION",
      "detail": "FCF margin: +7.2% -> +25.6% (+18.4%)",
      "severity": "MEDIUM"
    },
    {
      "quarter": "2025-12 (Q4)",
      "signal": "OPERATING LEVERAGE",
      "detail": "Rev growth +3.0% vs OpEx growth +1.7% (leverage: 1.8x)",
      "severity": "MEDIUM"
    },
    {
      "quarter": "2025-12 (Q4)",
      "signal": "YoY REVENUE GROWTH ACCELERATION",
      "detail": "YoY growth: -2.5% vs prior quarter YoY: -8.9% (accel: +6.5%)",
      "severity": "MEDIUM"
    },
    {
      "quarter": "2025-06 (Q2)",
      "signal": "OPERATING LEVERAGE",
      "detail": "Rev growth +4.8% vs OpEx growth +1.2% (leverage: 4.1x)",
      "severity": "MEDIUM"
    },
    {
      "quarter": "2025-06 (Q2)",
      "signal": "YoY REVENUE GROWTH ACCELERATION",
      "detail": "YoY growth: -6.5% vs prior quarter YoY: -16.9% (accel: +10.3%)",
      "severity": "MEDIUM"
    },
    {
      "quarter": "2025-03 (Q1)",
      "signal": "YoY REVENUE GROWTH DECELERATION",
      "detail": "YoY growth: -16.9% vs prior quarter YoY: -11.4% (decel: -5.5%)",
      "severity": "WARNING"
    },
    {
      "quarter": "2024-12 (Q4)",
      "signal": "FCF MARGIN EXPANSION",
      "detail": "FCF margin: +19.4% -> +32.3% (+12.9%)",
      "severity": "MEDIUM"
    },
    {
      "quarter": "2024-06 (Q2)",
      "signal": "YoY REVENUE GROWTH DECELERATION",
      "detail": "YoY growth: -11.0% vs prior quarter YoY: -5.1% (decel: -5.9%)",
      "severity": "WARNING"
    },
    {
      "quarter": "2023-12 (Q4)",
      "signal": "FCF MARGIN EXPANSION",
      "detail": "FCF margin: +16.8% -> +46.4% (+29.6%)",
      "severity": "MEDIUM"
    },
    {
      "quarter": "2023-06 (Q2)",
      "signal": "YoY REVENUE GROWTH ACCELERATION",
      "detail": "YoY growth: +4.5% vs prior quarter YoY: -5.6% (accel: +10.1%)",
      "severity": "MEDIUM"
    },
    {
      "quarter": "2022-12 (Q4)",
      "signal": "FCF MARGIN EXPANSION",
      "detail": "FCF margin: +15.4% -> +31.6% (+16.2%)",
      "severity": "MEDIUM"
    },
    {
      "quarter": "2022-03 (Q1)",
      "signal": "OPERATING LEVERAGE",
      "detail": "Rev growth +2.9% vs OpEx growth +0.5% (leverage: 5.4x)",
      "severity": "MEDIUM"
    },
    {
      "quarter": "2021-12 (Q4)",
      "signal": "FCF MARGIN EXPANSION",
      "detail": "FCF margin: +19.7% -> +40.2% (+20.5%)",
      "severity": "MEDIUM"
    }
  ],
  "data_quality": {
    "n_quarters": 20,
    "coverage": {
      "revenue": [
        20,
        20
      ],
      "gross_profit": [
        0,
        20
      ],
      "op_income": [
        0,
        20
      ],
      "fcf": [
        20,
        20
      ]
    },
    "gaps": [],
    "warnings": [
      "gross_profit: no data",
      "op_income: no data"
    ]
  },
  "market_cap": null,
  "source": "SEC EDGAR",
  "last_updated": "2026-02-24T10:36:17.541080"
}