{
  "ticker": "JBHT",
  "name": "J.B. HUNT TRANSPORT SERVICES, INC",
  "quarters": [
    {
      "date": "2020-12-31T00:00:00",
      "quarter_label": "2020-12 (Q4)",
      "revenue": 2737652000,
      "gross_profit": null,
      "operating_income": 207691000,
      "net_income": 154007000,
      "opex": 2529960000,
      "cogs": null,
      "rd": null,
      "sga": null,
      "fcf": 33083000,
      "ocf": 211865000,
      "capex": -178782000,
      "gross_margin": null,
      "op_margin": 0.07586464605435607,
      "fcf_margin": 0.012084443165164892
    },
    {
      "date": "2021-03-31T00:00:00",
      "quarter_label": "2021-03 (Q1)",
      "revenue": 2618149000,
      "gross_profit": null,
      "operating_income": 207652000,
      "net_income": 146606000,
      "opex": 2410497000,
      "cogs": null,
      "rd": null,
      "sga": null,
      "fcf": 255883000,
      "ocf": 364658000,
      "capex": -108775000,
      "gross_margin": null,
      "op_margin": 0.07931252193820902,
      "fcf_margin": 0.09773431535027227,
      "fcf_margin_change": 0.08564987218510738
    },
    {
      "date": "2021-06-30T00:00:00",
      "quarter_label": "2021-06 (Q2)",
      "revenue": 2908370000,
      "gross_profit": null,
      "operating_income": 241546000,
      "net_income": 172162000,
      "opex": 2666824000,
      "cogs": null,
      "rd": null,
      "sga": null,
      "fcf": 106138000,
      "ocf": 304090000,
      "capex": -197952000,
      "gross_margin": null,
      "op_margin": 0.08305201882841591,
      "fcf_margin": 0.03649398116470738,
      "op_leverage_ratio": 1.0424295551017686,
      "fcf_margin_change": -0.06124033418556489
    },
    {
      "date": "2021-09-30T00:00:00",
      "quarter_label": "2021-09 (Q3)",
      "revenue": 3144812000,
      "gross_profit": null,
      "operating_income": 273829000,
      "net_income": 199829000,
      "opex": 2870983000,
      "cogs": null,
      "rd": null,
      "sga": null,
      "fcf": 35111000,
      "ocf": 301101000,
      "capex": -265990000,
      "gross_margin": null,
      "op_margin": 0.08707324952970162,
      "fcf_margin": 0.011164737351549155,
      "op_leverage_ratio": 1.0619419891563522,
      "fcf_margin_change": -0.025329243813158226
    },
    {
      "date": "2021-12-31T00:00:00",
      "quarter_label": "2021-12 (Q4)",
      "revenue": 3496971000,
      "gross_profit": null,
      "operating_income": 322503000,
      "net_income": 242209000,
      "opex": 3174468000,
      "cogs": null,
      "rd": null,
      "sga": null,
      "fcf": -120797000,
      "ocf": 254049000,
      "capex": -374846000,
      "gross_margin": null,
      "op_margin": 0.0922235271610774,
      "fcf_margin": -0.03454332335040811,
      "incr_op_margin_yoy": 0.15120390771204198,
      "rev_growth_yoy": 0.277361403129397,
      "op_leverage_ratio": 1.0593451785718233,
      "fcf_margin_change": -0.045708060701957265
    },
    {
      "date": "2022-03-31T00:00:00",
      "quarter_label": "2022-03 (Q1)",
      "revenue": 3488588000,
      "gross_profit": null,
      "operating_income": 334294000,
      "net_income": 243325000,
      "opex": 3154294000,
      "cogs": null,
      "rd": null,
      "sga": null,
      "fcf": -17553000,
      "ocf": 291785000,
      "capex": -309338000,
      "gross_margin": null,
      "op_margin": 0.09582501573702598,
      "fcf_margin": -0.005031548580686513,
      "incr_op_margin_yoy": 0.145492102261043,
      "rev_growth_yoy": 0.33246350761549476,
      "rev_growth_yoy_accel": 0.05510210448609776,
      "fcf_margin_change": 0.0295117747697216
    },
    {
      "date": "2022-06-30T00:00:00",
      "quarter_label": "2022-06 (Q2)",
      "revenue": 3837532000,
      "gross_profit": null,
      "operating_income": 353083000,
      "net_income": 255342000,
      "opex": 3484449000,
      "cogs": null,
      "rd": null,
      "sga": null,
      "fcf": 134338000,
      "ocf": 492742000,
      "capex": -358404000,
      "gross_margin": null,
      "op_margin": 0.09200783211710026,
      "fcf_margin": 0.03500635304148604,
      "incr_op_margin_yoy": 0.12004042352140962,
      "rev_growth_yoy": 0.31947860829261754,
      "rev_growth_yoy_accel": -0.01298489932287722,
      "op_leverage_ratio": 0.9556312511052664,
      "fcf_margin_change": 0.04003790162217255
    },
    {
      "date": "2022-09-30T00:00:00",
      "quarter_label": "2022-09 (Q3)",
      "revenue": 3838257000,
      "gross_profit": null,
      "operating_income": 362228000,
      "net_income": 269382000,
      "opex": 3476029000,
      "cogs": null,
      "rd": null,
      "sga": null,
      "fcf": 150740000,
      "ocf": 570879000,
      "capex": -420139000,
      "gross_margin": null,
      "op_margin": 0.09437304484822147,
      "fcf_margin": 0.03927303460919891,
      "incr_op_margin_yoy": 0.12747802637555972,
      "rev_growth_yoy": 0.2205044371491841,
      "rev_growth_yoy_accel": -0.09897417114343343,
      "fcf_margin_change": 0.004266681567712871
    },
    {
      "date": "2022-12-31T00:00:00",
      "quarter_label": "2022-12 (Q4)",
      "revenue": 3649622000,
      "gross_profit": null,
      "operating_income": 281948000,
      "net_income": 201303000,
      "opex": 3367674000,
      "cogs": null,
      "rd": null,
      "sga": null,
      "fcf": -31439000,
      "ocf": 421476000,
      "capex": -452915000,
      "gross_margin": null,
      "op_margin": 0.07725402795138785,
      "fcf_margin": -0.008614316770339504,
      "incr_op_margin_yoy": -0.26567136802248265,
      "rev_growth_yoy": 0.04365234941896859,
      "rev_growth_yoy_accel": -0.17685208773021552,
      "fcf_margin_change": -0.047887351379538416
    },
    {
      "date": "2023-03-31T00:00:00",
      "quarter_label": "2023-03 (Q1)",
      "revenue": 3229588000,
      "gross_profit": null,
      "operating_income": 277489000,
      "net_income": 197768000,
      "opex": 2952099000,
      "cogs": null,
      "rd": null,
      "sga": null,
      "fcf": 26307000,
      "ocf": 487621000,
      "capex": -461314000,
      "gross_margin": null,
      "op_margin": 0.08592086668640087,
      "fcf_margin": 0.008145621051353918,
      "incr_op_margin_yoy": 0.21932432432432433,
      "rev_growth_yoy": -0.07424207157738318,
      "rev_growth_yoy_accel": -0.11789442099635176,
      "fcf_margin_change": 0.016759937821693424
    },
    {
      "date": "2023-06-30T00:00:00",
      "quarter_label": "2023-06 (Q2)",
      "revenue": 3132623000,
      "gross_profit": null,
      "operating_income": 270712000,
      "net_income": 189552000,
      "opex": 2861911000,
      "cogs": null,
      "rd": null,
      "sga": null,
      "fcf": 12013000,
      "ocf": 609669000,
      "capex": -597656000,
      "gross_margin": null,
      "op_margin": 0.08641703773483116,
      "fcf_margin": 0.003834805528785302,
      "incr_op_margin_yoy": 0.11685338107472028,
      "rev_growth_yoy": -0.1836881099623404,
      "rev_growth_yoy_accel": -0.10944603838495721,
      "fcf_margin_change": -0.004310815522568616
    },
    {
      "date": "2023-09-30T00:00:00",
      "quarter_label": "2023-09 (Q3)",
      "revenue": 3163753000,
      "gross_profit": null,
      "operating_income": 241716000,
      "net_income": 187431000,
      "opex": 2922037000,
      "cogs": null,
      "rd": null,
      "sga": null,
      "fcf": -67295000,
      "ocf": 432322000,
      "capex": -499617000,
      "gross_margin": null,
      "op_margin": 0.07640166599604963,
      "fcf_margin": -0.02127062384452895,
      "incr_op_margin_yoy": 0.17866758388386134,
      "rev_growth_yoy": -0.17573184911797204,
      "rev_growth_yoy_accel": 0.007956260844368346,
      "fcf_margin_change": -0.025105429373314253
    },
    {
      "date": "2023-12-31T00:00:00",
      "quarter_label": "2023-12 (Q4)",
      "revenue": 3303700000,
      "gross_profit": null,
      "operating_income": 203278000,
      "net_income": 153535000,
      "opex": 3100422000,
      "cogs": null,
      "rd": null,
      "sga": null,
      "fcf": -88838000,
      "ocf": 215006000,
      "capex": -303844000,
      "gross_margin": null,
      "op_margin": 0.06153040530314496,
      "fcf_margin": -0.026890456155219906,
      "incr_op_margin_yoy": 0.22742121056191858,
      "rev_growth_yoy": -0.09478296656475657,
      "rev_growth_yoy_accel": 0.08094888255321547,
      "op_leverage_ratio": 0.7245834349796835,
      "fcf_margin_change": -0.005619832310690957
    },
    {
      "date": "2024-03-31T00:00:00",
      "quarter_label": "2024-03 (Q1)",
      "revenue": 2944001000,
      "gross_profit": null,
      "operating_income": 194369000,
      "net_income": 127493000,
      "opex": 2749632000,
      "cogs": null,
      "rd": null,
      "sga": null,
      "fcf": 263080000,
      "ocf": 466467000,
      "capex": -203387000,
      "gross_margin": null,
      "op_margin": 0.06602205637837759,
      "fcf_margin": 0.08936138268974773,
      "incr_op_margin_yoy": 0.2910496626246993,
      "rev_growth_yoy": -0.0884283072639606,
      "rev_growth_yoy_accel": 0.00635465930079597,
      "fcf_margin_change": 0.11625183884496765
    },
    {
      "date": "2024-06-30T00:00:00",
      "quarter_label": "2024-06 (Q2)",
      "revenue": 2928685000,
      "gross_profit": null,
      "operating_income": 205709000,
      "net_income": 135873000,
      "opex": 2722976000,
      "cogs": null,
      "rd": null,
      "sga": null,
      "fcf": 98241000,
      "ocf": 360554000,
      "capex": -262313000,
      "gross_margin": null,
      "op_margin": 0.07023937364380259,
      "fcf_margin": 0.03354440644862797,
      "incr_op_margin_yoy": 0.3187390285282782,
      "rev_growth_yoy": -0.06510135436022783,
      "rev_growth_yoy_accel": 0.023326952903732767,
      "fcf_margin_change": -0.05581697624111977
    },
    {
      "date": "2024-09-30T00:00:00",
      "quarter_label": "2024-09 (Q3)",
      "revenue": 3068171000,
      "gross_profit": null,
      "operating_income": 224108000,
      "net_income": 152066000,
      "opex": 2844063000,
      "cogs": null,
      "rd": null,
      "sga": null,
      "fcf": 163116000,
      "ocf": 338499000,
      "capex": -175383000,
      "gross_margin": null,
      "op_margin": 0.07304286495113864,
      "fcf_margin": 0.05316392078537995,
      "incr_op_margin_yoy": 0.1842187859638844,
      "rev_growth_yoy": -0.030211587314180343,
      "rev_growth_yoy_accel": 0.03488976704604749,
      "op_leverage_ratio": 1.0710364508817674,
      "fcf_margin_change": 0.019619514336751985
    },
    {
      "date": "2024-12-31T00:00:00",
      "quarter_label": "2024-12 (Q4)",
      "revenue": 3146348000,
      "gross_profit": null,
      "operating_income": 207039000,
      "net_income": 155454000,
      "opex": 2939309000,
      "cogs": null,
      "rd": null,
      "sga": null,
      "fcf": 93346000,
      "ocf": 317636000,
      "capex": -224290000,
      "gross_margin": null,
      "op_margin": 0.06580295631633881,
      "fcf_margin": 0.029668046891189404,
      "incr_op_margin_yoy": -0.02390182520717881,
      "rev_growth_yoy": -0.04762902200563005,
      "rev_growth_yoy_accel": -0.01741743469144971,
      "op_leverage_ratio": 0.7608374939285097,
      "fcf_margin_change": -0.02349587389419055
    },
    {
      "date": "2025-03-31T00:00:00",
      "quarter_label": "2025-03 (Q1)",
      "revenue": 2921392000,
      "gross_profit": null,
      "operating_income": 178680000,
      "net_income": 117740000,
      "opex": 2742712000,
      "cogs": null,
      "rd": null,
      "sga": null,
      "fcf": 158380000,
      "ocf": 404192000,
      "capex": -245812000,
      "gross_margin": null,
      "op_margin": 0.06116262384507112,
      "fcf_margin": 0.05421388160164743,
      "incr_op_margin_yoy": 0.6939271971338847,
      "rev_growth_yoy": -0.007679684891411382,
      "rev_growth_yoy_accel": 0.03994933711421867,
      "fcf_margin_change": 0.024545834710458028
    },
    {
      "date": "2025-06-30T00:00:00",
      "quarter_label": "2025-06 (Q2)",
      "revenue": 2928181000,
      "gross_profit": null,
      "operating_income": 197274000,
      "net_income": 128624000,
      "opex": 2730907000,
      "cogs": null,
      "rd": null,
      "sga": null,
      "fcf": 185574000,
      "ocf": 402053000,
      "capex": -216479000,
      "gross_margin": null,
      "op_margin": 0.06737083534112133,
      "fcf_margin": 0.06337518070091978,
      "rev_growth_yoy": -0.0001720908872070571,
      "rev_growth_yoy_accel": 0.0075075940042043255,
      "fcf_margin_change": 0.009161299099272352
    },
    {
      "date": "2025-09-30T00:00:00",
      "quarter_label": "2025-09 (Q3)",
      "revenue": 3052897000,
      "gross_profit": null,
      "operating_income": 242657000,
      "net_income": 170849000,
      "opex": 2810240000,
      "cogs": null,
      "rd": null,
      "sga": null,
      "fcf": 352357000,
      "ocf": 486429000,
      "capex": -134072000,
      "gross_margin": null,
      "op_margin": 0.07948417519490504,
      "fcf_margin": 0.11541725777188028,
      "incr_op_margin_yoy": -1.2144166557548777,
      "rev_growth_yoy": -0.004978210145392809,
      "rev_growth_yoy_accel": -0.0048061192581857525,
      "op_leverage_ratio": 1.4661462304412631,
      "fcf_margin_change": 0.052042077070960494
    }
  ],
  "signals": [
    {
      "quarter": "2025-09 (Q3)",
      "signal": "FCF MARGIN EXPANSION",
      "detail": "FCF margin: +6.3% -> +11.5% (+5.2%)",
      "severity": "MEDIUM"
    },
    {
      "quarter": "2025-03 (Q1)",
      "signal": "INCREMENTAL MARGIN (YoY)",
      "detail": "YoY Incr OPM: +69.4% vs year-ago OPM: +6.6%",
      "severity": "HIGH"
    },
    {
      "quarter": "2024-09 (Q3)",
      "signal": "INCREMENTAL MARGIN (YoY)",
      "detail": "YoY Incr OPM: +18.4% vs year-ago OPM: +7.6%",
      "severity": "MEDIUM"
    },
    {
      "quarter": "2024-06 (Q2)",
      "signal": "INCREMENTAL MARGIN (YoY)",
      "detail": "YoY Incr OPM: +31.9% vs year-ago OPM: +8.6%",
      "severity": "HIGH"
    },
    {
      "quarter": "2024-03 (Q1)",
      "signal": "FCF TURNED POSITIVE",
      "detail": "FCF margin: -2.7% -> +8.9%",
      "severity": "HIGH"
    },
    {
      "quarter": "2024-03 (Q1)",
      "signal": "INCREMENTAL MARGIN (YoY)",
      "detail": "YoY Incr OPM: +29.1% vs year-ago OPM: +8.6%",
      "severity": "HIGH"
    },
    {
      "quarter": "2023-12 (Q4)",
      "signal": "YoY REVENUE GROWTH ACCELERATION",
      "detail": "YoY growth: -9.5% vs prior quarter YoY: -17.6% (accel: +8.1%)",
      "severity": "MEDIUM"
    },
    {
      "quarter": "2023-12 (Q4)",
      "signal": "INCREMENTAL MARGIN (YoY)",
      "detail": "YoY Incr OPM: +22.7% vs year-ago OPM: +7.7%",
      "severity": "MEDIUM"
    },
    {
      "quarter": "2023-06 (Q2)",
      "signal": "YoY REVENUE GROWTH DECELERATION",
      "detail": "YoY growth: -18.4% vs prior quarter YoY: -7.4% (decel: -10.9%)",
      "severity": "WARNING"
    },
    {
      "quarter": "2023-03 (Q1)",
      "signal": "FCF TURNED POSITIVE",
      "detail": "FCF margin: -0.9% -> +0.8%",
      "severity": "HIGH"
    },
    {
      "quarter": "2023-03 (Q1)",
      "signal": "YoY REVENUE GROWTH DECELERATION",
      "detail": "YoY growth: -7.4% vs prior quarter YoY: +4.4% (decel: -11.8%)",
      "severity": "WARNING"
    },
    {
      "quarter": "2023-03 (Q1)",
      "signal": "INCREMENTAL MARGIN (YoY)",
      "detail": "YoY Incr OPM: +21.9% vs year-ago OPM: +9.6%",
      "severity": "MEDIUM"
    },
    {
      "quarter": "2022-12 (Q4)",
      "signal": "YoY REVENUE GROWTH DECELERATION",
      "detail": "YoY growth: +4.4% vs prior quarter YoY: +22.1% (decel: -17.7%)",
      "severity": "WARNING"
    },
    {
      "quarter": "2022-09 (Q3)",
      "signal": "YoY REVENUE GROWTH DECELERATION",
      "detail": "YoY growth: +22.1% vs prior quarter YoY: +31.9% (decel: -9.9%)",
      "severity": "WARNING"
    },
    {
      "quarter": "2022-06 (Q2)",
      "signal": "FCF TURNED POSITIVE",
      "detail": "FCF margin: -0.5% -> +3.5%",
      "severity": "HIGH"
    },
    {
      "quarter": "2022-03 (Q1)",
      "signal": "YoY REVENUE GROWTH ACCELERATION",
      "detail": "YoY growth: +33.2% vs prior quarter YoY: +27.7% (accel: +5.5%)",
      "severity": "MEDIUM"
    },
    {
      "quarter": "2021-03 (Q1)",
      "signal": "FCF MARGIN EXPANSION",
      "detail": "FCF margin: +1.2% -> +9.8% (+8.6%)",
      "severity": "MEDIUM"
    }
  ],
  "data_quality": {
    "n_quarters": 20,
    "coverage": {
      "revenue": [
        20,
        20
      ],
      "gross_profit": [
        0,
        20
      ],
      "op_income": [
        20,
        20
      ],
      "fcf": [
        20,
        20
      ]
    },
    "gaps": [],
    "warnings": [
      "gross_profit: no data"
    ]
  },
  "market_cap": null,
  "source": "SEC EDGAR",
  "last_updated": "2026-02-02T20:19:24.282140",
  "sector": "Industrials",
  "industry": "Integrated Freight & Logistics"
}