{
  "ticker": "JBLU",
  "name": "JETBLUE AIRWAYS CORP",
  "sector": "Industrials",
  "industry": "Airlines",
  "quarters": [
    {
      "date": "2021-03-31T00:00:00",
      "quarter_label": "2021-03 (Q1)",
      "revenue": 733000000,
      "gross_profit": null,
      "operating_income": -294000000,
      "net_income": -247000000,
      "opex": 1027000000,
      "cogs": null,
      "rd": null,
      "sga": null,
      "fcf": 177000000,
      "ocf": 177000000,
      "capex": null,
      "gross_margin": null,
      "op_margin": -0.40109140518417463,
      "fcf_margin": 0.24147339699863574
    },
    {
      "date": "2021-06-30T00:00:00",
      "quarter_label": "2021-06 (Q2)",
      "revenue": 1499000000,
      "gross_profit": null,
      "operating_income": 147000000,
      "net_income": 64000000,
      "opex": 1352000000,
      "cogs": null,
      "rd": null,
      "sga": null,
      "fcf": 1481000000,
      "ocf": 1481000000,
      "capex": null,
      "gross_margin": null,
      "op_margin": 0.0980653769179453,
      "fcf_margin": 0.9879919946631087,
      "op_leverage_ratio": 3.3022646657571624,
      "fcf_margin_change": 0.746518597664473
    },
    {
      "date": "2021-09-30T00:00:00",
      "quarter_label": "2021-09 (Q3)",
      "revenue": 1972000000,
      "gross_profit": null,
      "operating_income": 186000000,
      "net_income": 130000000,
      "opex": 1786000000,
      "cogs": null,
      "rd": null,
      "sga": null,
      "fcf": 97000000,
      "ocf": 97000000,
      "capex": null,
      "gross_margin": null,
      "op_margin": 0.09432048681541583,
      "fcf_margin": 0.049188640973630834,
      "op_leverage_ratio": 0.9829840477368939,
      "fcf_margin_change": -0.9388033536894779
    },
    {
      "date": "2021-12-31T00:00:00",
      "quarter_label": "2021-12 (Q4)",
      "revenue": 1834000000,
      "gross_profit": null,
      "operating_income": -119000000,
      "net_income": -129000000,
      "opex": 1953000000,
      "cogs": null,
      "rd": null,
      "sga": null,
      "fcf": -113000000,
      "ocf": -113000000,
      "capex": null,
      "gross_margin": null,
      "op_margin": -0.0648854961832061,
      "fcf_margin": -0.061613958560523444,
      "fcf_margin_change": -0.11080259953415428
    },
    {
      "date": "2022-03-31T00:00:00",
      "quarter_label": "2022-03 (Q1)",
      "revenue": 1736000000,
      "gross_profit": null,
      "operating_income": -367000000,
      "net_income": -255000000,
      "opex": 2103000000,
      "cogs": null,
      "rd": null,
      "sga": null,
      "fcf": 247000000,
      "ocf": 247000000,
      "capex": null,
      "gross_margin": null,
      "op_margin": -0.21140552995391704,
      "fcf_margin": 0.14228110599078342,
      "incr_op_margin_yoy": -0.07278165503489531,
      "rev_growth_yoy": 1.3683492496589358,
      "fcf_margin_change": 0.20389506455130685
    },
    {
      "date": "2022-06-30T00:00:00",
      "quarter_label": "2022-06 (Q2)",
      "revenue": 2445000000,
      "gross_profit": null,
      "operating_income": -113000000,
      "net_income": -188000000,
      "opex": 2558000000,
      "cogs": null,
      "rd": null,
      "sga": null,
      "fcf": 52000000,
      "ocf": 52000000,
      "capex": null,
      "gross_margin": null,
      "op_margin": -0.04621676891615542,
      "fcf_margin": 0.0212678936605317,
      "incr_op_margin_yoy": -0.2748414376321353,
      "rev_growth_yoy": 0.6310873915943963,
      "rev_growth_yoy_accel": -0.7372618580645395,
      "op_leverage_ratio": 1.8876626829391807,
      "fcf_margin_change": -0.12101321233025172
    },
    {
      "date": "2022-09-30T00:00:00",
      "quarter_label": "2022-09 (Q3)",
      "revenue": 2562000000,
      "gross_profit": null,
      "operating_income": 139000000,
      "net_income": 57000000,
      "opex": 2423000000,
      "cogs": null,
      "rd": null,
      "sga": null,
      "fcf": 22000000,
      "ocf": 22000000,
      "capex": null,
      "gross_margin": null,
      "op_margin": 0.05425448868071819,
      "fcf_margin": 0.00858704137392662,
      "incr_op_margin_yoy": -0.07966101694915254,
      "rev_growth_yoy": 0.29918864097363085,
      "rev_growth_yoy_accel": -0.33189875062076546,
      "op_leverage_ratio": null,
      "fcf_margin_change": -0.012680852286605078
    },
    {
      "date": "2022-12-31T00:00:00",
      "quarter_label": "2022-12 (Q4)",
      "revenue": 2415000000,
      "gross_profit": null,
      "operating_income": 43000000,
      "net_income": 24000000,
      "opex": 2372000000,
      "cogs": null,
      "rd": null,
      "sga": null,
      "fcf": 58000000,
      "ocf": 58000000,
      "capex": null,
      "gross_margin": null,
      "op_margin": 0.01780538302277433,
      "fcf_margin": 0.02401656314699793,
      "incr_op_margin_yoy": 0.27882960413080893,
      "rev_growth_yoy": 0.31679389312977096,
      "rev_growth_yoy_accel": 0.017605252156140117,
      "fcf_margin_change": 0.015429521773071308
    },
    {
      "date": "2023-03-31T00:00:00",
      "quarter_label": "2023-03 (Q1)",
      "revenue": 2328000000,
      "gross_profit": null,
      "operating_income": -242000000,
      "net_income": -192000000,
      "opex": 2570000000,
      "cogs": null,
      "rd": null,
      "sga": null,
      "fcf": 405000000,
      "ocf": 405000000,
      "capex": null,
      "gross_margin": null,
      "op_margin": -0.10395189003436427,
      "fcf_margin": 0.17396907216494845,
      "incr_op_margin_yoy": 0.21114864864864866,
      "rev_growth_yoy": 0.34101382488479265,
      "rev_growth_yoy_accel": 0.024219931755021684,
      "fcf_margin_change": 0.1499525090179505
    },
    {
      "date": "2023-06-30T00:00:00",
      "quarter_label": "2023-06 (Q2)",
      "revenue": 2610000000,
      "gross_profit": null,
      "operating_income": 235000000,
      "net_income": 138000000,
      "opex": 2375000000,
      "cogs": null,
      "rd": null,
      "sga": null,
      "fcf": 258000000,
      "ocf": 258000000,
      "capex": null,
      "gross_margin": null,
      "op_margin": 0.09003831417624521,
      "fcf_margin": 0.09885057471264368,
      "incr_op_margin_yoy": 2.109090909090909,
      "rev_growth_yoy": 0.06748466257668712,
      "rev_growth_yoy_accel": -0.27352916230810553,
      "op_leverage_ratio": null,
      "fcf_margin_change": -0.07511849745230477
    },
    {
      "date": "2023-09-30T00:00:00",
      "quarter_label": "2023-09 (Q3)",
      "revenue": 2353000000,
      "gross_profit": null,
      "operating_income": -156000000,
      "net_income": -153000000,
      "opex": 2509000000,
      "cogs": null,
      "rd": null,
      "sga": null,
      "fcf": -177000000,
      "ocf": -177000000,
      "capex": null,
      "gross_margin": null,
      "op_margin": -0.06629834254143646,
      "fcf_margin": -0.07522311942201446,
      "incr_op_margin_yoy": 1.4114832535885167,
      "rev_growth_yoy": -0.08157689305230288,
      "rev_growth_yoy_accel": -0.14906155562898998,
      "fcf_margin_change": -0.17407369413465812
    },
    {
      "date": "2023-12-31T00:00:00",
      "quarter_label": "2023-12 (Q4)",
      "revenue": 2325000000,
      "gross_profit": null,
      "operating_income": -67000000,
      "net_income": -103000000,
      "opex": 2392000000,
      "cogs": null,
      "rd": null,
      "sga": null,
      "fcf": -86000000,
      "ocf": -86000000,
      "capex": null,
      "gross_margin": null,
      "op_margin": -0.028817204301075268,
      "fcf_margin": -0.036989247311827955,
      "incr_op_margin_yoy": 1.2222222222222223,
      "rev_growth_yoy": -0.037267080745341616,
      "rev_growth_yoy_accel": 0.044309812306961266,
      "fcf_margin_change": 0.0382338721101865
    },
    {
      "date": "2024-03-31T00:00:00",
      "quarter_label": "2024-03 (Q1)",
      "revenue": 2209000000,
      "gross_profit": null,
      "operating_income": -719000000,
      "net_income": -716000000,
      "opex": 2928000000,
      "cogs": null,
      "rd": null,
      "sga": null,
      "fcf": 204000000,
      "ocf": 204000000,
      "capex": null,
      "gross_margin": null,
      "op_margin": -0.3254866455409688,
      "fcf_margin": 0.09234947940244455,
      "incr_op_margin_yoy": 4.008403361344538,
      "rev_growth_yoy": -0.05111683848797251,
      "rev_growth_yoy_accel": -0.013849757742630892,
      "fcf_margin_change": 0.1293387267142725
    },
    {
      "date": "2024-06-30T00:00:00",
      "quarter_label": "2024-06 (Q2)",
      "revenue": 2428000000,
      "gross_profit": null,
      "operating_income": 57000000,
      "net_income": 25000000,
      "opex": 2371000000,
      "cogs": null,
      "rd": null,
      "sga": null,
      "fcf": -14000000,
      "ocf": -14000000,
      "capex": null,
      "gross_margin": null,
      "op_margin": 0.023476112026359144,
      "fcf_margin": -0.005766062602965404,
      "incr_op_margin_yoy": 0.978021978021978,
      "rev_growth_yoy": -0.06973180076628352,
      "rev_growth_yoy_accel": -0.018614962278311012,
      "op_leverage_ratio": null,
      "fcf_margin_change": -0.09811554200540995
    },
    {
      "date": "2024-09-30T00:00:00",
      "quarter_label": "2024-09 (Q3)",
      "revenue": 2365000000,
      "gross_profit": null,
      "operating_income": -38000000,
      "net_income": -60000000,
      "opex": 2403000000,
      "cogs": null,
      "rd": null,
      "sga": null,
      "fcf": -29000000,
      "ocf": -29000000,
      "capex": null,
      "gross_margin": null,
      "op_margin": -0.016067653276955602,
      "fcf_margin": -0.01226215644820296,
      "incr_op_margin_yoy": 9.833333333333334,
      "rev_growth_yoy": 0.005099872503187421,
      "rev_growth_yoy_accel": 0.07483167326947093,
      "fcf_margin_change": -0.006496093845237557
    },
    {
      "date": "2024-12-31T00:00:00",
      "quarter_label": "2024-12 (Q4)",
      "revenue": 2277000000,
      "gross_profit": null,
      "operating_income": 16000000,
      "net_income": -44000000,
      "opex": 2261000000,
      "cogs": null,
      "rd": null,
      "sga": null,
      "fcf": -17000000,
      "ocf": -17000000,
      "capex": null,
      "gross_margin": null,
      "op_margin": 0.007026789635485288,
      "fcf_margin": -0.007465963987703118,
      "incr_op_margin_yoy": -1.7291666666666667,
      "rev_growth_yoy": -0.02064516129032258,
      "rev_growth_yoy_accel": -0.02574503379351,
      "fcf_margin_change": 0.004796192460499843
    },
    {
      "date": "2025-03-31T00:00:00",
      "quarter_label": "2025-03 (Q1)",
      "revenue": 2140000000,
      "gross_profit": null,
      "operating_income": -174000000,
      "net_income": -208000000,
      "opex": 2314000000,
      "cogs": null,
      "rd": null,
      "sga": null,
      "fcf": 114000000,
      "ocf": 114000000,
      "capex": null,
      "gross_margin": null,
      "op_margin": -0.08130841121495327,
      "fcf_margin": 0.05327102803738318,
      "incr_op_margin_yoy": -7.898550724637682,
      "rev_growth_yoy": -0.03123585332729742,
      "rev_growth_yoy_accel": -0.010590692036974839,
      "fcf_margin_change": 0.0607369920250863
    },
    {
      "date": "2025-06-30T00:00:00",
      "quarter_label": "2025-06 (Q2)",
      "revenue": 2356000000,
      "gross_profit": null,
      "operating_income": 6000000,
      "net_income": -74000000,
      "opex": 2350000000,
      "cogs": null,
      "rd": null,
      "sga": null,
      "fcf": -115000000,
      "ocf": -115000000,
      "capex": null,
      "gross_margin": null,
      "op_margin": 0.0025466893039049238,
      "fcf_margin": -0.04881154499151104,
      "incr_op_margin_yoy": 0.7083333333333334,
      "rev_growth_yoy": -0.029654036243822075,
      "rev_growth_yoy_accel": 0.001581817083475344,
      "op_leverage_ratio": 6.487850467289721,
      "fcf_margin_change": -0.10208257302889422
    },
    {
      "date": "2025-09-30T00:00:00",
      "quarter_label": "2025-09 (Q3)",
      "revenue": 2322000000,
      "gross_profit": null,
      "operating_income": -100000000,
      "net_income": -143000000,
      "opex": 2422000000,
      "cogs": null,
      "rd": null,
      "sga": null,
      "fcf": -142000000,
      "ocf": -142000000,
      "capex": null,
      "gross_margin": null,
      "op_margin": -0.04306632213608958,
      "fcf_margin": -0.0611541774332472,
      "incr_op_margin_yoy": 1.441860465116279,
      "rev_growth_yoy": -0.01818181818181818,
      "rev_growth_yoy_accel": 0.011472218062003894,
      "fcf_margin_change": -0.01234263244173616
    },
    {
      "date": "2025-12-31T00:00:00",
      "quarter_label": "2025-12 (Q4)",
      "revenue": 2244000000,
      "gross_profit": null,
      "operating_income": -100000000,
      "net_income": -177000000,
      "opex": 2344000000,
      "cogs": null,
      "rd": null,
      "sga": null,
      "fcf": 49000000,
      "ocf": 49000000,
      "capex": null,
      "gross_margin": null,
      "op_margin": -0.044563279857397504,
      "fcf_margin": 0.021836007130124777,
      "incr_op_margin_yoy": 3.515151515151515,
      "rev_growth_yoy": -0.014492753623188406,
      "rev_growth_yoy_accel": 0.003689064558629775,
      "fcf_margin_change": 0.08299018456337198
    }
  ],
  "signals": [
    {
      "quarter": "2025-12 (Q4)",
      "signal": "FCF TURNED POSITIVE",
      "detail": "FCF margin: -6.1% -> +2.2%",
      "severity": "HIGH"
    },
    {
      "quarter": "2025-06 (Q2)",
      "signal": "OPERATING LEVERAGE",
      "detail": "Rev growth +10.1% vs OpEx growth +1.6% (leverage: 6.5x)",
      "severity": "MEDIUM"
    },
    {
      "quarter": "2025-06 (Q2)",
      "signal": "INCREMENTAL MARGIN (YoY)",
      "detail": "YoY Incr OPM: +70.8% vs year-ago OPM: +2.3%",
      "severity": "HIGH"
    },
    {
      "quarter": "2025-06 (Q2)",
      "signal": "OP MARGIN TURNED POSITIVE (QoQ)",
      "detail": "Op margin: -8.1% -> +0.3%",
      "severity": "HIGH"
    },
    {
      "quarter": "2025-03 (Q1)",
      "signal": "FCF TURNED POSITIVE",
      "detail": "FCF margin: -0.7% -> +5.3%",
      "severity": "HIGH"
    },
    {
      "quarter": "2024-12 (Q4)",
      "signal": "OP MARGIN TURNED POSITIVE (YoY)",
      "detail": "Op margin: -2.9% (year-ago) -> +0.7%",
      "severity": "HIGH"
    },
    {
      "quarter": "2024-12 (Q4)",
      "signal": "OP MARGIN TURNED POSITIVE (QoQ)",
      "detail": "Op margin: -1.6% -> +0.7%",
      "severity": "HIGH"
    },
    {
      "quarter": "2024-09 (Q3)",
      "signal": "YoY REVENUE GROWTH ACCELERATION",
      "detail": "YoY growth: +0.5% vs prior quarter YoY: -7.0% (accel: +7.5%)",
      "severity": "MEDIUM"
    },
    {
      "quarter": "2024-06 (Q2)",
      "signal": "INCREMENTAL MARGIN (YoY)",
      "detail": "YoY Incr OPM: +97.8% vs year-ago OPM: +9.0%",
      "severity": "HIGH"
    },
    {
      "quarter": "2024-06 (Q2)",
      "signal": "OP MARGIN TURNED POSITIVE (QoQ)",
      "detail": "Op margin: -32.5% -> +2.3%",
      "severity": "HIGH"
    },
    {
      "quarter": "2024-03 (Q1)",
      "signal": "FCF TURNED POSITIVE",
      "detail": "FCF margin: -3.7% -> +9.2%",
      "severity": "HIGH"
    },
    {
      "quarter": "2023-09 (Q3)",
      "signal": "YoY REVENUE GROWTH DECELERATION",
      "detail": "YoY growth: -8.2% vs prior quarter YoY: +6.7% (decel: -14.9%)",
      "severity": "WARNING"
    },
    {
      "quarter": "2023-06 (Q2)",
      "signal": "YoY REVENUE GROWTH DECELERATION",
      "detail": "YoY growth: +6.7% vs prior quarter YoY: +34.1% (decel: -27.4%)",
      "severity": "WARNING"
    },
    {
      "quarter": "2023-06 (Q2)",
      "signal": "OP MARGIN TURNED POSITIVE (YoY)",
      "detail": "Op margin: -4.6% (year-ago) -> +9.0%",
      "severity": "HIGH"
    },
    {
      "quarter": "2023-06 (Q2)",
      "signal": "OP MARGIN TURNED POSITIVE (QoQ)",
      "detail": "Op margin: -10.4% -> +9.0%",
      "severity": "HIGH"
    },
    {
      "quarter": "2023-03 (Q1)",
      "signal": "FCF MARGIN EXPANSION",
      "detail": "FCF margin: +2.4% -> +17.4% (+15.0%)",
      "severity": "MEDIUM"
    },
    {
      "quarter": "2022-12 (Q4)",
      "signal": "OP MARGIN TURNED POSITIVE (YoY)",
      "detail": "Op margin: -6.5% (year-ago) -> +1.8%",
      "severity": "HIGH"
    },
    {
      "quarter": "2022-09 (Q3)",
      "signal": "YoY REVENUE GROWTH DECELERATION",
      "detail": "YoY growth: +29.9% vs prior quarter YoY: +63.1% (decel: -33.2%)",
      "severity": "WARNING"
    },
    {
      "quarter": "2022-09 (Q3)",
      "signal": "OP MARGIN TURNED POSITIVE (QoQ)",
      "detail": "Op margin: -4.6% -> +5.4%",
      "severity": "HIGH"
    },
    {
      "quarter": "2022-06 (Q2)",
      "signal": "OPERATING LEVERAGE",
      "detail": "Rev growth +40.8% vs OpEx growth +21.6% (leverage: 1.9x)",
      "severity": "MEDIUM"
    },
    {
      "quarter": "2022-06 (Q2)",
      "signal": "YoY REVENUE GROWTH DECELERATION",
      "detail": "YoY growth: +63.1% vs prior quarter YoY: +136.8% (decel: -73.7%)",
      "severity": "WARNING"
    },
    {
      "quarter": "2022-03 (Q1)",
      "signal": "FCF TURNED POSITIVE",
      "detail": "FCF margin: -6.2% -> +14.2%",
      "severity": "HIGH"
    },
    {
      "quarter": "2021-06 (Q2)",
      "signal": "FCF MARGIN EXPANSION",
      "detail": "FCF margin: +24.1% -> +98.8% (+74.7%)",
      "severity": "MEDIUM"
    },
    {
      "quarter": "2021-06 (Q2)",
      "signal": "OPERATING LEVERAGE",
      "detail": "Rev growth +104.5% vs OpEx growth +31.6% (leverage: 3.3x)",
      "severity": "MEDIUM"
    },
    {
      "quarter": "2021-06 (Q2)",
      "signal": "OP MARGIN TURNED POSITIVE (QoQ)",
      "detail": "Op margin: -40.1% -> +9.8%",
      "severity": "HIGH"
    }
  ],
  "data_quality": {
    "n_quarters": 20,
    "coverage": {
      "revenue": [
        20,
        20
      ],
      "gross_profit": [
        0,
        20
      ],
      "op_income": [
        20,
        20
      ],
      "fcf": [
        20,
        20
      ]
    },
    "gaps": [],
    "warnings": [
      "gross_profit: no data"
    ]
  },
  "market_cap": null,
  "source": "SEC EDGAR",
  "last_updated": "2026-02-13T11:36:10.839270"
}