{
  "ticker": "JBSS",
  "name": "SANFILIPPO JOHN B & SON INC",
  "quarters": [
    {
      "date": "2021-03-25T00:00:00",
      "quarter_label": "2021-03 (Q1)",
      "revenue": 207892000,
      "gross_profit": 46046000,
      "operating_income": 21097000,
      "net_income": 14701000,
      "opex": 24949000,
      "cogs": 161846000,
      "rd": null,
      "sga": null,
      "fcf": 10443000,
      "ocf": 15091000,
      "capex": -4648000,
      "gross_margin": 0.22149000442537473,
      "op_margin": 0.10148057645315837,
      "fcf_margin": 0.0502328131914648
    },
    {
      "date": "2021-06-24T00:00:00",
      "quarter_label": "2021-06 (Q2)",
      "revenue": 206742000,
      "gross_profit": 46814000,
      "operating_income": 17412000,
      "net_income": 12343000,
      "opex": 29402000,
      "cogs": 159928000,
      "rd": null,
      "sga": null,
      "fcf": 18264000,
      "ocf": 27671000,
      "capex": -9407000,
      "gross_margin": 0.22643681496744736,
      "op_margin": 0.08422091302202746,
      "fcf_margin": 0.08834199146762632,
      "fcf_margin_change": 0.038109178276161525
    },
    {
      "date": "2021-09-23T00:00:00",
      "quarter_label": "2021-09 (Q3)",
      "revenue": 226329000,
      "gross_profit": 51803000,
      "operating_income": 27338000,
      "net_income": 19249000,
      "opex": 24465000,
      "cogs": 174526000,
      "rd": null,
      "sga": null,
      "fcf": -4207000,
      "ocf": 903000,
      "capex": -5110000,
      "gross_margin": 0.22888361632844223,
      "op_margin": 0.12078876326056316,
      "fcf_margin": -0.018587984747867044,
      "op_leverage_ratio": Infinity,
      "fcf_margin_change": -0.10692997621549337
    },
    {
      "date": "2021-12-23T00:00:00",
      "quarter_label": "2021-12 (Q4)",
      "revenue": 253207000,
      "gross_profit": 52230000,
      "operating_income": 18262000,
      "net_income": 13247000,
      "opex": 33968000,
      "cogs": 200977000,
      "rd": null,
      "sga": null,
      "fcf": 10542000,
      "ocf": 14917000,
      "capex": -4375000,
      "gross_margin": 0.20627391817761753,
      "op_margin": 0.07212280861113635,
      "fcf_margin": 0.04163392007329971,
      "op_leverage_ratio": 0.3057322383203676,
      "fcf_margin_change": 0.06022190482116675
    },
    {
      "date": "2022-03-24T00:00:00",
      "quarter_label": "2022-03 (Q1)",
      "revenue": 218584000,
      "gross_profit": 39409000,
      "operating_income": 17424000,
      "net_income": 11877000,
      "opex": 21985000,
      "cogs": 179175000,
      "rd": null,
      "sga": null,
      "fcf": -31726000,
      "ocf": -28375000,
      "capex": -3351000,
      "gross_margin": 0.1802922446290671,
      "op_margin": 0.07971306225524284,
      "fcf_margin": -0.1451432858763679,
      "incr_op_margin_yoy": -0.3435278713056491,
      "rev_growth_yoy": 0.05143055047813288,
      "fcf_margin_change": -0.18677720594966762
    },
    {
      "date": "2022-06-30T00:00:00",
      "quarter_label": "2022-06 (Q2)",
      "revenue": 257748000,
      "gross_profit": 56185000,
      "operating_income": 24413000,
      "net_income": 17414000,
      "opex": 31772000,
      "cogs": 201563000,
      "rd": null,
      "sga": null,
      "fcf": 27241000,
      "ocf": 32159000,
      "capex": -4918000,
      "gross_margin": 0.21798423266135916,
      "op_margin": 0.09471654484224902,
      "fcf_margin": 0.10568850194763878,
      "incr_op_margin_yoy": 0.1372583617613614,
      "rev_growth_yoy": 0.24671329483123894,
      "rev_growth_yoy_accel": 0.19528274435310605,
      "op_leverage_ratio": 0.4024811585254371,
      "fcf_margin_change": 0.25083178782400667
    },
    {
      "date": "2022-09-29T00:00:00",
      "quarter_label": "2022-09 (Q3)",
      "revenue": 252601000,
      "gross_profit": 50643000,
      "operating_income": 22414000,
      "net_income": 15545000,
      "opex": 28229000,
      "cogs": 201958000,
      "rd": null,
      "sga": null,
      "fcf": 24728000,
      "ocf": 30646000,
      "capex": -5918000,
      "gross_margin": 0.20048614217679264,
      "op_margin": 0.08873282370220228,
      "fcf_margin": 0.09789351586098234,
      "incr_op_margin_yoy": -0.18742387332521315,
      "rev_growth_yoy": 0.11607880563250843,
      "rev_growth_yoy_accel": -0.1306344891987305,
      "fcf_margin_change": -0.007794986086656436
    },
    {
      "date": "2022-12-29T00:00:00",
      "quarter_label": "2022-12 (Q4)",
      "revenue": 274328000,
      "gross_profit": 56502000,
      "operating_income": 24464000,
      "net_income": 16907000,
      "opex": 32038000,
      "cogs": 217826000,
      "rd": null,
      "sga": null,
      "fcf": 34804000,
      "ocf": 40306000,
      "capex": -5502000,
      "gross_margin": 0.20596512204368495,
      "op_margin": 0.089177918404246,
      "fcf_margin": 0.12687002420460178,
      "incr_op_margin_yoy": 0.29364139955494534,
      "rev_growth_yoy": 0.08341396564865901,
      "rev_growth_yoy_accel": -0.03266483998384942,
      "op_leverage_ratio": 0.6374545420050997,
      "fcf_margin_change": 0.028976508343619437
    },
    {
      "date": "2023-03-30T00:00:00",
      "quarter_label": "2023-03 (Q1)",
      "revenue": 238535000,
      "gross_profit": 49768000,
      "operating_income": 21818000,
      "net_income": 15732000,
      "opex": 27950000,
      "cogs": 188767000,
      "rd": null,
      "sga": null,
      "fcf": -2729000,
      "ocf": 1437000,
      "capex": -4166000,
      "gross_margin": 0.20864024147399754,
      "op_margin": 0.0914666610769908,
      "fcf_margin": -0.01144066908420148,
      "incr_op_margin_yoy": 0.2202395869881209,
      "rev_growth_yoy": 0.09127383523039198,
      "rev_growth_yoy_accel": 0.007859869581732973,
      "fcf_margin_change": -0.13831069328880324
    },
    {
      "date": "2023-06-29T00:00:00",
      "quarter_label": "2023-06 (Q2)",
      "revenue": 234222000,
      "gross_profit": 54718000,
      "operating_income": 21528000,
      "net_income": 14673000,
      "opex": 33190000,
      "cogs": 179504000,
      "rd": null,
      "sga": null,
      "fcf": 47120000,
      "ocf": 52266000,
      "capex": -5146000,
      "gross_margin": 0.23361597117264818,
      "op_margin": 0.09191280067628148,
      "fcf_margin": 0.20117666145793306,
      "incr_op_margin_yoy": 0.12263028139080166,
      "rev_growth_yoy": -0.09127519903161227,
      "rev_growth_yoy_accel": -0.18254903426200425,
      "fcf_margin_change": 0.21261733054213455
    },
    {
      "date": "2023-09-28T00:00:00",
      "quarter_label": "2023-09 (Q3)",
      "revenue": 234105000,
      "gross_profit": 57022000,
      "operating_income": 24577000,
      "net_income": 17588000,
      "opex": 32445000,
      "cogs": 177083000,
      "rd": null,
      "sga": null,
      "fcf": 15888000,
      "ocf": 21881000,
      "capex": -5993000,
      "gross_margin": 0.24357446444971273,
      "op_margin": 0.10498280686016959,
      "fcf_margin": 0.0678669827641443,
      "incr_op_margin_yoy": -0.11694420415224914,
      "rev_growth_yoy": -0.07322219627000685,
      "rev_growth_yoy_accel": 0.018053002761605416,
      "fcf_margin_change": -0.13330967869378876
    },
    {
      "date": "2023-12-28T00:00:00",
      "quarter_label": "2023-12 (Q4)",
      "revenue": 291222000,
      "gross_profit": 57939000,
      "operating_income": 27601000,
      "net_income": 19171000,
      "opex": 30338000,
      "cogs": 233283000,
      "rd": null,
      "sga": null,
      "fcf": 34402000,
      "ocf": 39291000,
      "capex": -4889000,
      "gross_margin": 0.1989513154912747,
      "op_margin": 0.09477649353414234,
      "fcf_margin": 0.11812981162137476,
      "incr_op_margin_yoy": 0.18568722623416598,
      "rev_growth_yoy": 0.0615832142544691,
      "rev_growth_yoy_accel": 0.13480541052447595,
      "op_leverage_ratio": Infinity,
      "fcf_margin_change": 0.05026282885723046
    },
    {
      "date": "2024-03-28T00:00:00",
      "quarter_label": "2024-03 (Q1)",
      "revenue": 271884000,
      "gross_profit": 49177000,
      "operating_income": 18352000,
      "net_income": 13477000,
      "opex": 30825000,
      "cogs": 222707000,
      "rd": null,
      "sga": null,
      "fcf": -1320000,
      "ocf": 5266000,
      "capex": -6586000,
      "gross_margin": 0.18087493195627546,
      "op_margin": 0.06749937473334217,
      "fcf_margin": -0.004855011696164541,
      "incr_op_margin_yoy": -0.10393115235839155,
      "rev_growth_yoy": 0.139807575408221,
      "rev_growth_yoy_accel": 0.07822436115375189,
      "fcf_margin_change": -0.1229848233175393
    },
    {
      "date": "2024-06-27T00:00:00",
      "quarter_label": "2024-06 (Q2)",
      "revenue": 269572000,
      "gross_profit": 50001000,
      "operating_income": 14657000,
      "net_income": 10013000,
      "opex": 35344000,
      "cogs": 219571000,
      "rd": null,
      "sga": null,
      "fcf": 24391000,
      "ocf": 35235000,
      "capex": -10844000,
      "gross_margin": 0.18548291365572092,
      "op_margin": 0.0543713738815604,
      "fcf_margin": 0.09048046533022717,
      "incr_op_margin_yoy": -0.19437057991513437,
      "rev_growth_yoy": 0.15092519063111065,
      "rev_growth_yoy_accel": 0.011117615222889649,
      "fcf_margin_change": 0.09533547702639171
    },
    {
      "date": "2024-09-26T00:00:00",
      "quarter_label": "2024-09 (Q3)",
      "revenue": 276196000,
      "gross_profit": 46544000,
      "operating_income": 17007000,
      "net_income": 11659000,
      "opex": 29537000,
      "cogs": 229652000,
      "rd": null,
      "sga": null,
      "fcf": -2966000,
      "ocf": 8934000,
      "capex": -11900000,
      "gross_margin": 0.16851800895016583,
      "op_margin": 0.06157583744876827,
      "fcf_margin": -0.010738750742226535,
      "incr_op_margin_yoy": -0.17984842365351264,
      "rev_growth_yoy": 0.1797953909570492,
      "rev_growth_yoy_accel": 0.02887020032593854,
      "op_leverage_ratio": Infinity,
      "fcf_margin_change": -0.10121921607245371
    },
    {
      "date": "2024-12-26T00:00:00",
      "quarter_label": "2024-12 (Q4)",
      "revenue": 301067000,
      "gross_profit": 52251000,
      "operating_income": 19369000,
      "net_income": 13595000,
      "opex": 32882000,
      "cogs": 248816000,
      "rd": null,
      "sga": null,
      "fcf": -2666000,
      "ocf": 10982000,
      "capex": -13648000,
      "gross_margin": 0.17355273078749914,
      "op_margin": 0.06433451690155348,
      "fcf_margin": -0.008855171772396177,
      "incr_op_margin_yoy": -0.8361604875571356,
      "rev_growth_yoy": 0.033805825109366736,
      "rev_growth_yoy_accel": -0.14598956584768247,
      "op_leverage_ratio": 0.795144618060167,
      "fcf_margin_change": 0.0018835789698303587
    },
    {
      "date": "2025-03-27T00:00:00",
      "quarter_label": "2025-03 (Q1)",
      "revenue": 260907000,
      "gross_profit": 55893000,
      "operating_income": 28197000,
      "net_income": 20153000,
      "opex": 27696000,
      "cogs": 205014000,
      "rd": null,
      "sga": null,
      "fcf": -37581000,
      "ocf": -25902000,
      "capex": -11679000,
      "gross_margin": 0.21422575860364038,
      "op_margin": 0.10807299152571606,
      "fcf_margin": -0.1440398302843542,
      "incr_op_margin_yoy": -0.896875284686162,
      "rev_growth_yoy": -0.04037383590060467,
      "rev_growth_yoy_accel": -0.0741796610099714,
      "fcf_margin_change": -0.13518465851195802
    },
    {
      "date": "2025-06-26T00:00:00",
      "quarter_label": "2025-06 (Q2)",
      "revenue": 269076000,
      "gross_profit": 48783000,
      "operating_income": 20138000,
      "net_income": 13527000,
      "opex": 28645000,
      "cogs": 220293000,
      "rd": null,
      "sga": null,
      "fcf": 23046000,
      "ocf": 36531000,
      "capex": -13485000,
      "gross_margin": 0.18129822057708603,
      "op_margin": 0.07484130877521593,
      "fcf_margin": 0.08564866431788788,
      "rev_growth_yoy": -0.0018399537043906637,
      "rev_growth_yoy_accel": 0.03853388219621401,
      "op_leverage_ratio": 0.913763913866769,
      "fcf_margin_change": 0.22968849460224205
    },
    {
      "date": "2025-09-25T00:00:00",
      "quarter_label": "2025-09 (Q3)",
      "revenue": 298683000,
      "gross_profit": 54094000,
      "operating_income": 27017000,
      "net_income": 18726000,
      "opex": 27077000,
      "cogs": 244589000,
      "rd": null,
      "sga": null,
      "fcf": 7256000,
      "ocf": 32134000,
      "capex": -24878000,
      "gross_margin": 0.181108399205847,
      "op_margin": 0.09045375866721575,
      "fcf_margin": 0.024293314316516174,
      "incr_op_margin_yoy": 0.4451460844043225,
      "rev_growth_yoy": 0.08141681993946329,
      "rev_growth_yoy_accel": 0.08325677364385395,
      "op_leverage_ratio": Infinity,
      "fcf_margin_change": -0.06135535000137171
    },
    {
      "date": "2025-12-25T00:00:00",
      "quarter_label": "2025-12 (Q4)",
      "revenue": 314777000,
      "gross_profit": 59169000,
      "operating_income": 25975000,
      "net_income": 17957000,
      "opex": 33194000,
      "cogs": 255608000,
      "rd": null,
      "sga": null,
      "fcf": 40046000,
      "ocf": 62491000,
      "capex": -22445000,
      "gross_margin": 0.1879711668895758,
      "op_margin": 0.08251873548575658,
      "fcf_margin": 0.12722022257026402,
      "incr_op_margin_yoy": 0.48183807439824944,
      "rev_growth_yoy": 0.04553803638392783,
      "rev_growth_yoy_accel": -0.035878783555535455,
      "op_leverage_ratio": 0.23851492313695136,
      "fcf_margin_change": 0.10292690825374785
    }
  ],
  "signals": [
    {
      "quarter": "2025-12 (Q4)",
      "signal": "FCF MARGIN EXPANSION",
      "detail": "FCF margin: +2.4% -> +12.7% (+10.3%)",
      "severity": "MEDIUM"
    },
    {
      "quarter": "2025-12 (Q4)",
      "signal": "INCREMENTAL MARGIN (YoY)",
      "detail": "YoY Incr OPM: +48.2% vs year-ago OPM: +6.4%",
      "severity": "HIGH"
    },
    {
      "quarter": "2025-09 (Q3)",
      "signal": "YoY REVENUE GROWTH ACCELERATION",
      "detail": "YoY growth: +8.1% vs prior quarter YoY: -0.2% (accel: +8.3%)",
      "severity": "MEDIUM"
    },
    {
      "quarter": "2025-09 (Q3)",
      "signal": "INCREMENTAL MARGIN (YoY)",
      "detail": "YoY Incr OPM: +44.5% vs year-ago OPM: +6.2%",
      "severity": "HIGH"
    },
    {
      "quarter": "2025-06 (Q2)",
      "signal": "FCF TURNED POSITIVE",
      "detail": "FCF margin: -14.4% -> +8.6%",
      "severity": "HIGH"
    },
    {
      "quarter": "2025-03 (Q1)",
      "signal": "YoY REVENUE GROWTH DECELERATION",
      "detail": "YoY growth: -4.0% vs prior quarter YoY: +3.4% (decel: -7.4%)",
      "severity": "WARNING"
    },
    {
      "quarter": "2024-12 (Q4)",
      "signal": "YoY REVENUE GROWTH DECELERATION",
      "detail": "YoY growth: +3.4% vs prior quarter YoY: +18.0% (decel: -14.6%)",
      "severity": "WARNING"
    },
    {
      "quarter": "2024-06 (Q2)",
      "signal": "FCF TURNED POSITIVE",
      "detail": "FCF margin: -0.5% -> +9.0%",
      "severity": "HIGH"
    },
    {
      "quarter": "2024-03 (Q1)",
      "signal": "YoY REVENUE GROWTH ACCELERATION",
      "detail": "YoY growth: +14.0% vs prior quarter YoY: +6.2% (accel: +7.8%)",
      "severity": "MEDIUM"
    },
    {
      "quarter": "2023-12 (Q4)",
      "signal": "FCF MARGIN EXPANSION",
      "detail": "FCF margin: +6.8% -> +11.8% (+5.0%)",
      "severity": "MEDIUM"
    },
    {
      "quarter": "2023-12 (Q4)",
      "signal": "YoY REVENUE GROWTH ACCELERATION",
      "detail": "YoY growth: +6.2% vs prior quarter YoY: -7.3% (accel: +13.5%)",
      "severity": "MEDIUM"
    },
    {
      "quarter": "2023-06 (Q2)",
      "signal": "FCF TURNED POSITIVE",
      "detail": "FCF margin: -1.1% -> +20.1%",
      "severity": "HIGH"
    },
    {
      "quarter": "2023-06 (Q2)",
      "signal": "YoY REVENUE GROWTH DECELERATION",
      "detail": "YoY growth: -9.1% vs prior quarter YoY: +9.1% (decel: -18.3%)",
      "severity": "WARNING"
    },
    {
      "quarter": "2023-03 (Q1)",
      "signal": "INCREMENTAL MARGIN (YoY)",
      "detail": "YoY Incr OPM: +22.0% vs year-ago OPM: +8.0%",
      "severity": "MEDIUM"
    },
    {
      "quarter": "2022-12 (Q4)",
      "signal": "INCREMENTAL MARGIN (YoY)",
      "detail": "YoY Incr OPM: +29.4% vs year-ago OPM: +7.2%",
      "severity": "HIGH"
    },
    {
      "quarter": "2022-09 (Q3)",
      "signal": "YoY REVENUE GROWTH DECELERATION",
      "detail": "YoY growth: +11.6% vs prior quarter YoY: +24.7% (decel: -13.1%)",
      "severity": "WARNING"
    },
    {
      "quarter": "2022-06 (Q2)",
      "signal": "FCF TURNED POSITIVE",
      "detail": "FCF margin: -14.5% -> +10.6%",
      "severity": "HIGH"
    },
    {
      "quarter": "2022-06 (Q2)",
      "signal": "GROSS MARGIN INFLECTION",
      "detail": "GM: +20.6% -> +18.0% -> +21.8% (reversal +3.8%)",
      "severity": "MEDIUM"
    },
    {
      "quarter": "2022-06 (Q2)",
      "signal": "YoY REVENUE GROWTH ACCELERATION",
      "detail": "YoY growth: +24.7% vs prior quarter YoY: +5.1% (accel: +19.5%)",
      "severity": "HIGH"
    },
    {
      "quarter": "2021-12 (Q4)",
      "signal": "FCF TURNED POSITIVE",
      "detail": "FCF margin: -1.9% -> +4.2%",
      "severity": "HIGH"
    }
  ],
  "data_quality": {
    "n_quarters": 20,
    "coverage": {
      "revenue": [
        20,
        20
      ],
      "gross_profit": [
        20,
        20
      ],
      "op_income": [
        20,
        20
      ],
      "fcf": [
        20,
        20
      ]
    },
    "gaps": [],
    "warnings": []
  },
  "market_cap": null,
  "source": "SEC EDGAR",
  "last_updated": "2026-02-02T22:06:13.240419",
  "sector": "Consumer Defensive",
  "industry": "Packaged Foods"
}