{
  "ticker": "JBTM",
  "name": "JBT Marel Corporation",
  "quarters": [
    {
      "date": "2020-12-31T00:00:00",
      "quarter_label": "2020-12 (Q4)",
      "revenue": 439400000,
      "gross_profit": null,
      "operating_income": 43500000,
      "net_income": 30100000,
      "opex": null,
      "cogs": null,
      "rd": null,
      "sga": 88900000,
      "fcf": 90900000,
      "ocf": 90900000,
      "capex": null,
      "gross_margin": null,
      "op_margin": 0.09899863450159307,
      "fcf_margin": 0.20687300864815658
    },
    {
      "date": "2021-03-31T00:00:00",
      "quarter_label": "2021-03 (Q1)",
      "revenue": 417800000,
      "gross_profit": null,
      "operating_income": 37800000,
      "net_income": 27000000,
      "opex": null,
      "cogs": null,
      "rd": null,
      "sga": 94400000,
      "fcf": 85700000,
      "ocf": 85700000,
      "capex": null,
      "gross_margin": null,
      "op_margin": 0.09047391096218287,
      "fcf_margin": 0.2051220679751077,
      "fcf_margin_change": -0.001750940673048873
    },
    {
      "date": "2021-06-30T00:00:00",
      "quarter_label": "2021-06 (Q2)",
      "revenue": 475500000,
      "gross_profit": null,
      "operating_income": 47300000,
      "net_income": 30500000,
      "opex": null,
      "cogs": null,
      "rd": null,
      "sga": 101600000,
      "fcf": 44600000,
      "ocf": 44600000,
      "capex": null,
      "gross_margin": null,
      "op_margin": 0.09947423764458464,
      "fcf_margin": 0.09379600420609885,
      "fcf_margin_change": -0.11132606376900886
    },
    {
      "date": "2021-09-30T00:00:00",
      "quarter_label": "2021-09 (Q3)",
      "revenue": 477400000,
      "gross_profit": null,
      "operating_income": 40500000,
      "net_income": 29300000,
      "opex": null,
      "cogs": null,
      "rd": null,
      "sga": 100900000,
      "fcf": 33000000,
      "ocf": 33000000,
      "capex": null,
      "gross_margin": null,
      "op_margin": 0.08483452031839128,
      "fcf_margin": 0.06912442396313365,
      "fcf_margin_change": -0.024671580242965202
    },
    {
      "date": "2021-12-31T00:00:00",
      "quarter_label": "2021-12 (Q4)",
      "revenue": 497600000,
      "gross_profit": null,
      "operating_income": 34500000,
      "net_income": 31600000,
      "opex": null,
      "cogs": null,
      "rd": null,
      "sga": 104200000,
      "fcf": 62400000,
      "ocf": 62400000,
      "capex": null,
      "gross_margin": null,
      "op_margin": 0.06933279742765273,
      "fcf_margin": 0.12540192926045016,
      "incr_op_margin_yoy": -0.15463917525773196,
      "rev_growth_yoy": 0.13245334547109694,
      "fcf_margin_change": 0.05627750529731651
    },
    {
      "date": "2022-03-31T00:00:00",
      "quarter_label": "2022-03 (Q1)",
      "revenue": 469200000,
      "gross_profit": 232800000,
      "operating_income": 30600000,
      "net_income": 25600000,
      "opex": 202200000,
      "cogs": 236400000,
      "rd": null,
      "sga": 108400000,
      "fcf": 39100000,
      "ocf": 39100000,
      "capex": null,
      "gross_margin": 0.4961636828644501,
      "op_margin": 0.06521739130434782,
      "fcf_margin": 0.08333333333333333,
      "incr_op_margin_yoy": -0.14007782101167315,
      "rev_growth_yoy": 0.12302537099090474,
      "rev_growth_yoy_accel": -0.009427974480192197,
      "fcf_margin_change": -0.04206859592711683
    },
    {
      "date": "2022-06-30T00:00:00",
      "quarter_label": "2022-06 (Q2)",
      "revenue": 542300000,
      "gross_profit": 277500000,
      "operating_income": 42200000,
      "net_income": 33400000,
      "opex": 235300000,
      "cogs": 264800000,
      "rd": null,
      "sga": 108300000,
      "fcf": 5700000,
      "ocf": 5700000,
      "capex": null,
      "gross_margin": 0.5117093859487368,
      "op_margin": 0.07781670661995206,
      "fcf_margin": 0.010510787387055135,
      "incr_op_margin_yoy": -0.07634730538922156,
      "rev_growth_yoy": 0.14048370136698213,
      "rev_growth_yoy_accel": 0.017458330376077386,
      "op_leverage_ratio": 0.9517273085511625,
      "fcf_margin_change": -0.0728225459462782
    },
    {
      "date": "2022-09-30T00:00:00",
      "quarter_label": "2022-09 (Q3)",
      "revenue": 555400000,
      "gross_profit": 293200000,
      "operating_income": 45900000,
      "net_income": 34200000,
      "opex": 247300000,
      "cogs": 262200000,
      "rd": null,
      "sga": 112300000,
      "fcf": 29800000,
      "ocf": 29800000,
      "capex": null,
      "gross_margin": 0.5279078141879726,
      "op_margin": 0.08264314007922219,
      "fcf_margin": 0.053655023406553835,
      "incr_op_margin_yoy": 0.06923076923076923,
      "rev_growth_yoy": 0.16338500209467952,
      "rev_growth_yoy_accel": 0.022901300727697388,
      "op_leverage_ratio": 0.47366617493392343,
      "fcf_margin_change": 0.0431442360194987
    },
    {
      "date": "2022-12-31T00:00:00",
      "quarter_label": "2022-12 (Q4)",
      "revenue": 441200000,
      "gross_profit": 143700000,
      "operating_income": 49700000,
      "net_income": 41000000,
      "opex": 94000000,
      "cogs": 297500000,
      "rd": null,
      "sga": 112900000,
      "fcf": 67700000,
      "ocf": 67700000,
      "capex": null,
      "gross_margin": 0.3257026291931097,
      "op_margin": 0.11264732547597461,
      "fcf_margin": 0.15344514959202177,
      "incr_op_margin_yoy": -0.2695035460992908,
      "rev_growth_yoy": -0.11334405144694534,
      "rev_growth_yoy_accel": -0.27672905354162486,
      "fcf_margin_change": 0.09979012618546793
    },
    {
      "date": "2023-03-31T00:00:00",
      "quarter_label": "2023-03 (Q1)",
      "revenue": 529500000,
      "gross_profit": 273900000,
      "operating_income": 40000000,
      "net_income": 25600000,
      "opex": 233900000,
      "cogs": 255600000,
      "rd": null,
      "sga": 117800000,
      "fcf": 21600000,
      "ocf": 21600000,
      "capex": null,
      "gross_margin": 0.5172804532577904,
      "op_margin": 0.07554296506137866,
      "fcf_margin": 0.040793201133144476,
      "incr_op_margin_yoy": 0.1558872305140962,
      "rev_growth_yoy": 0.1285166240409207,
      "rev_growth_yoy_accel": 0.24186067548786605,
      "op_leverage_ratio": 0.13447307589866353,
      "fcf_margin_change": -0.1126519484588773
    },
    {
      "date": "2023-06-30T00:00:00",
      "quarter_label": "2023-06 (Q2)",
      "revenue": 427700000,
      "gross_profit": 147200000,
      "operating_income": 43400000,
      "net_income": 31000000,
      "opex": 103800000,
      "cogs": 280500000,
      "rd": null,
      "sga": 100400000,
      "fcf": null,
      "ocf": null,
      "capex": null,
      "gross_margin": 0.3441664718260463,
      "op_margin": 0.10147299509001637,
      "fcf_margin": null,
      "incr_op_margin_yoy": -0.010471204188481676,
      "rev_growth_yoy": -0.2113221464134243,
      "rev_growth_yoy_accel": -0.339838770454345
    },
    {
      "date": "2023-09-30T00:00:00",
      "quarter_label": "2023-09 (Q3)",
      "revenue": 403600000,
      "gross_profit": 144800000,
      "operating_income": 36000000,
      "net_income": 467600000,
      "opex": 108800000,
      "cogs": 258800000,
      "rd": null,
      "sga": 101500000,
      "fcf": null,
      "ocf": null,
      "capex": null,
      "gross_margin": 0.3587710604558969,
      "op_margin": 0.08919722497522299,
      "fcf_margin": null,
      "incr_op_margin_yoy": 0.06521739130434782,
      "rev_growth_yoy": -0.27331652862801586,
      "rev_growth_yoy_accel": -0.061994382214591554
    },
    {
      "date": "2023-12-31T00:00:00",
      "quarter_label": "2023-12 (Q4)",
      "revenue": 444600000,
      "gross_profit": 160800000,
      "operating_income": 57800000,
      "net_income": 81100000,
      "opex": 103000000,
      "cogs": 283800000,
      "rd": null,
      "sga": 104000000,
      "fcf": null,
      "ocf": null,
      "capex": null,
      "gross_margin": 0.3616734143049933,
      "op_margin": 0.13000449842555106,
      "fcf_margin": null,
      "incr_op_margin_yoy": 2.3823529411764706,
      "rev_growth_yoy": 0.0077062556663644605,
      "rev_growth_yoy_accel": 0.2810227842943803,
      "op_leverage_ratio": Infinity
    },
    {
      "date": "2024-03-31T00:00:00",
      "quarter_label": "2024-03 (Q1)",
      "revenue": 392300000,
      "gross_profit": 140300000,
      "operating_income": 29100000,
      "net_income": 22800000,
      "opex": 111200000,
      "cogs": 252000000,
      "rd": 6400000,
      "sga": 110100000,
      "fcf": null,
      "ocf": null,
      "capex": null,
      "gross_margin": 0.35763446342085137,
      "op_margin": 0.07417792505735407,
      "fcf_margin": null,
      "incr_op_margin_yoy": 0.0794460641399417,
      "rev_growth_yoy": -0.2591123701605288,
      "rev_growth_yoy_accel": -0.26681862582689325
    },
    {
      "date": "2024-06-30T00:00:00",
      "quarter_label": "2024-06 (Q2)",
      "revenue": 402300000,
      "gross_profit": 143200000,
      "operating_income": 26800000,
      "net_income": 30700000,
      "opex": 116400000,
      "cogs": 259100000,
      "rd": 5800000,
      "sga": 116200000,
      "fcf": null,
      "ocf": null,
      "capex": null,
      "gross_margin": 0.35595326870494653,
      "op_margin": 0.0666169525229928,
      "fcf_margin": null,
      "incr_op_margin_yoy": 0.6535433070866141,
      "rev_growth_yoy": -0.059387421089548746,
      "rev_growth_yoy_accel": 0.19972494907098004,
      "op_leverage_ratio": 0.5451087276221103
    },
    {
      "date": "2024-09-30T00:00:00",
      "quarter_label": "2024-09 (Q3)",
      "revenue": 453800000,
      "gross_profit": 163600000,
      "operating_income": 46800000,
      "net_income": 38900000,
      "opex": 116800000,
      "cogs": 290200000,
      "rd": 5400000,
      "sga": 117000000,
      "fcf": null,
      "ocf": null,
      "capex": null,
      "gross_margin": 0.3605112384310269,
      "op_margin": 0.10312913177611283,
      "fcf_margin": null,
      "incr_op_margin_yoy": 0.2151394422310757,
      "rev_growth_yoy": 0.12438057482656095,
      "rev_growth_yoy_accel": 0.1837679959161097,
      "op_leverage_ratio": 37.252050708426545
    },
    {
      "date": "2024-12-31T00:00:00",
      "quarter_label": "2024-12 (Q4)",
      "revenue": 467600000,
      "gross_profit": 179400000,
      "operating_income": 15700000,
      "net_income": -7000000,
      "opex": 163700000,
      "cogs": 288200000,
      "rd": 3300000,
      "sga": null,
      "fcf": null,
      "ocf": null,
      "capex": null,
      "gross_margin": 0.38366124893071,
      "op_margin": 0.03357570573139435,
      "fcf_margin": null,
      "incr_op_margin_yoy": -1.8304347826086957,
      "rev_growth_yoy": 0.051731893837157,
      "rev_growth_yoy_accel": -0.07264868098940395,
      "op_leverage_ratio": 0.07573290131850349
    },
    {
      "date": "2025-03-31T00:00:00",
      "quarter_label": "2025-03 (Q1)",
      "revenue": 854100000,
      "gross_profit": 292500000,
      "operating_income": -33400000,
      "net_income": -173000000,
      "opex": 325900000,
      "cogs": 561600000,
      "rd": 33600000,
      "sga": 281700000,
      "fcf": null,
      "ocf": null,
      "capex": null,
      "gross_margin": 0.3424657534246575,
      "op_margin": -0.03910549116028568,
      "fcf_margin": null,
      "incr_op_margin_yoy": -0.135339974014725,
      "rev_growth_yoy": 1.1771603364771859,
      "rev_growth_yoy_accel": 1.125428442640029,
      "op_leverage_ratio": 0.8342050705705025
    },
    {
      "date": "2025-06-30T00:00:00",
      "quarter_label": "2025-06 (Q2)",
      "revenue": 934800000,
      "gross_profit": 334200000,
      "operating_income": 48400000,
      "net_income": 3400000,
      "opex": 285800000,
      "cogs": 600600000,
      "rd": 30900000,
      "sga": 250400000,
      "fcf": null,
      "ocf": null,
      "capex": null,
      "gross_margin": 0.3575096277278562,
      "op_margin": 0.051775780915703895,
      "fcf_margin": null,
      "incr_op_margin_yoy": 0.04056338028169014,
      "rev_growth_yoy": 1.3236390753169276,
      "rev_growth_yoy_accel": 0.14647873883974172,
      "op_leverage_ratio": Infinity
    },
    {
      "date": "2025-09-30T00:00:00",
      "quarter_label": "2025-09 (Q3)",
      "revenue": 1001300000,
      "gross_profit": 359800000,
      "operating_income": 102100000,
      "net_income": 66000000,
      "opex": 257700000,
      "cogs": 641500000,
      "rd": 28700000,
      "sga": 222000000,
      "fcf": null,
      "ocf": null,
      "capex": null,
      "gross_margin": 0.3593328672725457,
      "op_margin": 0.10196744232497752,
      "fcf_margin": null,
      "incr_op_margin_yoy": 0.10100456621004567,
      "rev_growth_yoy": 1.2064786249449098,
      "rev_growth_yoy_accel": -0.11716045037201783,
      "op_leverage_ratio": Infinity
    }
  ],
  "signals": [
    {
      "quarter": "2025-09 (Q3)",
      "signal": "YoY REVENUE GROWTH DECELERATION",
      "detail": "YoY growth: +120.6% vs prior quarter YoY: +132.4% (decel: -11.7%)",
      "severity": "WARNING"
    },
    {
      "quarter": "2025-06 (Q2)",
      "signal": "YoY REVENUE GROWTH ACCELERATION",
      "detail": "YoY growth: +132.4% vs prior quarter YoY: +117.7% (accel: +14.6%)",
      "severity": "MEDIUM"
    },
    {
      "quarter": "2025-06 (Q2)",
      "signal": "OP MARGIN TURNED POSITIVE (QoQ)",
      "detail": "Op margin: -3.9% -> +5.2%",
      "severity": "HIGH"
    },
    {
      "quarter": "2025-03 (Q1)",
      "signal": "YoY REVENUE GROWTH ACCELERATION",
      "detail": "YoY growth: +117.7% vs prior quarter YoY: +5.2% (accel: +112.5%)",
      "severity": "HIGH"
    },
    {
      "quarter": "2024-12 (Q4)",
      "signal": "YoY REVENUE GROWTH DECELERATION",
      "detail": "YoY growth: +5.2% vs prior quarter YoY: +12.4% (decel: -7.3%)",
      "severity": "WARNING"
    },
    {
      "quarter": "2024-09 (Q3)",
      "signal": "OPERATING LEVERAGE",
      "detail": "Rev growth +12.8% vs OpEx growth +0.3% (leverage: 37.3x)",
      "severity": "MEDIUM"
    },
    {
      "quarter": "2024-09 (Q3)",
      "signal": "YoY REVENUE GROWTH ACCELERATION",
      "detail": "YoY growth: +12.4% vs prior quarter YoY: -5.9% (accel: +18.4%)",
      "severity": "HIGH"
    },
    {
      "quarter": "2024-09 (Q3)",
      "signal": "INCREMENTAL MARGIN (YoY)",
      "detail": "YoY Incr OPM: +21.5% vs year-ago OPM: +8.9%",
      "severity": "MEDIUM"
    },
    {
      "quarter": "2024-06 (Q2)",
      "signal": "YoY REVENUE GROWTH ACCELERATION",
      "detail": "YoY growth: -5.9% vs prior quarter YoY: -25.9% (accel: +20.0%)",
      "severity": "HIGH"
    },
    {
      "quarter": "2024-06 (Q2)",
      "signal": "INCREMENTAL MARGIN (YoY)",
      "detail": "YoY Incr OPM: +65.4% vs year-ago OPM: +10.1%",
      "severity": "HIGH"
    },
    {
      "quarter": "2024-03 (Q1)",
      "signal": "YoY REVENUE GROWTH DECELERATION",
      "detail": "YoY growth: -25.9% vs prior quarter YoY: +0.8% (decel: -26.7%)",
      "severity": "WARNING"
    },
    {
      "quarter": "2023-12 (Q4)",
      "signal": "YoY REVENUE GROWTH ACCELERATION",
      "detail": "YoY growth: +0.8% vs prior quarter YoY: -27.3% (accel: +28.1%)",
      "severity": "HIGH"
    },
    {
      "quarter": "2023-12 (Q4)",
      "signal": "INCREMENTAL MARGIN (YoY)",
      "detail": "YoY Incr OPM: +238.2% vs year-ago OPM: +11.3%",
      "severity": "HIGH"
    },
    {
      "quarter": "2023-09 (Q3)",
      "signal": "YoY REVENUE GROWTH DECELERATION",
      "detail": "YoY growth: -27.3% vs prior quarter YoY: -21.1% (decel: -6.2%)",
      "severity": "WARNING"
    },
    {
      "quarter": "2023-06 (Q2)",
      "signal": "YoY REVENUE GROWTH DECELERATION",
      "detail": "YoY growth: -21.1% vs prior quarter YoY: +12.9% (decel: -34.0%)",
      "severity": "WARNING"
    },
    {
      "quarter": "2023-03 (Q1)",
      "signal": "GROSS MARGIN INFLECTION",
      "detail": "GM: +52.8% -> +32.6% -> +51.7% (reversal +19.2%)",
      "severity": "HIGH"
    },
    {
      "quarter": "2023-03 (Q1)",
      "signal": "YoY REVENUE GROWTH ACCELERATION",
      "detail": "YoY growth: +12.9% vs prior quarter YoY: -11.3% (accel: +24.2%)",
      "severity": "HIGH"
    },
    {
      "quarter": "2022-12 (Q4)",
      "signal": "FCF MARGIN EXPANSION",
      "detail": "FCF margin: +5.4% -> +15.3% (+10.0%)",
      "severity": "MEDIUM"
    },
    {
      "quarter": "2022-12 (Q4)",
      "signal": "YoY REVENUE GROWTH DECELERATION",
      "detail": "YoY growth: -11.3% vs prior quarter YoY: +16.3% (decel: -27.7%)",
      "severity": "WARNING"
    },
    {
      "quarter": "2021-12 (Q4)",
      "signal": "FCF MARGIN EXPANSION",
      "detail": "FCF margin: +6.9% -> +12.5% (+5.6%)",
      "severity": "MEDIUM"
    }
  ],
  "data_quality": {
    "n_quarters": 20,
    "coverage": {
      "revenue": [
        20,
        20
      ],
      "gross_profit": [
        15,
        20
      ],
      "op_income": [
        20,
        20
      ],
      "fcf": [
        10,
        20
      ]
    },
    "gaps": [],
    "warnings": [
      "gross_profit: 15/20Q",
      "fcf: 10/20Q"
    ]
  },
  "market_cap": null,
  "source": "SEC EDGAR",
  "last_updated": "2026-02-02T20:45:11.425120",
  "sector": "Industrials",
  "industry": "Specialty Industrial Machinery"
}