{
  "ticker": "JCI",
  "name": "JOHNSON CONTROLS INTERNATIONAL PLC",
  "quarters": [
    {
      "date": "2020-12-31T00:00:00",
      "quarter_label": "2020-12 (Q4)",
      "revenue": 5341000000,
      "gross_profit": 1728000000,
      "operating_income": null,
      "net_income": 451000000,
      "opex": null,
      "cogs": 3613000000,
      "rd": null,
      "sga": 1294000000,
      "fcf": null,
      "ocf": null,
      "capex": null,
      "gross_margin": 0.3235349185545778,
      "op_margin": null,
      "fcf_margin": null
    },
    {
      "date": "2021-03-31T00:00:00",
      "quarter_label": "2021-03 (Q1)",
      "revenue": 5594000000,
      "gross_profit": 1943000000,
      "operating_income": null,
      "net_income": 343000000,
      "opex": null,
      "cogs": 3651000000,
      "rd": null,
      "sga": 1253000000,
      "fcf": null,
      "ocf": null,
      "capex": null,
      "gross_margin": 0.34733643189131214,
      "op_margin": null,
      "fcf_margin": null
    },
    {
      "date": "2021-06-30T00:00:00",
      "quarter_label": "2021-06 (Q2)",
      "revenue": 6341000000,
      "gross_profit": 2197000000,
      "operating_income": null,
      "net_income": 574000000,
      "opex": null,
      "cogs": 4144000000,
      "rd": null,
      "sga": 1367000000,
      "fcf": null,
      "ocf": null,
      "capex": null,
      "gross_margin": 0.3464753193502602,
      "op_margin": null,
      "fcf_margin": null
    },
    {
      "date": "2021-09-30T00:00:00",
      "quarter_label": "2021-09 (Q3)",
      "revenue": 6392000000,
      "gross_profit": 2191000000,
      "operating_income": null,
      "net_income": 269000000,
      "opex": null,
      "cogs": 4201000000,
      "rd": null,
      "sga": 1344000000,
      "fcf": null,
      "ocf": null,
      "capex": null,
      "gross_margin": 0.34277221526908636,
      "op_margin": null,
      "fcf_margin": null
    },
    {
      "date": "2021-12-31T00:00:00",
      "quarter_label": "2021-12 (Q4)",
      "revenue": 5862000000,
      "gross_profit": 1891000000,
      "operating_income": null,
      "net_income": 381000000,
      "opex": null,
      "cogs": 3971000000,
      "rd": null,
      "sga": 1369000000,
      "fcf": null,
      "ocf": null,
      "capex": null,
      "gross_margin": 0.32258614807233027,
      "op_margin": null,
      "fcf_margin": null,
      "rev_growth_yoy": 0.09754727579105037
    },
    {
      "date": "2022-03-31T00:00:00",
      "quarter_label": "2022-03 (Q1)",
      "revenue": 6098000000,
      "gross_profit": 1957000000,
      "operating_income": null,
      "net_income": 11000000,
      "opex": null,
      "cogs": 4141000000,
      "rd": null,
      "sga": 1454000000,
      "fcf": null,
      "ocf": null,
      "capex": null,
      "gross_margin": 0.32092489340767466,
      "op_margin": null,
      "fcf_margin": null,
      "rev_growth_yoy": 0.0900965319985699,
      "rev_growth_yoy_accel": -0.007450743792480466
    },
    {
      "date": "2022-06-30T00:00:00",
      "quarter_label": "2022-06 (Q2)",
      "revenue": 6614000000,
      "gross_profit": 2200000000,
      "operating_income": null,
      "net_income": 379000000,
      "opex": null,
      "cogs": 4414000000,
      "rd": null,
      "sga": 1589000000,
      "fcf": null,
      "ocf": null,
      "capex": null,
      "gross_margin": 0.33262775929845784,
      "op_margin": null,
      "fcf_margin": null,
      "rev_growth_yoy": 0.04305314619145245,
      "rev_growth_yoy_accel": -0.04704338580711745
    },
    {
      "date": "2022-09-30T00:00:00",
      "quarter_label": "2022-09 (Q3)",
      "revenue": 6725000000,
      "gross_profit": 2295000000,
      "operating_income": null,
      "net_income": 761000000,
      "opex": null,
      "cogs": 4430000000,
      "rd": null,
      "sga": 1533000000,
      "fcf": null,
      "ocf": null,
      "capex": null,
      "gross_margin": 0.3412639405204461,
      "op_margin": null,
      "fcf_margin": null,
      "rev_growth_yoy": 0.05209637046307885,
      "rev_growth_yoy_accel": 0.009043224271626397
    },
    {
      "date": "2022-12-31T00:00:00",
      "quarter_label": "2022-12 (Q4)",
      "revenue": 6068000000,
      "gross_profit": 2091000000,
      "operating_income": null,
      "net_income": 118000000,
      "opex": null,
      "cogs": 3977000000,
      "rd": null,
      "sga": 1571000000,
      "fcf": -296000000,
      "ocf": -296000000,
      "capex": null,
      "gross_margin": 0.34459459459459457,
      "op_margin": null,
      "fcf_margin": -0.04878048780487805,
      "rev_growth_yoy": 0.03514158990105766,
      "rev_growth_yoy_accel": -0.01695478056202119
    },
    {
      "date": "2023-03-31T00:00:00",
      "quarter_label": "2023-03 (Q1)",
      "revenue": 6686000000,
      "gross_profit": 2241000000,
      "operating_income": null,
      "net_income": 133000000,
      "opex": null,
      "cogs": 4445000000,
      "rd": null,
      "sga": 1579000000,
      "fcf": 314000000,
      "ocf": 314000000,
      "capex": null,
      "gross_margin": 0.33517798384684416,
      "op_margin": null,
      "fcf_margin": 0.04696380496559976,
      "rev_growth_yoy": 0.0964250573958675,
      "rev_growth_yoy_accel": 0.06128346749480984,
      "fcf_margin_change": 0.0957442927704778
    },
    {
      "date": "2023-06-30T00:00:00",
      "quarter_label": "2023-06 (Q2)",
      "revenue": 7133000000,
      "gross_profit": 2431000000,
      "operating_income": null,
      "net_income": 1049000000,
      "opex": null,
      "cogs": 4702000000,
      "rd": null,
      "sga": 1555000000,
      "fcf": 813000000,
      "ocf": 813000000,
      "capex": null,
      "gross_margin": 0.3408103182391701,
      "op_margin": null,
      "fcf_margin": 0.11397728865834852,
      "rev_growth_yoy": 0.0784699123072271,
      "rev_growth_yoy_accel": -0.017955145088640406,
      "fcf_margin_change": 0.06701348369274876
    },
    {
      "date": "2023-09-30T00:00:00",
      "quarter_label": "2023-09 (Q3)",
      "revenue": 6906000000,
      "gross_profit": 2208000000,
      "operating_income": null,
      "net_income": 549000000,
      "opex": null,
      "cogs": 4698000000,
      "rd": null,
      "sga": 1476000000,
      "fcf": null,
      "ocf": null,
      "capex": null,
      "gross_margin": 0.3197219808861859,
      "op_margin": null,
      "fcf_margin": null,
      "rev_growth_yoy": 0.02691449814126394,
      "rev_growth_yoy_accel": -0.051555414165963154
    },
    {
      "date": "2023-12-31T00:00:00",
      "quarter_label": "2023-12 (Q4)",
      "revenue": 6094000000,
      "gross_profit": 1992000000,
      "operating_income": null,
      "net_income": 374000000,
      "opex": null,
      "cogs": 4102000000,
      "rd": null,
      "sga": 1513000000,
      "fcf": -246000000,
      "ocf": -246000000,
      "capex": null,
      "gross_margin": 0.3268788972760092,
      "op_margin": null,
      "fcf_margin": -0.04036757466360354,
      "rev_growth_yoy": 0.0042847725774555045,
      "rev_growth_yoy_accel": -0.022629725563808434
    },
    {
      "date": "2024-03-31T00:00:00",
      "quarter_label": "2024-03 (Q1)",
      "revenue": 6699000000,
      "gross_profit": 2181000000,
      "operating_income": null,
      "net_income": -277000000,
      "opex": null,
      "cogs": 4518000000,
      "rd": null,
      "sga": 2251000000,
      "fcf": -203000000,
      "ocf": -203000000,
      "capex": null,
      "gross_margin": 0.3255709807433945,
      "op_margin": null,
      "fcf_margin": -0.030303030303030304,
      "rev_growth_yoy": 0.001944361352078971,
      "rev_growth_yoy_accel": -0.0023404112253765335,
      "fcf_margin_change": 0.01006454436057324
    },
    {
      "date": "2024-06-30T00:00:00",
      "quarter_label": "2024-06 (Q2)",
      "revenue": 7231000000,
      "gross_profit": 2488000000,
      "operating_income": null,
      "net_income": 975000000,
      "opex": null,
      "cogs": 4743000000,
      "rd": null,
      "sga": 1090000000,
      "fcf": 1021000000,
      "ocf": 1021000000,
      "capex": null,
      "gross_margin": 0.3440741252938736,
      "op_margin": null,
      "fcf_margin": 0.14119762135251002,
      "rev_growth_yoy": 0.013738959764474975,
      "rev_growth_yoy_accel": 0.011794598412396004,
      "fcf_margin_change": 0.17150065165554032
    },
    {
      "date": "2024-09-30T00:00:00",
      "quarter_label": "2024-09 (Q3)",
      "revenue": 2928000000,
      "gross_profit": 1416000000,
      "operating_income": null,
      "net_income": 633000000,
      "opex": null,
      "cogs": 1512000000,
      "rd": null,
      "sga": 807000000,
      "fcf": null,
      "ocf": null,
      "capex": null,
      "gross_margin": 0.48360655737704916,
      "op_margin": null,
      "fcf_margin": null,
      "rev_growth_yoy": -0.5760208514335361,
      "rev_growth_yoy_accel": -0.589759811198011
    },
    {
      "date": "2024-12-31T00:00:00",
      "quarter_label": "2024-12 (Q4)",
      "revenue": 5426000000,
      "gross_profit": 1926000000,
      "operating_income": null,
      "net_income": 419000000,
      "opex": null,
      "cogs": 3500000000,
      "rd": null,
      "sga": 1399000000,
      "fcf": null,
      "ocf": null,
      "capex": null,
      "gross_margin": 0.3549576115001843,
      "op_margin": null,
      "fcf_margin": null,
      "rev_growth_yoy": -0.10961601575319987,
      "rev_growth_yoy_accel": 0.4664048356803362
    },
    {
      "date": "2025-03-31T00:00:00",
      "quarter_label": "2025-03 (Q1)",
      "revenue": 5676000000,
      "gross_profit": 2069000000,
      "operating_income": null,
      "net_income": 478000000,
      "opex": null,
      "cogs": 3607000000,
      "rd": null,
      "sga": 1427000000,
      "fcf": null,
      "ocf": null,
      "capex": null,
      "gross_margin": 0.3645172656800564,
      "op_margin": null,
      "fcf_margin": null,
      "rev_growth_yoy": -0.15270935960591134,
      "rev_growth_yoy_accel": -0.04309334385271146
    },
    {
      "date": "2025-06-30T00:00:00",
      "quarter_label": "2025-06 (Q2)",
      "revenue": 6052000000,
      "gross_profit": 2246000000,
      "operating_income": null,
      "net_income": 701000000,
      "opex": null,
      "cogs": 3806000000,
      "rd": null,
      "sga": 1417000000,
      "fcf": null,
      "ocf": null,
      "capex": null,
      "gross_margin": 0.3711169861202908,
      "op_margin": null,
      "fcf_margin": null,
      "rev_growth_yoy": -0.16304798783017563,
      "rev_growth_yoy_accel": -0.01033862822426429
    },
    {
      "date": "2025-09-30T00:00:00",
      "quarter_label": "2025-09 (Q3)",
      "revenue": 6442000000,
      "gross_profit": 2351000000,
      "operating_income": null,
      "net_income": 1693000000,
      "opex": null,
      "cogs": 4091000000,
      "rd": null,
      "sga": 1521000000,
      "fcf": null,
      "ocf": null,
      "capex": null,
      "gross_margin": 0.36494877367277245,
      "op_margin": null,
      "fcf_margin": null,
      "rev_growth_yoy": 1.200136612021858,
      "rev_growth_yoy_accel": 1.3631845998520336
    }
  ],
  "signals": [
    {
      "quarter": "2025-09 (Q3)",
      "signal": "YoY REVENUE GROWTH ACCELERATION",
      "detail": "YoY growth: +120.0% vs prior quarter YoY: -16.3% (accel: +136.3%)",
      "severity": "HIGH"
    },
    {
      "quarter": "2024-12 (Q4)",
      "signal": "YoY REVENUE GROWTH ACCELERATION",
      "detail": "YoY growth: -11.0% vs prior quarter YoY: -57.6% (accel: +46.6%)",
      "severity": "HIGH"
    },
    {
      "quarter": "2024-09 (Q3)",
      "signal": "YoY REVENUE GROWTH DECELERATION",
      "detail": "YoY growth: -57.6% vs prior quarter YoY: +1.4% (decel: -59.0%)",
      "severity": "WARNING"
    },
    {
      "quarter": "2024-06 (Q2)",
      "signal": "FCF TURNED POSITIVE",
      "detail": "FCF margin: -3.0% -> +14.1%",
      "severity": "HIGH"
    },
    {
      "quarter": "2023-09 (Q3)",
      "signal": "YoY REVENUE GROWTH DECELERATION",
      "detail": "YoY growth: +2.7% vs prior quarter YoY: +7.8% (decel: -5.2%)",
      "severity": "WARNING"
    },
    {
      "quarter": "2023-06 (Q2)",
      "signal": "FCF MARGIN EXPANSION",
      "detail": "FCF margin: +4.7% -> +11.4% (+6.7%)",
      "severity": "MEDIUM"
    },
    {
      "quarter": "2023-03 (Q1)",
      "signal": "FCF TURNED POSITIVE",
      "detail": "FCF margin: -4.9% -> +4.7%",
      "severity": "HIGH"
    },
    {
      "quarter": "2023-03 (Q1)",
      "signal": "YoY REVENUE GROWTH ACCELERATION",
      "detail": "YoY growth: +9.6% vs prior quarter YoY: +3.5% (accel: +6.1%)",
      "severity": "MEDIUM"
    }
  ],
  "data_quality": {
    "n_quarters": 20,
    "coverage": {
      "revenue": [
        20,
        20
      ],
      "gross_profit": [
        20,
        20
      ],
      "op_income": [
        0,
        20
      ],
      "fcf": [
        6,
        20
      ]
    },
    "gaps": [],
    "warnings": [
      "op_income: no data",
      "fcf: 6/20Q"
    ]
  },
  "market_cap": null,
  "source": "SEC EDGAR",
  "last_updated": "2026-02-02T19:54:43.040732",
  "sector": "Industrials",
  "industry": "Building Products & Equipment"
}