{
  "ticker": "JEF",
  "name": "Jefferies Financial Group Inc.",
  "quarters": [
    {
      "date": "2021-02-28T00:00:00",
      "quarter_label": "2021-02 (Q1)",
      "revenue": 2703588000,
      "gross_profit": 2608029000,
      "operating_income": null,
      "net_income": null,
      "opex": 1675589000,
      "cogs": 95559000,
      "rd": null,
      "sga": null,
      "fcf": -1495938000,
      "ocf": -1495938000,
      "capex": null,
      "gross_margin": 0.9646547476908464,
      "op_margin": null,
      "fcf_margin": -0.5533158158713531
    },
    {
      "date": "2021-05-31T00:00:00",
      "quarter_label": "2021-05 (Q2)",
      "revenue": 2166329000,
      "gross_profit": 2022482000,
      "operating_income": null,
      "net_income": null,
      "opex": 1452842000,
      "cogs": 143847000,
      "rd": null,
      "sga": null,
      "fcf": 514352000,
      "ocf": 514352000,
      "capex": null,
      "gross_margin": 0.9335987285403095,
      "op_margin": null,
      "fcf_margin": 0.2374302333579064,
      "fcf_margin_change": 0.7907460492292595
    },
    {
      "date": "2021-08-31T00:00:00",
      "quarter_label": "2021-08 (Q3)",
      "revenue": 2140594000,
      "gross_profit": 1989084000,
      "operating_income": null,
      "net_income": null,
      "opex": 1358192000,
      "cogs": 151510000,
      "rd": null,
      "sga": null,
      "fcf": 1068131000,
      "ocf": 1068131000,
      "capex": null,
      "gross_margin": 0.9292205808294334,
      "op_margin": null,
      "fcf_margin": 0.4989881313317705,
      "fcf_margin_change": 0.2615578979738641
    },
    {
      "date": "2021-11-30T00:00:00",
      "quarter_label": "2021-11 (Q4)",
      "revenue": 2029372000,
      "gross_profit": 1949418000,
      "operating_income": null,
      "net_income": null,
      "opex": 1350182000,
      "cogs": 79954000,
      "rd": null,
      "sga": null,
      "fcf": 1495745000,
      "ocf": 1495745000,
      "capex": null,
      "gross_margin": 0.9606016048314454,
      "op_margin": null,
      "fcf_margin": 0.7370482099881146,
      "fcf_margin_change": 0.2380600786563441
    },
    {
      "date": "2022-02-28T00:00:00",
      "quarter_label": "2022-02 (Q1)",
      "revenue": 1942800000,
      "gross_profit": 1847129000,
      "operating_income": null,
      "net_income": null,
      "opex": 1309598000,
      "cogs": 95671000,
      "rd": null,
      "sga": null,
      "fcf": -1242225000,
      "ocf": -1214595000,
      "capex": -27630000,
      "gross_margin": 0.9507561251801524,
      "op_margin": null,
      "fcf_margin": -0.639399320568252,
      "rev_growth_yoy": -0.2813993848175092,
      "fcf_margin_change": -1.3764475305563666
    },
    {
      "date": "2022-05-31T00:00:00",
      "quarter_label": "2022-05 (Q2)",
      "revenue": 1618147000,
      "gross_profit": 1487698000,
      "operating_income": null,
      "net_income": null,
      "opex": 1180841000,
      "cogs": 130449000,
      "rd": null,
      "sga": null,
      "fcf": 1166306000,
      "ocf": 1223439000,
      "capex": -57133000,
      "gross_margin": 0.9193837148293696,
      "op_margin": null,
      "fcf_margin": 0.7207664075019142,
      "rev_growth_yoy": -0.2530465132489109,
      "rev_growth_yoy_accel": 0.02835287156859828,
      "fcf_margin_change": 1.3601657280701662
    },
    {
      "date": "2022-08-31T00:00:00",
      "quarter_label": "2022-08 (Q3)",
      "revenue": 1836927000,
      "gross_profit": 1713491000,
      "operating_income": null,
      "net_income": 195459000,
      "opex": 1218213000,
      "cogs": 123436000,
      "rd": null,
      "sga": null,
      "fcf": 1353081000,
      "ocf": 1400312000,
      "capex": -47231000,
      "gross_margin": 0.9328029910823892,
      "op_margin": null,
      "fcf_margin": 0.7366003112807422,
      "rev_growth_yoy": -0.14186109089346227,
      "rev_growth_yoy_accel": 0.11118542235544865,
      "op_leverage_ratio": 4.272034283673577,
      "fcf_margin_change": 0.015833903778827985
    },
    {
      "date": "2022-11-30T00:00:00",
      "quarter_label": "2022-11 (Q4)",
      "revenue": 1751389000,
      "gross_profit": 1660108000,
      "operating_income": null,
      "net_income": null,
      "opex": null,
      "cogs": 91281000,
      "rd": null,
      "sga": null,
      "fcf": 303384000,
      "ocf": 395691000,
      "capex": -92307000,
      "gross_margin": 0.9478807963279431,
      "op_margin": null,
      "fcf_margin": 0.17322479472007646,
      "rev_growth_yoy": -0.13697981444505986,
      "rev_growth_yoy_accel": 0.004881276448402416,
      "fcf_margin_change": -0.5633755165606658
    },
    {
      "date": "2023-02-28T00:00:00",
      "quarter_label": "2023-02 (Q1)",
      "revenue": 1780564000,
      "gross_profit": 1778396000,
      "operating_income": null,
      "net_income": null,
      "opex": null,
      "cogs": 2168000,
      "rd": null,
      "sga": null,
      "fcf": -1844000000,
      "ocf": -1818848000,
      "capex": -25152000,
      "gross_margin": 0.9987824082706378,
      "op_margin": null,
      "fcf_margin": -1.0356269137194731,
      "rev_growth_yoy": -0.08350627959645872,
      "rev_growth_yoy_accel": 0.05347353484860114,
      "fcf_margin_change": -1.2088517084395496
    },
    {
      "date": "2023-05-31T00:00:00",
      "quarter_label": "2023-05 (Q2)",
      "revenue": 1651182000,
      "gross_profit": 1648820000,
      "operating_income": null,
      "net_income": null,
      "opex": null,
      "cogs": 2362000,
      "rd": null,
      "sga": null,
      "fcf": 392116000,
      "ocf": 417178000,
      "capex": -25062000,
      "gross_margin": 0.9985695095997897,
      "op_margin": null,
      "fcf_margin": 0.2374759414770752,
      "rev_growth_yoy": 0.020415326914056633,
      "rev_growth_yoy_accel": 0.10392160651051535,
      "fcf_margin_change": 1.2731028551965484
    },
    {
      "date": "2023-08-31T00:00:00",
      "quarter_label": "2023-08 (Q3)",
      "revenue": 2040915000,
      "gross_profit": 2039297000,
      "operating_income": null,
      "net_income": 57719000,
      "opex": null,
      "cogs": 1618000,
      "rd": null,
      "sga": null,
      "fcf": -518301000,
      "ocf": -488305000,
      "capex": -29996000,
      "gross_margin": 0.9992072183309937,
      "op_margin": null,
      "fcf_margin": -0.25395521126553533,
      "rev_growth_yoy": 0.11104850655469706,
      "rev_growth_yoy_accel": 0.09063317964064042,
      "fcf_margin_change": -0.4914311527426105
    },
    {
      "date": "2023-11-30T00:00:00",
      "quarter_label": "2023-11 (Q4)",
      "revenue": 1968738000,
      "gross_profit": 1945451000,
      "operating_income": null,
      "net_income": null,
      "opex": null,
      "cogs": 23287000,
      "rd": null,
      "sga": null,
      "fcf": 35404000,
      "ocf": -43651000,
      "capex": 79055000,
      "gross_margin": 0.9881716104428319,
      "op_margin": null,
      "fcf_margin": 0.017983093738222152,
      "rev_growth_yoy": 0.12410092789209022,
      "rev_growth_yoy_accel": 0.013052421337393164,
      "fcf_margin_change": 0.2719383050037575
    },
    {
      "date": "2024-02-29T00:00:00",
      "quarter_label": "2024-02 (Q1)",
      "revenue": 2551942000,
      "gross_profit": 2517271000,
      "operating_income": null,
      "net_income": null,
      "opex": null,
      "cogs": 34671000,
      "rd": null,
      "sga": null,
      "fcf": null,
      "ocf": null,
      "capex": -96241000,
      "gross_margin": 0.9864138761774366,
      "op_margin": null,
      "fcf_margin": null,
      "rev_growth_yoy": 0.4332211591383404,
      "rev_growth_yoy_accel": 0.3091202312462502
    },
    {
      "date": "2024-05-31T00:00:00",
      "quarter_label": "2024-05 (Q2)",
      "revenue": 2516296000,
      "gross_profit": 2478834000,
      "operating_income": null,
      "net_income": null,
      "opex": null,
      "cogs": 37462000,
      "rd": null,
      "sga": null,
      "fcf": null,
      "ocf": null,
      "capex": -48616000,
      "gross_margin": 0.9851122443464521,
      "op_margin": null,
      "fcf_margin": null,
      "rev_growth_yoy": 0.5239361863198606,
      "rev_growth_yoy_accel": 0.09071502718152019
    },
    {
      "date": "2024-08-31T00:00:00",
      "quarter_label": "2024-08 (Q3)",
      "revenue": 2595589000,
      "gross_profit": 2558189000,
      "operating_income": null,
      "net_income": null,
      "opex": null,
      "cogs": 37400000,
      "rd": null,
      "sga": null,
      "fcf": null,
      "ocf": null,
      "capex": -35797000,
      "gross_margin": 0.985590939089355,
      "op_margin": null,
      "fcf_margin": null,
      "rev_growth_yoy": 0.2717771195762685,
      "rev_growth_yoy_accel": -0.2521590667435921
    },
    {
      "date": "2024-11-30T00:00:00",
      "quarter_label": "2024-11 (Q4)",
      "revenue": 2851242000,
      "gross_profit": 2754492000,
      "operating_income": null,
      "net_income": null,
      "opex": null,
      "cogs": 96750000,
      "rd": null,
      "sga": null,
      "fcf": null,
      "ocf": null,
      "capex": -69930000,
      "gross_margin": 0.9660674190405444,
      "op_margin": null,
      "fcf_margin": null,
      "rev_growth_yoy": 0.4482587322437013,
      "rev_growth_yoy_accel": 0.17648161266743279
    },
    {
      "date": "2025-02-28T00:00:00",
      "quarter_label": "2025-02 (Q1)",
      "revenue": 2472864000,
      "gross_profit": 2431296000,
      "operating_income": null,
      "net_income": null,
      "opex": null,
      "cogs": 41568000,
      "rd": null,
      "sga": null,
      "fcf": null,
      "ocf": null,
      "capex": -49578000,
      "gross_margin": 0.983190341239955,
      "op_margin": null,
      "fcf_margin": null,
      "rev_growth_yoy": -0.030987381374655065,
      "rev_growth_yoy_accel": -0.47924611361835634
    },
    {
      "date": "2025-05-31T00:00:00",
      "quarter_label": "2025-05 (Q2)",
      "revenue": 2494315000,
      "gross_profit": 2451354000,
      "operating_income": null,
      "net_income": null,
      "opex": null,
      "cogs": 42961000,
      "rd": null,
      "sga": null,
      "fcf": null,
      "ocf": null,
      "capex": -43669000,
      "gross_margin": 0.9827764336100292,
      "op_margin": null,
      "fcf_margin": null,
      "rev_growth_yoy": -0.008735458785452904,
      "rev_growth_yoy_accel": 0.02225192258920216
    },
    {
      "date": "2025-08-31T00:00:00",
      "quarter_label": "2025-08 (Q3)",
      "revenue": 2907674000,
      "gross_profit": 2873244000,
      "operating_income": null,
      "net_income": null,
      "opex": null,
      "cogs": 34430000,
      "rd": null,
      "sga": null,
      "fcf": null,
      "ocf": null,
      "capex": -58178000,
      "gross_margin": 0.9881589201540475,
      "op_margin": null,
      "fcf_margin": null,
      "rev_growth_yoy": 0.12023667845718256,
      "rev_growth_yoy_accel": 0.12897213724263545
    },
    {
      "date": "2025-11-30T00:00:00",
      "quarter_label": "2025-11 (Q4)",
      "revenue": 2948824000,
      "gross_profit": 2876849000,
      "operating_income": null,
      "net_income": null,
      "opex": null,
      "cogs": 71975000,
      "rd": null,
      "sga": null,
      "fcf": null,
      "ocf": null,
      "capex": -56042000,
      "gross_margin": 0.9755919647968139,
      "op_margin": null,
      "fcf_margin": null,
      "rev_growth_yoy": 0.03422438361948933,
      "rev_growth_yoy_accel": -0.08601229483769322
    }
  ],
  "signals": [
    {
      "quarter": "2025-11 (Q4)",
      "signal": "YoY REVENUE GROWTH DECELERATION",
      "detail": "YoY growth: +3.4% vs prior quarter YoY: +12.0% (decel: -8.6%)",
      "severity": "WARNING"
    },
    {
      "quarter": "2025-08 (Q3)",
      "signal": "YoY REVENUE GROWTH ACCELERATION",
      "detail": "YoY growth: +12.0% vs prior quarter YoY: -0.9% (accel: +12.9%)",
      "severity": "MEDIUM"
    },
    {
      "quarter": "2025-02 (Q1)",
      "signal": "YoY REVENUE GROWTH DECELERATION",
      "detail": "YoY growth: -3.1% vs prior quarter YoY: +44.8% (decel: -47.9%)",
      "severity": "WARNING"
    },
    {
      "quarter": "2024-11 (Q4)",
      "signal": "YoY REVENUE GROWTH ACCELERATION",
      "detail": "YoY growth: +44.8% vs prior quarter YoY: +27.2% (accel: +17.6%)",
      "severity": "HIGH"
    },
    {
      "quarter": "2024-08 (Q3)",
      "signal": "YoY REVENUE GROWTH DECELERATION",
      "detail": "YoY growth: +27.2% vs prior quarter YoY: +52.4% (decel: -25.2%)",
      "severity": "WARNING"
    },
    {
      "quarter": "2024-05 (Q2)",
      "signal": "YoY REVENUE GROWTH ACCELERATION",
      "detail": "YoY growth: +52.4% vs prior quarter YoY: +43.3% (accel: +9.1%)",
      "severity": "MEDIUM"
    },
    {
      "quarter": "2024-02 (Q1)",
      "signal": "YoY REVENUE GROWTH ACCELERATION",
      "detail": "YoY growth: +43.3% vs prior quarter YoY: +12.4% (accel: +30.9%)",
      "severity": "HIGH"
    },
    {
      "quarter": "2023-11 (Q4)",
      "signal": "FCF TURNED POSITIVE",
      "detail": "FCF margin: -25.4% -> +1.8%",
      "severity": "HIGH"
    },
    {
      "quarter": "2023-08 (Q3)",
      "signal": "YoY REVENUE GROWTH ACCELERATION",
      "detail": "YoY growth: +11.1% vs prior quarter YoY: +2.0% (accel: +9.1%)",
      "severity": "MEDIUM"
    },
    {
      "quarter": "2023-05 (Q2)",
      "signal": "FCF TURNED POSITIVE",
      "detail": "FCF margin: -103.6% -> +23.7%",
      "severity": "HIGH"
    },
    {
      "quarter": "2023-05 (Q2)",
      "signal": "YoY REVENUE GROWTH ACCELERATION",
      "detail": "YoY growth: +2.0% vs prior quarter YoY: -8.4% (accel: +10.4%)",
      "severity": "MEDIUM"
    },
    {
      "quarter": "2023-02 (Q1)",
      "signal": "YoY REVENUE GROWTH ACCELERATION",
      "detail": "YoY growth: -8.4% vs prior quarter YoY: -13.7% (accel: +5.3%)",
      "severity": "MEDIUM"
    },
    {
      "quarter": "2022-08 (Q3)",
      "signal": "OPERATING LEVERAGE",
      "detail": "Rev growth +13.5% vs OpEx growth +3.2% (leverage: 4.3x)",
      "severity": "MEDIUM"
    },
    {
      "quarter": "2022-08 (Q3)",
      "signal": "YoY REVENUE GROWTH ACCELERATION",
      "detail": "YoY growth: -14.2% vs prior quarter YoY: -25.3% (accel: +11.1%)",
      "severity": "MEDIUM"
    },
    {
      "quarter": "2022-05 (Q2)",
      "signal": "FCF TURNED POSITIVE",
      "detail": "FCF margin: -63.9% -> +72.1%",
      "severity": "HIGH"
    },
    {
      "quarter": "2021-11 (Q4)",
      "signal": "FCF MARGIN EXPANSION",
      "detail": "FCF margin: +49.9% -> +73.7% (+23.8%)",
      "severity": "MEDIUM"
    },
    {
      "quarter": "2021-11 (Q4)",
      "signal": "GROSS MARGIN INFLECTION",
      "detail": "GM: +93.4% -> +92.9% -> +96.1% (reversal +3.1%)",
      "severity": "MEDIUM"
    },
    {
      "quarter": "2021-08 (Q3)",
      "signal": "FCF MARGIN EXPANSION",
      "detail": "FCF margin: +23.7% -> +49.9% (+26.2%)",
      "severity": "MEDIUM"
    },
    {
      "quarter": "2021-05 (Q2)",
      "signal": "FCF TURNED POSITIVE",
      "detail": "FCF margin: -55.3% -> +23.7%",
      "severity": "HIGH"
    }
  ],
  "data_quality": {
    "n_quarters": 20,
    "coverage": {
      "revenue": [
        20,
        20
      ],
      "gross_profit": [
        20,
        20
      ],
      "op_income": [
        0,
        20
      ],
      "fcf": [
        12,
        20
      ]
    },
    "gaps": [],
    "warnings": [
      "op_income: no data",
      "fcf: 12/20Q"
    ]
  },
  "market_cap": null,
  "source": "SEC EDGAR",
  "last_updated": "2026-02-02T20:31:12.857236",
  "sector": "Financial Services",
  "industry": "Capital Markets"
}