{
  "ticker": "JHG",
  "name": "JANUS HENDERSON GROUP PLC",
  "quarters": [
    {
      "date": "2020-12-31T00:00:00",
      "quarter_label": "2020-12 (Q4)",
      "revenue": 657200000,
      "gross_profit": null,
      "operating_income": 227000000,
      "net_income": null,
      "opex": 430200000,
      "cogs": null,
      "rd": null,
      "sga": null,
      "fcf": 218900000,
      "ocf": 220200000,
      "capex": -1300000,
      "gross_margin": null,
      "op_margin": 0.34540474741326843,
      "fcf_margin": 0.3330797321972002
    },
    {
      "date": "2021-03-31T00:00:00",
      "quarter_label": "2021-03 (Q1)",
      "revenue": 644000000,
      "gross_profit": null,
      "operating_income": 192500000,
      "net_income": null,
      "opex": 451500000,
      "cogs": null,
      "rd": null,
      "sga": null,
      "fcf": 24200000,
      "ocf": 25800000,
      "capex": -1600000,
      "gross_margin": null,
      "op_margin": 0.29891304347826086,
      "fcf_margin": 0.037577639751552795,
      "fcf_margin_change": -0.2955020924456474
    },
    {
      "date": "2021-06-30T00:00:00",
      "quarter_label": "2021-06 (Q2)",
      "revenue": 738400000,
      "gross_profit": null,
      "operating_income": 225000000,
      "net_income": null,
      "opex": 513400000,
      "cogs": null,
      "rd": null,
      "sga": null,
      "fcf": 269500000,
      "ocf": 269000000,
      "capex": 500000,
      "gross_margin": null,
      "op_margin": 0.3047128927410618,
      "fcf_margin": 0.3649783315276273,
      "op_leverage_ratio": 1.0691859240008428,
      "fcf_margin_change": 0.3274006917760745
    },
    {
      "date": "2021-09-30T00:00:00",
      "quarter_label": "2021-09 (Q3)",
      "revenue": 687400000,
      "gross_profit": null,
      "operating_income": 248300000,
      "net_income": null,
      "opex": 439100000,
      "cogs": null,
      "rd": null,
      "sga": null,
      "fcf": 314600000,
      "ocf": 319400000,
      "capex": -4800000,
      "gross_margin": null,
      "op_margin": 0.361216176898458,
      "fcf_margin": 0.45766656968286296,
      "fcf_margin_change": 0.09268823815523564
    },
    {
      "date": "2021-12-31T00:00:00",
      "quarter_label": "2021-12 (Q4)",
      "revenue": 697200000,
      "gross_profit": null,
      "operating_income": 157600000,
      "net_income": null,
      "opex": 539600000,
      "cogs": null,
      "rd": null,
      "sga": null,
      "fcf": 276700000,
      "ocf": 281200000,
      "capex": -4500000,
      "gross_margin": null,
      "op_margin": 0.22604704532415376,
      "fcf_margin": 0.39687320711417096,
      "incr_op_margin_yoy": -1.735,
      "rev_growth_yoy": 0.06086427267194157,
      "op_leverage_ratio": 0.06228936782482699,
      "fcf_margin_change": -0.060793362568692
    },
    {
      "date": "2022-03-31T00:00:00",
      "quarter_label": "2022-03 (Q1)",
      "revenue": 620000000,
      "gross_profit": null,
      "operating_income": 124600000,
      "net_income": 103600000,
      "opex": 495400000,
      "cogs": null,
      "rd": null,
      "sga": null,
      "fcf": -60400000,
      "ocf": -57500000,
      "capex": -2900000,
      "gross_margin": null,
      "op_margin": 0.20096774193548386,
      "fcf_margin": -0.09741935483870967,
      "incr_op_margin_yoy": 2.8291666666666666,
      "rev_growth_yoy": -0.037267080745341616,
      "rev_growth_yoy_accel": -0.09813135341728318,
      "fcf_margin_change": -0.4942925619528806
    },
    {
      "date": "2022-06-30T00:00:00",
      "quarter_label": "2022-06 (Q2)",
      "revenue": 555500000,
      "gross_profit": null,
      "operating_income": 143900000,
      "net_income": 96200000,
      "opex": 411600000,
      "cogs": null,
      "rd": null,
      "sga": null,
      "fcf": 158300000,
      "ocf": 162900000,
      "capex": -4600000,
      "gross_margin": null,
      "op_margin": 0.25904590459045906,
      "fcf_margin": 0.28496849684968495,
      "incr_op_margin_yoy": 0.4434117003827228,
      "rev_growth_yoy": -0.24769772481040087,
      "rev_growth_yoy_accel": -0.21043064406505924,
      "fcf_margin_change": 0.3823878516883946
    },
    {
      "date": "2022-09-30T00:00:00",
      "quarter_label": "2022-09 (Q3)",
      "revenue": 512900000,
      "gross_profit": null,
      "operating_income": 120700000,
      "net_income": 107600000,
      "opex": 392200000,
      "cogs": null,
      "rd": null,
      "sga": null,
      "fcf": 219100000,
      "ocf": 221900000,
      "capex": -2800000,
      "gross_margin": null,
      "op_margin": 0.23532852407876778,
      "fcf_margin": 0.4271787872879704,
      "incr_op_margin_yoy": 0.7312320916905444,
      "rev_growth_yoy": -0.25385510619726503,
      "rev_growth_yoy_accel": -0.006157381386864169,
      "fcf_margin_change": 0.14221029043828542
    },
    {
      "date": "2022-12-31T00:00:00",
      "quarter_label": "2022-12 (Q4)",
      "revenue": 515200000,
      "gross_profit": null,
      "operating_income": 67800000,
      "net_income": 65000000,
      "opex": 447400000,
      "cogs": null,
      "rd": null,
      "sga": null,
      "fcf": 138700000,
      "ocf": 146000000,
      "capex": -7300000,
      "gross_margin": null,
      "op_margin": 0.13159937888198758,
      "fcf_margin": 0.2692158385093168,
      "incr_op_margin_yoy": 0.49340659340659343,
      "rev_growth_yoy": -0.26104417670682734,
      "rev_growth_yoy_accel": -0.007189070509562301,
      "fcf_margin_change": -0.15796294877865358
    },
    {
      "date": "2023-03-31T00:00:00",
      "quarter_label": "2023-03 (Q1)",
      "revenue": 495800000,
      "gross_profit": null,
      "operating_income": 100400000,
      "net_income": 87400000,
      "opex": 395400000,
      "cogs": null,
      "rd": null,
      "sga": null,
      "fcf": -110200000,
      "ocf": -108200000,
      "capex": -2000000,
      "gross_margin": null,
      "op_margin": 0.20250100847115773,
      "fcf_margin": -0.22226704316256554,
      "incr_op_margin_yoy": 0.19484702093397746,
      "rev_growth_yoy": -0.20032258064516129,
      "rev_growth_yoy_accel": 0.06072159606166605,
      "fcf_margin_change": -0.49148288167188237
    },
    {
      "date": "2023-06-30T00:00:00",
      "quarter_label": "2023-06 (Q2)",
      "revenue": 516500000,
      "gross_profit": null,
      "operating_income": 117900000,
      "net_income": 89800000,
      "opex": 398600000,
      "cogs": null,
      "rd": null,
      "sga": null,
      "fcf": 166900000,
      "ocf": 171400000,
      "capex": -4500000,
      "gross_margin": null,
      "op_margin": 0.22826718296224588,
      "fcf_margin": 0.32313649564375607,
      "incr_op_margin_yoy": 0.6666666666666666,
      "rev_growth_yoy": -0.0702070207020702,
      "rev_growth_yoy_accel": 0.1301155599430911,
      "op_leverage_ratio": 5.158821601452199,
      "fcf_margin_change": 0.5454035388063216
    },
    {
      "date": "2023-09-30T00:00:00",
      "quarter_label": "2023-09 (Q3)",
      "revenue": 521000000,
      "gross_profit": null,
      "operating_income": 121700000,
      "net_income": 93500000,
      "opex": 399300000,
      "cogs": null,
      "rd": null,
      "sga": null,
      "fcf": 215000000,
      "ocf": 216900000,
      "capex": -1900000,
      "gross_margin": null,
      "op_margin": 0.23358925143953935,
      "fcf_margin": 0.4126679462571977,
      "incr_op_margin_yoy": 0.12345679012345678,
      "rev_growth_yoy": 0.015792552154416065,
      "rev_growth_yoy_accel": 0.08599957285648627,
      "fcf_margin_change": 0.08953145061344164
    },
    {
      "date": "2023-12-31T00:00:00",
      "quarter_label": "2023-12 (Q4)",
      "revenue": 568500000,
      "gross_profit": null,
      "operating_income": 143700000,
      "net_income": 121300000,
      "opex": 424800000,
      "cogs": null,
      "rd": null,
      "sga": null,
      "fcf": 159100000,
      "ocf": 161500000,
      "capex": -2400000,
      "gross_margin": null,
      "op_margin": 0.25277044854881264,
      "fcf_margin": 0.27985927880386985,
      "incr_op_margin_yoy": 1.424015009380863,
      "rev_growth_yoy": 0.10345496894409938,
      "rev_growth_yoy_accel": 0.08766241678968331,
      "op_leverage_ratio": 1.427627864965564,
      "fcf_margin_change": -0.13280866745332787
    },
    {
      "date": "2024-03-31T00:00:00",
      "quarter_label": "2024-03 (Q1)",
      "revenue": 551700000,
      "gross_profit": null,
      "operating_income": 119200000,
      "net_income": 130100000,
      "opex": 432500000,
      "cogs": null,
      "rd": null,
      "sga": null,
      "fcf": -6800000,
      "ocf": -5000000,
      "capex": -1800000,
      "gross_margin": null,
      "op_margin": 0.2160594526010513,
      "fcf_margin": -0.012325539242341853,
      "incr_op_margin_yoy": 0.3363148479427549,
      "rev_growth_yoy": 0.1127470754336426,
      "rev_growth_yoy_accel": 0.00929210648954322,
      "fcf_margin_change": -0.2921848180462117
    },
    {
      "date": "2024-06-30T00:00:00",
      "quarter_label": "2024-06 (Q2)",
      "revenue": 588400000,
      "gross_profit": null,
      "operating_income": 164300000,
      "net_income": 129700000,
      "opex": 424100000,
      "cogs": null,
      "rd": null,
      "sga": null,
      "fcf": 221900000,
      "ocf": 223800000,
      "capex": -1900000,
      "gross_margin": null,
      "op_margin": 0.2792318150917743,
      "fcf_margin": 0.3771244051665534,
      "incr_op_margin_yoy": 0.6453407510431154,
      "rev_growth_yoy": 0.13920619554695063,
      "rev_growth_yoy_accel": 0.026459120113308032,
      "op_leverage_ratio": Infinity,
      "fcf_margin_change": 0.38944994440889524
    },
    {
      "date": "2024-09-30T00:00:00",
      "quarter_label": "2024-09 (Q3)",
      "revenue": 624800000,
      "gross_profit": null,
      "operating_income": 164700000,
      "net_income": 27300000,
      "opex": 460100000,
      "cogs": null,
      "rd": null,
      "sga": null,
      "fcf": 225900000,
      "ocf": 228500000,
      "capex": -2600000,
      "gross_margin": null,
      "op_margin": 0.2636043533930858,
      "fcf_margin": 0.36155569782330343,
      "incr_op_margin_yoy": 0.4142581888246628,
      "rev_growth_yoy": 0.19923224568138195,
      "rev_growth_yoy_accel": 0.060026050134431325,
      "op_leverage_ratio": 0.728776720296095,
      "fcf_margin_change": -0.015568707343249943
    },
    {
      "date": "2024-12-31T00:00:00",
      "quarter_label": "2024-12 (Q4)",
      "revenue": 708300000,
      "gross_profit": null,
      "operating_income": 197500000,
      "net_income": 121800000,
      "opex": 510800000,
      "cogs": null,
      "rd": null,
      "sga": null,
      "fcf": 243500000,
      "ocf": 247300000,
      "capex": -3800000,
      "gross_margin": null,
      "op_margin": 0.27883665113652406,
      "fcf_margin": 0.3437808838062968,
      "incr_op_margin_yoy": 0.38483547925608014,
      "rev_growth_yoy": 0.24591029023746702,
      "rev_growth_yoy_accel": 0.04667804455608507,
      "op_leverage_ratio": 1.2128015087115844,
      "fcf_margin_change": -0.017774814017006646
    },
    {
      "date": "2025-03-31T00:00:00",
      "quarter_label": "2025-03 (Q1)",
      "revenue": 621400000,
      "gross_profit": null,
      "operating_income": 153600000,
      "net_income": 120700000,
      "opex": 467800000,
      "cogs": null,
      "rd": null,
      "sga": null,
      "fcf": 900000,
      "ocf": 2800000,
      "capex": -1900000,
      "gross_margin": null,
      "op_margin": 0.2471837785645317,
      "fcf_margin": 0.001448342452526553,
      "incr_op_margin_yoy": 0.4935437589670014,
      "rev_growth_yoy": 0.126336777234004,
      "rev_growth_yoy_accel": -0.11957351300346303,
      "fcf_margin_change": -0.3423325413537702
    },
    {
      "date": "2025-06-30T00:00:00",
      "quarter_label": "2025-06 (Q2)",
      "revenue": 633200000,
      "gross_profit": null,
      "operating_income": 163800000,
      "net_income": 149900000,
      "opex": 469400000,
      "cogs": null,
      "rd": null,
      "sga": null,
      "fcf": 133200000,
      "ocf": 135200000,
      "capex": -2000000,
      "gross_margin": null,
      "op_margin": 0.25868603916614025,
      "fcf_margin": 0.21036007580543273,
      "incr_op_margin_yoy": -0.011160714285714286,
      "rev_growth_yoy": 0.07613868116927261,
      "rev_growth_yoy_accel": -0.050198096064731385,
      "op_leverage_ratio": 5.552019633086579,
      "fcf_margin_change": 0.20891173335290616
    },
    {
      "date": "2025-09-30T00:00:00",
      "quarter_label": "2025-09 (Q3)",
      "revenue": 700400000,
      "gross_profit": null,
      "operating_income": 172000000,
      "net_income": 142100000,
      "opex": 528400000,
      "cogs": null,
      "rd": null,
      "sga": null,
      "fcf": 256400000,
      "ocf": 258800000,
      "capex": -2400000,
      "gross_margin": null,
      "op_margin": 0.24557395773843518,
      "fcf_margin": 0.366076527698458,
      "incr_op_margin_yoy": 0.09656084656084656,
      "rev_growth_yoy": 0.12099871959026888,
      "rev_growth_yoy_accel": 0.04486003842099627,
      "op_leverage_ratio": 0.8443440367463624,
      "fcf_margin_change": 0.15571645189302527
    }
  ],
  "signals": [
    {
      "quarter": "2025-09 (Q3)",
      "signal": "FCF MARGIN EXPANSION",
      "detail": "FCF margin: +21.0% -> +36.6% (+15.6%)",
      "severity": "MEDIUM"
    },
    {
      "quarter": "2025-06 (Q2)",
      "signal": "FCF MARGIN EXPANSION",
      "detail": "FCF margin: +0.1% -> +21.0% (+20.9%)",
      "severity": "MEDIUM"
    },
    {
      "quarter": "2025-06 (Q2)",
      "signal": "OPERATING LEVERAGE",
      "detail": "Rev growth +1.9% vs OpEx growth +0.3% (leverage: 5.6x)",
      "severity": "MEDIUM"
    },
    {
      "quarter": "2025-06 (Q2)",
      "signal": "YoY REVENUE GROWTH DECELERATION",
      "detail": "YoY growth: +7.6% vs prior quarter YoY: +12.6% (decel: -5.0%)",
      "severity": "WARNING"
    },
    {
      "quarter": "2025-03 (Q1)",
      "signal": "YoY REVENUE GROWTH DECELERATION",
      "detail": "YoY growth: +12.6% vs prior quarter YoY: +24.6% (decel: -12.0%)",
      "severity": "WARNING"
    },
    {
      "quarter": "2025-03 (Q1)",
      "signal": "INCREMENTAL MARGIN (YoY)",
      "detail": "YoY Incr OPM: +49.4% vs year-ago OPM: +21.6%",
      "severity": "HIGH"
    },
    {
      "quarter": "2024-12 (Q4)",
      "signal": "INCREMENTAL MARGIN (YoY)",
      "detail": "YoY Incr OPM: +38.5% vs year-ago OPM: +25.3%",
      "severity": "MEDIUM"
    },
    {
      "quarter": "2024-09 (Q3)",
      "signal": "YoY REVENUE GROWTH ACCELERATION",
      "detail": "YoY growth: +19.9% vs prior quarter YoY: +13.9% (accel: +6.0%)",
      "severity": "MEDIUM"
    },
    {
      "quarter": "2024-09 (Q3)",
      "signal": "INCREMENTAL MARGIN (YoY)",
      "detail": "YoY Incr OPM: +41.4% vs year-ago OPM: +23.4%",
      "severity": "MEDIUM"
    },
    {
      "quarter": "2024-06 (Q2)",
      "signal": "FCF TURNED POSITIVE",
      "detail": "FCF margin: -1.2% -> +37.7%",
      "severity": "HIGH"
    },
    {
      "quarter": "2024-06 (Q2)",
      "signal": "INCREMENTAL MARGIN (YoY)",
      "detail": "YoY Incr OPM: +64.5% vs year-ago OPM: +22.8%",
      "severity": "HIGH"
    },
    {
      "quarter": "2024-03 (Q1)",
      "signal": "INCREMENTAL MARGIN (YoY)",
      "detail": "YoY Incr OPM: +33.6% vs year-ago OPM: +20.3%",
      "severity": "MEDIUM"
    },
    {
      "quarter": "2023-12 (Q4)",
      "signal": "YoY REVENUE GROWTH ACCELERATION",
      "detail": "YoY growth: +10.3% vs prior quarter YoY: +1.6% (accel: +8.8%)",
      "severity": "MEDIUM"
    },
    {
      "quarter": "2023-12 (Q4)",
      "signal": "INCREMENTAL MARGIN (YoY)",
      "detail": "YoY Incr OPM: +142.4% vs year-ago OPM: +13.2%",
      "severity": "HIGH"
    },
    {
      "quarter": "2023-09 (Q3)",
      "signal": "FCF MARGIN EXPANSION",
      "detail": "FCF margin: +32.3% -> +41.3% (+9.0%)",
      "severity": "MEDIUM"
    },
    {
      "quarter": "2023-09 (Q3)",
      "signal": "YoY REVENUE GROWTH ACCELERATION",
      "detail": "YoY growth: +1.6% vs prior quarter YoY: -7.0% (accel: +8.6%)",
      "severity": "MEDIUM"
    },
    {
      "quarter": "2023-06 (Q2)",
      "signal": "FCF TURNED POSITIVE",
      "detail": "FCF margin: -22.2% -> +32.3%",
      "severity": "HIGH"
    },
    {
      "quarter": "2023-06 (Q2)",
      "signal": "OPERATING LEVERAGE",
      "detail": "Rev growth +4.2% vs OpEx growth +0.8% (leverage: 5.2x)",
      "severity": "MEDIUM"
    },
    {
      "quarter": "2023-06 (Q2)",
      "signal": "YoY REVENUE GROWTH ACCELERATION",
      "detail": "YoY growth: -7.0% vs prior quarter YoY: -20.0% (accel: +13.0%)",
      "severity": "MEDIUM"
    },
    {
      "quarter": "2023-06 (Q2)",
      "signal": "INCREMENTAL MARGIN (YoY)",
      "detail": "YoY Incr OPM: +66.7% vs year-ago OPM: +25.9%",
      "severity": "HIGH"
    },
    {
      "quarter": "2023-03 (Q1)",
      "signal": "YoY REVENUE GROWTH ACCELERATION",
      "detail": "YoY growth: -20.0% vs prior quarter YoY: -26.1% (accel: +6.1%)",
      "severity": "MEDIUM"
    },
    {
      "quarter": "2022-12 (Q4)",
      "signal": "INCREMENTAL MARGIN (YoY)",
      "detail": "YoY Incr OPM: +49.3% vs year-ago OPM: +22.6%",
      "severity": "HIGH"
    },
    {
      "quarter": "2022-09 (Q3)",
      "signal": "FCF MARGIN EXPANSION",
      "detail": "FCF margin: +28.5% -> +42.7% (+14.2%)",
      "severity": "MEDIUM"
    },
    {
      "quarter": "2022-09 (Q3)",
      "signal": "INCREMENTAL MARGIN (YoY)",
      "detail": "YoY Incr OPM: +73.1% vs year-ago OPM: +36.1%",
      "severity": "HIGH"
    },
    {
      "quarter": "2022-06 (Q2)",
      "signal": "FCF TURNED POSITIVE",
      "detail": "FCF margin: -9.7% -> +28.5%",
      "severity": "HIGH"
    },
    {
      "quarter": "2022-06 (Q2)",
      "signal": "YoY REVENUE GROWTH DECELERATION",
      "detail": "YoY growth: -24.8% vs prior quarter YoY: -3.7% (decel: -21.0%)",
      "severity": "WARNING"
    },
    {
      "quarter": "2022-06 (Q2)",
      "signal": "INCREMENTAL MARGIN (YoY)",
      "detail": "YoY Incr OPM: +44.3% vs year-ago OPM: +30.5%",
      "severity": "MEDIUM"
    },
    {
      "quarter": "2022-03 (Q1)",
      "signal": "YoY REVENUE GROWTH DECELERATION",
      "detail": "YoY growth: -3.7% vs prior quarter YoY: +6.1% (decel: -9.8%)",
      "severity": "WARNING"
    },
    {
      "quarter": "2022-03 (Q1)",
      "signal": "INCREMENTAL MARGIN (YoY)",
      "detail": "YoY Incr OPM: +282.9% vs year-ago OPM: +29.9%",
      "severity": "HIGH"
    },
    {
      "quarter": "2021-09 (Q3)",
      "signal": "FCF MARGIN EXPANSION",
      "detail": "FCF margin: +36.5% -> +45.8% (+9.3%)",
      "severity": "MEDIUM"
    },
    {
      "quarter": "2021-06 (Q2)",
      "signal": "FCF MARGIN EXPANSION",
      "detail": "FCF margin: +3.8% -> +36.5% (+32.7%)",
      "severity": "MEDIUM"
    }
  ],
  "data_quality": {
    "n_quarters": 20,
    "coverage": {
      "revenue": [
        20,
        20
      ],
      "gross_profit": [
        0,
        20
      ],
      "op_income": [
        20,
        20
      ],
      "fcf": [
        20,
        20
      ]
    },
    "gaps": [],
    "warnings": [
      "gross_profit: no data"
    ]
  },
  "market_cap": null,
  "source": "SEC EDGAR",
  "last_updated": "2026-02-02T20:48:48.211181"
}