{
  "ticker": "JLL",
  "name": "Jones Lang LaSalle Incorporated",
  "quarters": [
    {
      "date": "2020-12-31T00:00:00",
      "quarter_label": "2020-12 (Q4)",
      "revenue": 4845400000,
      "gross_profit": null,
      "operating_income": 328800000,
      "net_income": 250100000,
      "opex": 4516600000,
      "cogs": null,
      "rd": null,
      "sga": null,
      "fcf": 751600000,
      "ocf": 751600000,
      "capex": null,
      "gross_margin": null,
      "op_margin": 0.0678581747636934,
      "fcf_margin": 0.1551161926775911
    },
    {
      "date": "2021-03-31T00:00:00",
      "quarter_label": "2021-03 (Q1)",
      "revenue": 4037100000,
      "gross_profit": null,
      "operating_income": 80700000,
      "net_income": 103000000,
      "opex": 3956400000,
      "cogs": null,
      "rd": null,
      "sga": null,
      "fcf": -461800000,
      "ocf": -461800000,
      "capex": null,
      "gross_margin": null,
      "op_margin": 0.019989596492531767,
      "fcf_margin": -0.11438904163880013,
      "fcf_margin_change": -0.26950523431639123
    },
    {
      "date": "2021-06-30T00:00:00",
      "quarter_label": "2021-06 (Q2)",
      "revenue": 4495000000,
      "gross_profit": null,
      "operating_income": 224300000,
      "net_income": 200000000,
      "opex": 4270700000,
      "cogs": null,
      "rd": null,
      "sga": null,
      "fcf": 215700000,
      "ocf": 215700000,
      "capex": null,
      "gross_margin": null,
      "op_margin": 0.049899888765294775,
      "fcf_margin": 0.04798665183537264,
      "op_leverage_ratio": 1.4277657135414243,
      "fcf_margin_change": 0.16237569347417277
    },
    {
      "date": "2021-09-30T00:00:00",
      "quarter_label": "2021-09 (Q3)",
      "revenue": 4889200000,
      "gross_profit": null,
      "operating_income": 292900000,
      "net_income": 237200000,
      "opex": 4596300000,
      "cogs": null,
      "rd": null,
      "sga": null,
      "fcf": 456400000,
      "ocf": 456400000,
      "capex": null,
      "gross_margin": null,
      "op_margin": 0.05990755133764215,
      "fcf_margin": 0.09334860508876708,
      "op_leverage_ratio": 1.1502747661201498,
      "fcf_margin_change": 0.04536195325339444
    },
    {
      "date": "2021-12-31T00:00:00",
      "quarter_label": "2021-12 (Q4)",
      "revenue": 5945700000,
      "gross_profit": null,
      "operating_income": 445600000,
      "net_income": 421400000,
      "opex": 5500100000,
      "cogs": null,
      "rd": null,
      "sga": null,
      "fcf": 762100000,
      "ocf": 762100000,
      "capex": null,
      "gross_margin": null,
      "op_margin": 0.07494491817616092,
      "fcf_margin": 0.12817666548934525,
      "incr_op_margin_yoy": 0.10615286739980005,
      "rev_growth_yoy": 0.2270813555124448,
      "op_leverage_ratio": 1.0989241779285028,
      "fcf_margin_change": 0.034828060400578176
    },
    {
      "date": "2022-03-31T00:00:00",
      "quarter_label": "2022-03 (Q1)",
      "revenue": 4801400000,
      "gross_profit": null,
      "operating_income": 175700000,
      "net_income": 145600000,
      "opex": 4625700000,
      "cogs": null,
      "rd": null,
      "sga": null,
      "fcf": -716400000,
      "ocf": -716400000,
      "capex": null,
      "gross_margin": null,
      "op_margin": 0.03659349356437706,
      "fcf_margin": -0.1492064814429125,
      "incr_op_margin_yoy": 0.12429674211696978,
      "rev_growth_yoy": 0.18931906566594833,
      "rev_growth_yoy_accel": -0.03776228984649646,
      "fcf_margin_change": -0.27738314693225774
    },
    {
      "date": "2022-06-30T00:00:00",
      "quarter_label": "2022-06 (Q2)",
      "revenue": 5278400000,
      "gross_profit": null,
      "operating_income": 235100000,
      "net_income": 193900000,
      "opex": 5043300000,
      "cogs": null,
      "rd": null,
      "sga": null,
      "fcf": 177000000,
      "ocf": 177000000,
      "capex": null,
      "gross_margin": null,
      "op_margin": 0.04454001212488633,
      "fcf_margin": 0.033532888754167926,
      "incr_op_margin_yoy": 0.013786060760786317,
      "rev_growth_yoy": 0.1742825361512792,
      "rev_growth_yoy_accel": -0.015036529514669134,
      "op_leverage_ratio": 1.1004427767475866,
      "fcf_margin_change": 0.18273937019708042
    },
    {
      "date": "2022-09-30T00:00:00",
      "quarter_label": "2022-09 (Q3)",
      "revenue": 5177500000,
      "gross_profit": null,
      "operating_income": 202600000,
      "net_income": 140200000,
      "opex": 4974900000,
      "cogs": null,
      "rd": null,
      "sga": null,
      "fcf": 137500000,
      "ocf": 137500000,
      "capex": null,
      "gross_margin": null,
      "op_margin": 0.03913085465958474,
      "fcf_margin": 0.02655721873491067,
      "incr_op_margin_yoy": -0.31321540062434966,
      "rev_growth_yoy": 0.05896670211895606,
      "rev_growth_yoy_accel": -0.11531583403232314,
      "fcf_margin_change": -0.006975670019257255
    },
    {
      "date": "2022-12-31T00:00:00",
      "quarter_label": "2022-12 (Q4)",
      "revenue": 5604800000,
      "gross_profit": null,
      "operating_income": 254700000,
      "net_income": 174800000,
      "opex": 5350100000,
      "cogs": null,
      "rd": null,
      "sga": null,
      "fcf": 601800000,
      "ocf": 601800000,
      "capex": null,
      "gross_margin": null,
      "op_margin": 0.04544319155009991,
      "fcf_margin": 0.10737225235512418,
      "incr_op_margin_yoy": 0.5599882663537694,
      "rev_growth_yoy": -0.0573355534251644,
      "rev_growth_yoy_accel": -0.11630225554412046,
      "op_leverage_ratio": 1.094294738283474,
      "fcf_margin_change": 0.08081503362021351
    },
    {
      "date": "2023-03-31T00:00:00",
      "quarter_label": "2023-03 (Q1)",
      "revenue": 4715500000,
      "gross_profit": null,
      "operating_income": 17800000,
      "net_income": -9200000,
      "opex": 4697700000,
      "cogs": null,
      "rd": null,
      "sga": null,
      "fcf": -716300000,
      "ocf": -716300000,
      "capex": null,
      "gross_margin": null,
      "op_margin": 0.0037747852825787296,
      "fcf_margin": -0.15190329763545754,
      "incr_op_margin_yoy": 1.838183934807916,
      "rev_growth_yoy": -0.017890615237222476,
      "rev_growth_yoy_accel": 0.039444938187941925,
      "fcf_margin_change": -0.2592755499905817
    },
    {
      "date": "2023-06-30T00:00:00",
      "quarter_label": "2023-06 (Q2)",
      "revenue": 5052500000,
      "gross_profit": null,
      "operating_income": 149200000,
      "net_income": 2500000,
      "opex": 4903300000,
      "cogs": null,
      "rd": null,
      "sga": null,
      "fcf": 237000000,
      "ocf": 237000000,
      "capex": null,
      "gross_margin": null,
      "op_margin": 0.029529935675408212,
      "fcf_margin": 0.04690747154873825,
      "incr_op_margin_yoy": 0.3802567507746791,
      "rev_growth_yoy": -0.04279705971506517,
      "rev_growth_yoy_accel": -0.024906444477842696,
      "op_leverage_ratio": 1.6329177887148392,
      "fcf_margin_change": 0.1988107691841958
    },
    {
      "date": "2023-09-30T00:00:00",
      "quarter_label": "2023-09 (Q3)",
      "revenue": 5111400000,
      "gross_profit": null,
      "operating_income": 119100000,
      "net_income": 59700000,
      "opex": 4992300000,
      "cogs": null,
      "rd": null,
      "sga": null,
      "fcf": 325700000,
      "ocf": 325700000,
      "capex": null,
      "gross_margin": null,
      "op_margin": 0.023300856908087805,
      "fcf_margin": 0.06372031146065657,
      "incr_op_margin_yoy": 1.2632375189107412,
      "rev_growth_yoy": -0.01276677933365524,
      "rev_growth_yoy_accel": 0.03003028038140993,
      "op_leverage_ratio": 0.6422549077384097,
      "fcf_margin_change": 0.01681283991191832
    },
    {
      "date": "2023-12-31T00:00:00",
      "quarter_label": "2023-12 (Q4)",
      "revenue": 5881400000,
      "gross_profit": null,
      "operating_income": 290400000,
      "net_income": 172400000,
      "opex": 5591000000,
      "cogs": null,
      "rd": null,
      "sga": null,
      "fcf": 729400000,
      "ocf": 729400000,
      "capex": null,
      "gross_margin": null,
      "op_margin": 0.04937599891182372,
      "fcf_margin": 0.12401809093073078,
      "incr_op_margin_yoy": 0.12906724511930587,
      "rev_growth_yoy": 0.0493505566657151,
      "rev_growth_yoy_accel": 0.06211733599937034,
      "op_leverage_ratio": 1.2561522301332426,
      "fcf_margin_change": 0.06029777947007421
    },
    {
      "date": "2024-03-31T00:00:00",
      "quarter_label": "2024-03 (Q1)",
      "revenue": 5124500000,
      "gross_profit": null,
      "operating_income": 114200000,
      "net_income": 66100000,
      "opex": 5010300000,
      "cogs": null,
      "rd": null,
      "sga": null,
      "fcf": -677500000,
      "ocf": -677500000,
      "capex": null,
      "gross_margin": null,
      "op_margin": 0.022285100985461995,
      "fcf_margin": -0.1322080202946629,
      "incr_op_margin_yoy": 0.2356968215158924,
      "rev_growth_yoy": 0.08673523486374722,
      "rev_growth_yoy_accel": 0.03738467819803212,
      "fcf_margin_change": -0.2562261112253937
    },
    {
      "date": "2024-06-30T00:00:00",
      "quarter_label": "2024-06 (Q2)",
      "revenue": 5628700000,
      "gross_profit": null,
      "operating_income": 152400000,
      "net_income": 84400000,
      "opex": 5476300000,
      "cogs": null,
      "rd": null,
      "sga": null,
      "fcf": 273900000,
      "ocf": 273900000,
      "capex": null,
      "gross_margin": null,
      "op_margin": 0.027075523655551017,
      "fcf_margin": 0.04866132499511432,
      "incr_op_margin_yoy": 0.0055536272127733426,
      "rev_growth_yoy": 0.11404255319148936,
      "rev_growth_yoy_accel": 0.027307318327742136,
      "op_leverage_ratio": 1.0578623435260301,
      "fcf_margin_change": 0.18086934528977722
    },
    {
      "date": "2024-09-30T00:00:00",
      "quarter_label": "2024-09 (Q3)",
      "revenue": 5868800000,
      "gross_profit": null,
      "operating_income": 228300000,
      "net_income": 155100000,
      "opex": 5640500000,
      "cogs": null,
      "rd": null,
      "sga": null,
      "fcf": 261600000,
      "ocf": 261600000,
      "capex": null,
      "gross_margin": null,
      "op_margin": 0.03890062704471101,
      "fcf_margin": 0.044574700109051256,
      "incr_op_margin_yoy": 0.14417744916820702,
      "rev_growth_yoy": 0.1481785812106272,
      "rev_growth_yoy_accel": 0.03413602801913786,
      "op_leverage_ratio": 1.422650223936067,
      "fcf_margin_change": -0.004086624886063067
    },
    {
      "date": "2024-12-31T00:00:00",
      "quarter_label": "2024-12 (Q4)",
      "revenue": 6810900000,
      "gross_profit": null,
      "operating_income": 373200000,
      "net_income": 241200000,
      "opex": 6437700000,
      "cogs": null,
      "rd": null,
      "sga": null,
      "fcf": 927300000,
      "ocf": 927300000,
      "capex": null,
      "gross_margin": null,
      "op_margin": 0.0547945205479452,
      "fcf_margin": 0.13614940756728186,
      "incr_op_margin_yoy": 0.08908015061861216,
      "rev_growth_yoy": 0.15804060257761757,
      "rev_growth_yoy_accel": 0.009862021366990353,
      "op_leverage_ratio": 1.1357899137746834,
      "fcf_margin_change": 0.0915747074582306
    },
    {
      "date": "2025-03-31T00:00:00",
      "quarter_label": "2025-03 (Q1)",
      "revenue": 5746400000,
      "gross_profit": null,
      "operating_income": 120000000,
      "net_income": null,
      "opex": 5626400000,
      "cogs": null,
      "rd": null,
      "sga": null,
      "fcf": -767600000,
      "ocf": -767600000,
      "capex": null,
      "gross_margin": null,
      "op_margin": 0.020882639565641098,
      "fcf_margin": -0.1335792844215509,
      "incr_op_margin_yoy": 0.009326258240874739,
      "rev_growth_yoy": 0.12135818128597912,
      "rev_growth_yoy_accel": -0.03668242129163844,
      "fcf_margin_change": -0.26972869198883276
    },
    {
      "date": "2025-06-30T00:00:00",
      "quarter_label": "2025-06 (Q2)",
      "revenue": 6250100000,
      "gross_profit": null,
      "operating_income": 197400000,
      "net_income": null,
      "opex": 6052700000,
      "cogs": null,
      "rd": null,
      "sga": null,
      "fcf": 332800000,
      "ocf": 332800000,
      "capex": null,
      "gross_margin": null,
      "op_margin": 0.031583494664085374,
      "fcf_margin": 0.05324714804563127,
      "incr_op_margin_yoy": 0.07241712262632764,
      "rev_growth_yoy": 0.11039849343542914,
      "rev_growth_yoy_accel": -0.010959687850549987,
      "op_leverage_ratio": 1.1568881408650868,
      "fcf_margin_change": 0.18682643246718217
    },
    {
      "date": "2025-09-30T00:00:00",
      "quarter_label": "2025-09 (Q3)",
      "revenue": 6510400000,
      "gross_profit": null,
      "operating_income": 273700000,
      "net_income": null,
      "opex": 6236700000,
      "cogs": null,
      "rd": null,
      "sga": null,
      "fcf": 617100000,
      "ocf": 617100000,
      "capex": null,
      "gross_margin": null,
      "op_margin": 0.04204042762349472,
      "fcf_margin": 0.0947868026542148,
      "incr_op_margin_yoy": 0.07076059850374065,
      "rev_growth_yoy": 0.10932388222464558,
      "rev_growth_yoy_accel": -0.0010746112107835604,
      "op_leverage_ratio": 1.3699935670594487,
      "fcf_margin_change": 0.041539654608583526
    }
  ],
  "signals": [
    {
      "quarter": "2025-06 (Q2)",
      "signal": "FCF TURNED POSITIVE",
      "detail": "FCF margin: -13.4% -> +5.3%",
      "severity": "HIGH"
    },
    {
      "quarter": "2024-12 (Q4)",
      "signal": "FCF MARGIN EXPANSION",
      "detail": "FCF margin: +4.5% -> +13.6% (+9.2%)",
      "severity": "MEDIUM"
    },
    {
      "quarter": "2024-09 (Q3)",
      "signal": "INCREMENTAL MARGIN (YoY)",
      "detail": "YoY Incr OPM: +14.4% vs year-ago OPM: +2.3%",
      "severity": "MEDIUM"
    },
    {
      "quarter": "2024-06 (Q2)",
      "signal": "FCF TURNED POSITIVE",
      "detail": "FCF margin: -13.2% -> +4.9%",
      "severity": "HIGH"
    },
    {
      "quarter": "2024-03 (Q1)",
      "signal": "INCREMENTAL MARGIN (YoY)",
      "detail": "YoY Incr OPM: +23.6% vs year-ago OPM: +0.4%",
      "severity": "HIGH"
    },
    {
      "quarter": "2023-12 (Q4)",
      "signal": "FCF MARGIN EXPANSION",
      "detail": "FCF margin: +6.4% -> +12.4% (+6.0%)",
      "severity": "MEDIUM"
    },
    {
      "quarter": "2023-12 (Q4)",
      "signal": "YoY REVENUE GROWTH ACCELERATION",
      "detail": "YoY growth: +4.9% vs prior quarter YoY: -1.3% (accel: +6.2%)",
      "severity": "MEDIUM"
    },
    {
      "quarter": "2023-09 (Q3)",
      "signal": "INCREMENTAL MARGIN (YoY)",
      "detail": "YoY Incr OPM: +126.3% vs year-ago OPM: +3.9%",
      "severity": "HIGH"
    },
    {
      "quarter": "2023-06 (Q2)",
      "signal": "FCF TURNED POSITIVE",
      "detail": "FCF margin: -15.2% -> +4.7%",
      "severity": "HIGH"
    },
    {
      "quarter": "2023-06 (Q2)",
      "signal": "OPERATING LEVERAGE",
      "detail": "Rev growth +7.1% vs OpEx growth +4.4% (leverage: 1.6x)",
      "severity": "MEDIUM"
    },
    {
      "quarter": "2023-06 (Q2)",
      "signal": "INCREMENTAL MARGIN (YoY)",
      "detail": "YoY Incr OPM: +38.0% vs year-ago OPM: +4.5%",
      "severity": "HIGH"
    },
    {
      "quarter": "2023-03 (Q1)",
      "signal": "INCREMENTAL MARGIN (YoY)",
      "detail": "YoY Incr OPM: +183.8% vs year-ago OPM: +3.7%",
      "severity": "HIGH"
    },
    {
      "quarter": "2022-12 (Q4)",
      "signal": "FCF MARGIN EXPANSION",
      "detail": "FCF margin: +2.7% -> +10.7% (+8.1%)",
      "severity": "MEDIUM"
    },
    {
      "quarter": "2022-12 (Q4)",
      "signal": "YoY REVENUE GROWTH DECELERATION",
      "detail": "YoY growth: -5.7% vs prior quarter YoY: +5.9% (decel: -11.6%)",
      "severity": "WARNING"
    },
    {
      "quarter": "2022-12 (Q4)",
      "signal": "INCREMENTAL MARGIN (YoY)",
      "detail": "YoY Incr OPM: +56.0% vs year-ago OPM: +7.5%",
      "severity": "HIGH"
    },
    {
      "quarter": "2022-09 (Q3)",
      "signal": "YoY REVENUE GROWTH DECELERATION",
      "detail": "YoY growth: +5.9% vs prior quarter YoY: +17.4% (decel: -11.5%)",
      "severity": "WARNING"
    },
    {
      "quarter": "2022-06 (Q2)",
      "signal": "FCF TURNED POSITIVE",
      "detail": "FCF margin: -14.9% -> +3.4%",
      "severity": "HIGH"
    },
    {
      "quarter": "2022-03 (Q1)",
      "signal": "INCREMENTAL MARGIN (YoY)",
      "detail": "YoY Incr OPM: +12.4% vs year-ago OPM: +2.0%",
      "severity": "MEDIUM"
    },
    {
      "quarter": "2021-06 (Q2)",
      "signal": "FCF TURNED POSITIVE",
      "detail": "FCF margin: -11.4% -> +4.8%",
      "severity": "HIGH"
    }
  ],
  "data_quality": {
    "n_quarters": 20,
    "coverage": {
      "revenue": [
        20,
        20
      ],
      "gross_profit": [
        0,
        20
      ],
      "op_income": [
        20,
        20
      ],
      "fcf": [
        20,
        20
      ]
    },
    "gaps": [],
    "warnings": [
      "gross_profit: no data"
    ]
  },
  "market_cap": null,
  "source": "SEC EDGAR",
  "last_updated": "2026-02-02T20:22:45.387617"
}