{
  "ticker": "JOB",
  "name": "GEE GROUP INC.",
  "sector": "Industrials",
  "industry": "Staffing & Employment Services",
  "quarters": [
    {
      "date": "2021-03-31T00:00:00",
      "quarter_label": "2021-03 (Q1)",
      "revenue": 34718000,
      "gross_profit": 10908000,
      "operating_income": 637000,
      "net_income": -1735000,
      "opex": 10271000,
      "cogs": 23810000,
      "rd": null,
      "sga": 9179000,
      "fcf": 139000,
      "ocf": 149000,
      "capex": -10000,
      "gross_margin": 0.3141886053344087,
      "op_margin": 0.018347831096261306,
      "fcf_margin": 0.004003686848320756
    },
    {
      "date": "2021-06-30T00:00:00",
      "quarter_label": "2021-06 (Q2)",
      "revenue": 38068000,
      "gross_profit": 13826000,
      "operating_income": 1620000,
      "net_income": -937000,
      "opex": 12206000,
      "cogs": 24242000,
      "rd": null,
      "sga": 11113000,
      "fcf": -2528000,
      "ocf": -2472000,
      "capex": -56000,
      "gross_margin": 0.36319218241042345,
      "op_margin": 0.042555427130398234,
      "fcf_margin": -0.06640748134916465,
      "op_leverage_ratio": 0.5121791181900742,
      "fcf_margin_change": -0.0704111681974854
    },
    {
      "date": "2021-09-30T00:00:00",
      "quarter_label": "2021-09 (Q3)",
      "revenue": 41451000,
      "gross_profit": 15227000,
      "operating_income": 2257000,
      "net_income": 2993000,
      "opex": 12970000,
      "cogs": 26224000,
      "rd": null,
      "sga": 11872000,
      "fcf": 2588000,
      "ocf": 2646000,
      "capex": -58000,
      "gross_margin": 0.36734940049697234,
      "op_margin": 0.05444983233215121,
      "fcf_margin": 0.06243516441099129,
      "op_leverage_ratio": 1.4197829098328867,
      "fcf_margin_change": 0.12884264576015594
    },
    {
      "date": "2021-12-31T00:00:00",
      "quarter_label": "2021-12 (Q4)",
      "revenue": 42847000,
      "gross_profit": 15582000,
      "operating_income": -27000,
      "net_income": 16668000,
      "opex": 15609000,
      "cogs": null,
      "rd": null,
      "sga": 12359000,
      "fcf": 2180000,
      "ocf": 2264000,
      "capex": -84000,
      "gross_margin": 0.3636660676360072,
      "op_margin": -0.0006301491352953532,
      "fcf_margin": 0.050878707960884076,
      "op_leverage_ratio": 0.16552019596744613,
      "fcf_margin_change": -0.011556456450107215
    },
    {
      "date": "2022-03-31T00:00:00",
      "quarter_label": "2022-03 (Q1)",
      "revenue": 39629000,
      "gross_profit": 14514000,
      "operating_income": 1177000,
      "net_income": 1087000,
      "opex": 13337000,
      "cogs": null,
      "rd": null,
      "sga": 12228000,
      "fcf": 2121000,
      "ocf": 2192000,
      "capex": -71000,
      "gross_margin": 0.3662469403719498,
      "op_margin": 0.029700471876655983,
      "fcf_margin": 0.05352141108783971,
      "incr_op_margin_yoy": 0.10995723885155773,
      "rev_growth_yoy": 0.14145400080649806,
      "fcf_margin_change": 0.0026427031269556367
    },
    {
      "date": "2022-06-30T00:00:00",
      "quarter_label": "2022-06 (Q2)",
      "revenue": 41113000,
      "gross_profit": 16501000,
      "operating_income": 2825000,
      "net_income": 2633000,
      "opex": 13676000,
      "cogs": null,
      "rd": null,
      "sga": 12860000,
      "fcf": 3405000,
      "ocf": 3475000,
      "capex": -70000,
      "gross_margin": 0.4013572349378542,
      "op_margin": 0.06871305912971566,
      "fcf_margin": 0.0828205190572325,
      "incr_op_margin_yoy": 0.3957307060755337,
      "rev_growth_yoy": 0.07998844173584113,
      "rev_growth_yoy_accel": -0.06146555907065693,
      "op_leverage_ratio": 1.4732594668053571,
      "fcf_margin_change": 0.029299107969392793
    },
    {
      "date": "2022-09-30T00:00:00",
      "quarter_label": "2022-09 (Q3)",
      "revenue": 41523000,
      "gross_profit": 15081000,
      "operating_income": -200000,
      "net_income": -789000,
      "opex": 15281000,
      "cogs": null,
      "rd": null,
      "sga": 14466000,
      "fcf": 1362000,
      "ocf": 1465000,
      "capex": -103000,
      "gross_margin": 0.3631963008453146,
      "op_margin": -0.004816607663222792,
      "fcf_margin": 0.032801098186547216,
      "rev_growth_yoy": 0.0017369906636751828,
      "rev_growth_yoy_accel": -0.07825145107216595,
      "fcf_margin_change": -0.05001942087068529
    },
    {
      "date": "2022-12-31T00:00:00",
      "quarter_label": "2022-12 (Q4)",
      "revenue": 41148000,
      "gross_profit": 14391000,
      "operating_income": 762000,
      "net_income": 654000,
      "opex": 13629000,
      "cogs": 26757000,
      "rd": null,
      "sga": 12808000,
      "fcf": -327000,
      "ocf": -277000,
      "capex": -50000,
      "gross_margin": 0.349737532808399,
      "op_margin": 0.018518518518518517,
      "fcf_margin": -0.00794692330125401,
      "incr_op_margin_yoy": -0.4643908181283108,
      "rev_growth_yoy": -0.03965271780988167,
      "rev_growth_yoy_accel": -0.04138970847355686,
      "fcf_margin_change": -0.040748021487801225
    },
    {
      "date": "2023-03-31T00:00:00",
      "quarter_label": "2023-03 (Q1)",
      "revenue": 38859000,
      "gross_profit": 13216000,
      "operating_income": 694000,
      "net_income": 658000,
      "opex": 12522000,
      "cogs": 25643000,
      "rd": null,
      "sga": 11705000,
      "fcf": 1682000,
      "ocf": 1716000,
      "capex": -34000,
      "gross_margin": 0.34010139221287217,
      "op_margin": 0.01785944054144471,
      "fcf_margin": 0.0432846959520317,
      "rev_growth_yoy": -0.01943021524641046,
      "rev_growth_yoy_accel": 0.020222502563471214,
      "fcf_margin_change": 0.05123161925328571
    },
    {
      "date": "2023-06-30T00:00:00",
      "quarter_label": "2023-06 (Q2)",
      "revenue": 38171000,
      "gross_profit": 13653000,
      "operating_income": 1084000,
      "net_income": 7876000,
      "opex": 12569000,
      "cogs": 24518000,
      "rd": null,
      "sga": 11753000,
      "fcf": 1147000,
      "ocf": 1167000,
      "capex": -20000,
      "gross_margin": 0.3576799140708915,
      "op_margin": 0.028398522438500433,
      "fcf_margin": 0.030048990070996307,
      "incr_op_margin_yoy": 0.5917743031951054,
      "rev_growth_yoy": -0.07155887432199061,
      "rev_growth_yoy_accel": -0.05212865907558015,
      "fcf_margin_change": -0.013235705881035394
    },
    {
      "date": "2023-09-30T00:00:00",
      "quarter_label": "2023-09 (Q3)",
      "revenue": 34265000,
      "gross_profit": 11612000,
      "operating_income": -507000,
      "net_income": 230000,
      "opex": 12119000,
      "cogs": 22653000,
      "rd": null,
      "sga": 11311000,
      "fcf": 3299000,
      "ocf": 3284000,
      "capex": 15000,
      "gross_margin": 0.3388880782139209,
      "op_margin": -0.01479643951554064,
      "fcf_margin": 0.09627900189697942,
      "incr_op_margin_yoy": 0.042298153761366766,
      "rev_growth_yoy": -0.17479469209835513,
      "rev_growth_yoy_accel": -0.10323581777636452,
      "fcf_margin_change": 0.06623001182598312
    },
    {
      "date": "2023-12-31T00:00:00",
      "quarter_label": "2023-12 (Q4)",
      "revenue": 30631000,
      "gross_profit": 9736000,
      "operating_income": -1674000,
      "net_income": -1555000,
      "opex": 11410000,
      "cogs": 20895000,
      "rd": null,
      "sga": 10606000,
      "fcf": -945000,
      "ocf": -919000,
      "capex": -26000,
      "gross_margin": 0.3178479318337632,
      "op_margin": -0.05465051744964252,
      "fcf_margin": -0.030851098560282068,
      "incr_op_margin_yoy": 0.23162498811448132,
      "rev_growth_yoy": -0.2555895790803927,
      "rev_growth_yoy_accel": -0.08079488698203757,
      "fcf_margin_change": -0.1271301004572615
    },
    {
      "date": "2024-03-31T00:00:00",
      "quarter_label": "2024-03 (Q1)",
      "revenue": 28050000,
      "gross_profit": 8767000,
      "operating_income": -2035000,
      "net_income": -1008000,
      "opex": 10802000,
      "cogs": 19283000,
      "rd": null,
      "sga": 10006000,
      "fcf": 1330000,
      "ocf": 1342000,
      "capex": -12000,
      "gross_margin": 0.31254901960784315,
      "op_margin": -0.07254901960784314,
      "fcf_margin": 0.047415329768270946,
      "incr_op_margin_yoy": 0.25247478952724584,
      "rev_growth_yoy": -0.2781594997297923,
      "rev_growth_yoy_accel": -0.02256992064939961,
      "fcf_margin_change": 0.07826642832855302
    },
    {
      "date": "2024-06-30T00:00:00",
      "quarter_label": "2024-06 (Q2)",
      "revenue": 29456000,
      "gross_profit": 9595000,
      "operating_income": -21896000,
      "net_income": -19286000,
      "opex": 31491000,
      "cogs": 19861000,
      "rd": null,
      "sga": 10203000,
      "fcf": -1560000,
      "ocf": -1540000,
      "capex": -20000,
      "gross_margin": 0.3257400869092884,
      "op_margin": -0.7433460076045627,
      "fcf_margin": -0.052960347637153724,
      "incr_op_margin_yoy": 2.6368330464716006,
      "rev_growth_yoy": -0.2283146891619292,
      "rev_growth_yoy_accel": 0.04984481056786311,
      "op_leverage_ratio": 0.026170807827215183,
      "fcf_margin_change": -0.10037567740542466
    },
    {
      "date": "2024-09-30T00:00:00",
      "quarter_label": "2024-09 (Q3)",
      "revenue": 28346000,
      "gross_profit": 9548000,
      "operating_income": -1452000,
      "net_income": -2253000,
      "opex": 11000000,
      "cogs": 18798000,
      "rd": null,
      "sga": 10730000,
      "fcf": 1319000,
      "ocf": 1319000,
      "capex": null,
      "gross_margin": 0.3368376490510125,
      "op_margin": -0.0512241586114443,
      "fcf_margin": 0.04653213857334368,
      "incr_op_margin_yoy": 0.15965534718702484,
      "rev_growth_yoy": -0.17274186487669635,
      "rev_growth_yoy_accel": 0.05557282428523286,
      "fcf_margin_change": 0.0994924862104974
    },
    {
      "date": "2024-12-31T00:00:00",
      "quarter_label": "2024-12 (Q4)",
      "revenue": 26026000,
      "gross_profit": 8296000,
      "operating_income": -781000,
      "net_income": -692000,
      "opex": 9077000,
      "cogs": 17730000,
      "rd": null,
      "sga": 8815000,
      "fcf": -1118000,
      "ocf": -1117000,
      "capex": -1000,
      "gross_margin": 0.3187581649120111,
      "op_margin": -0.030008453085376162,
      "fcf_margin": -0.04295704295704296,
      "incr_op_margin_yoy": -0.19391965255157437,
      "rev_growth_yoy": -0.15033789298423167,
      "rev_growth_yoy_accel": 0.02240397189246468,
      "fcf_margin_change": -0.08948918153038664
    },
    {
      "date": "2025-03-31T00:00:00",
      "quarter_label": "2025-03 (Q1)",
      "revenue": 24495000,
      "gross_profit": 8360000,
      "operating_income": -23220000,
      "net_income": -33119000,
      "opex": 31580000,
      "cogs": 16135000,
      "rd": null,
      "sga": 9305000,
      "fcf": -27000,
      "ocf": -24000,
      "capex": -3000,
      "gross_margin": 0.3412941416615636,
      "op_margin": -0.9479485609308022,
      "fcf_margin": -0.0011022657685241886,
      "incr_op_margin_yoy": 5.959212376933896,
      "rev_growth_yoy": -0.1267379679144385,
      "rev_growth_yoy_accel": 0.023599925069793165,
      "fcf_margin_change": 0.04185477718851877
    },
    {
      "date": "2025-06-30T00:00:00",
      "quarter_label": "2025-06 (Q2)",
      "revenue": 24523000,
      "gross_profit": 8681000,
      "operating_income": -544000,
      "net_income": -423000,
      "opex": 9225000,
      "cogs": 15842000,
      "rd": null,
      "sga": 8951000,
      "fcf": -755000,
      "ocf": -743000,
      "capex": -12000,
      "gross_margin": 0.35399420951759575,
      "op_margin": -0.022183256534681728,
      "fcf_margin": -0.030787424050891,
      "incr_op_margin_yoy": -4.328400567605919,
      "rev_growth_yoy": -0.16747012493210212,
      "rev_growth_yoy_accel": -0.04073215701766361,
      "fcf_margin_change": -0.029685158282366814
    },
    {
      "date": "2025-09-30T00:00:00",
      "quarter_label": "2025-09 (Q3)",
      "revenue": 23461000,
      "gross_profit": 8405000,
      "operating_income": -773000,
      "net_income": -513000,
      "opex": 9178000,
      "cogs": 15056000,
      "rd": null,
      "sga": 8929000,
      "fcf": 2433000,
      "ocf": 2433000,
      "capex": null,
      "gross_margin": 0.3582541238651379,
      "op_margin": -0.032948297174033504,
      "fcf_margin": 0.10370401943651165,
      "incr_op_margin_yoy": -0.1389969293756397,
      "rev_growth_yoy": -0.17233472094828195,
      "rev_growth_yoy_accel": -0.004864596016179834,
      "fcf_margin_change": 0.13449144348740266
    },
    {
      "date": "2025-12-31T00:00:00",
      "quarter_label": "2025-12 (Q4)",
      "revenue": 20516000,
      "gross_profit": 7405000,
      "operating_income": -409000,
      "net_income": -150000,
      "opex": 7814000,
      "cogs": 13111000,
      "rd": null,
      "sga": 7708000,
      "fcf": -1198000,
      "ocf": -1194000,
      "capex": -4000,
      "gross_margin": 0.36093780464028075,
      "op_margin": -0.01993565997270423,
      "fcf_margin": -0.05839344901540261,
      "incr_op_margin_yoy": -0.06751361161524501,
      "rev_growth_yoy": -0.2117113655575194,
      "rev_growth_yoy_accel": -0.039376644609237454,
      "fcf_margin_change": -0.16209746845191425
    }
  ],
  "signals": [
    {
      "quarter": "2025-09 (Q3)",
      "signal": "FCF TURNED POSITIVE",
      "detail": "FCF margin: -3.1% -> +10.4%",
      "severity": "HIGH"
    },
    {
      "quarter": "2025-03 (Q1)",
      "signal": "GROSS MARGIN INFLECTION",
      "detail": "GM: +33.7% -> +31.9% -> +34.1% (reversal +2.3%)",
      "severity": "MEDIUM"
    },
    {
      "quarter": "2024-09 (Q3)",
      "signal": "FCF TURNED POSITIVE",
      "detail": "FCF margin: -5.3% -> +4.7%",
      "severity": "HIGH"
    },
    {
      "quarter": "2024-09 (Q3)",
      "signal": "YoY REVENUE GROWTH ACCELERATION",
      "detail": "YoY growth: -17.3% vs prior quarter YoY: -22.8% (accel: +5.6%)",
      "severity": "MEDIUM"
    },
    {
      "quarter": "2024-03 (Q1)",
      "signal": "FCF TURNED POSITIVE",
      "detail": "FCF margin: -3.1% -> +4.7%",
      "severity": "HIGH"
    },
    {
      "quarter": "2023-12 (Q4)",
      "signal": "YoY REVENUE GROWTH DECELERATION",
      "detail": "YoY growth: -25.6% vs prior quarter YoY: -17.5% (decel: -8.1%)",
      "severity": "WARNING"
    },
    {
      "quarter": "2023-09 (Q3)",
      "signal": "FCF MARGIN EXPANSION",
      "detail": "FCF margin: +3.0% -> +9.6% (+6.6%)",
      "severity": "MEDIUM"
    },
    {
      "quarter": "2023-09 (Q3)",
      "signal": "YoY REVENUE GROWTH DECELERATION",
      "detail": "YoY growth: -17.5% vs prior quarter YoY: -7.2% (decel: -10.3%)",
      "severity": "WARNING"
    },
    {
      "quarter": "2023-06 (Q2)",
      "signal": "YoY REVENUE GROWTH DECELERATION",
      "detail": "YoY growth: -7.2% vs prior quarter YoY: -1.9% (decel: -5.2%)",
      "severity": "WARNING"
    },
    {
      "quarter": "2023-06 (Q2)",
      "signal": "INCREMENTAL MARGIN (YoY)",
      "detail": "YoY Incr OPM: +59.2% vs year-ago OPM: +6.9%",
      "severity": "HIGH"
    },
    {
      "quarter": "2023-03 (Q1)",
      "signal": "FCF TURNED POSITIVE",
      "detail": "FCF margin: -0.8% -> +4.3%",
      "severity": "HIGH"
    },
    {
      "quarter": "2022-12 (Q4)",
      "signal": "OP MARGIN TURNED POSITIVE (YoY)",
      "detail": "Op margin: -0.1% (year-ago) -> +1.9%",
      "severity": "HIGH"
    },
    {
      "quarter": "2022-12 (Q4)",
      "signal": "OP MARGIN TURNED POSITIVE (QoQ)",
      "detail": "Op margin: -0.5% -> +1.9%",
      "severity": "HIGH"
    },
    {
      "quarter": "2022-09 (Q3)",
      "signal": "YoY REVENUE GROWTH DECELERATION",
      "detail": "YoY growth: +0.2% vs prior quarter YoY: +8.0% (decel: -7.8%)",
      "severity": "WARNING"
    },
    {
      "quarter": "2022-06 (Q2)",
      "signal": "YoY REVENUE GROWTH DECELERATION",
      "detail": "YoY growth: +8.0% vs prior quarter YoY: +14.1% (decel: -6.1%)",
      "severity": "WARNING"
    },
    {
      "quarter": "2022-06 (Q2)",
      "signal": "INCREMENTAL MARGIN (YoY)",
      "detail": "YoY Incr OPM: +39.6% vs year-ago OPM: +4.3%",
      "severity": "HIGH"
    },
    {
      "quarter": "2022-03 (Q1)",
      "signal": "OP MARGIN TURNED POSITIVE (QoQ)",
      "detail": "Op margin: -0.1% -> +3.0%",
      "severity": "HIGH"
    },
    {
      "quarter": "2021-09 (Q3)",
      "signal": "FCF TURNED POSITIVE",
      "detail": "FCF margin: -6.6% -> +6.2%",
      "severity": "HIGH"
    }
  ],
  "data_quality": {
    "n_quarters": 20,
    "coverage": {
      "revenue": [
        20,
        20
      ],
      "gross_profit": [
        20,
        20
      ],
      "op_income": [
        20,
        20
      ],
      "fcf": [
        20,
        20
      ]
    },
    "gaps": [],
    "warnings": []
  },
  "market_cap": null,
  "source": "SEC EDGAR",
  "last_updated": "2026-02-13T11:35:03.426569"
}