{
  "ticker": "JRVR",
  "name": "JAMES RIVER GROUP HOLDINGS, LTD.",
  "quarters": [
    {
      "date": "2020-12-31T00:00:00",
      "quarter_label": "2020-12 (Q4)",
      "revenue": 194191000,
      "gross_profit": null,
      "operating_income": null,
      "net_income": -20258000,
      "opex": 211544000,
      "cogs": null,
      "rd": null,
      "sga": null,
      "fcf": -52004000,
      "ocf": -51770000,
      "capex": -234000,
      "gross_margin": null,
      "op_margin": null,
      "fcf_margin": -0.2677981986806804
    },
    {
      "date": "2021-03-31T00:00:00",
      "quarter_label": "2021-03 (Q1)",
      "revenue": 182980000,
      "gross_profit": null,
      "operating_income": null,
      "net_income": -103460000,
      "opex": 323809000,
      "cogs": null,
      "rd": null,
      "sga": null,
      "fcf": -81005000,
      "ocf": -81005000,
      "capex": null,
      "gross_margin": null,
      "op_margin": null,
      "fcf_margin": -0.4426986555907749,
      "fcf_margin_change": -0.17490045691009454
    },
    {
      "date": "2021-06-30T00:00:00",
      "quarter_label": "2021-06 (Q2)",
      "revenue": 191567000,
      "gross_profit": null,
      "operating_income": null,
      "net_income": 20843000,
      "opex": 159084000,
      "cogs": null,
      "rd": null,
      "sga": null,
      "fcf": -13874000,
      "ocf": -11998000,
      "capex": -1876000,
      "gross_margin": null,
      "op_margin": null,
      "fcf_margin": -0.0724237473051204,
      "op_leverage_ratio": Infinity,
      "fcf_margin_change": 0.3702749082856545
    },
    {
      "date": "2021-09-30T00:00:00",
      "quarter_label": "2021-09 (Q3)",
      "revenue": 190993000,
      "gross_profit": null,
      "operating_income": null,
      "net_income": -23889000,
      "opex": 212294000,
      "cogs": null,
      "rd": null,
      "sga": null,
      "fcf": -969365000,
      "ocf": -968311000,
      "capex": -1054000,
      "gross_margin": null,
      "op_margin": null,
      "fcf_margin": -5.075395433340489,
      "fcf_margin_change": -5.002971686035369
    },
    {
      "date": "2021-12-31T00:00:00",
      "quarter_label": "2021-12 (Q4)",
      "revenue": 207340000,
      "gross_profit": null,
      "operating_income": null,
      "net_income": -66293000,
      "opex": null,
      "cogs": null,
      "rd": null,
      "sga": null,
      "fcf": 144395000,
      "ocf": 147768000,
      "capex": -3373000,
      "gross_margin": null,
      "op_margin": null,
      "fcf_margin": 0.6964165139384586,
      "rev_growth_yoy": 0.06771168591747301,
      "fcf_margin_change": 5.771811947278948
    },
    {
      "date": "2022-03-31T00:00:00",
      "quarter_label": "2022-03 (Q1)",
      "revenue": 201948000,
      "gross_profit": null,
      "operating_income": null,
      "net_income": 10205000,
      "opex": null,
      "cogs": null,
      "rd": null,
      "sga": null,
      "fcf": 63626000,
      "ocf": 65355000,
      "capex": -1729000,
      "gross_margin": null,
      "op_margin": null,
      "fcf_margin": 0.3150613029096599,
      "rev_growth_yoy": 0.10366160236091376,
      "rev_growth_yoy_accel": 0.035949916443440755,
      "fcf_margin_change": -0.3813552110287987
    },
    {
      "date": "2022-06-30T00:00:00",
      "quarter_label": "2022-06 (Q2)",
      "revenue": 184806000,
      "gross_profit": null,
      "operating_income": null,
      "net_income": 7664000,
      "opex": null,
      "cogs": null,
      "rd": null,
      "sga": null,
      "fcf": 72520000,
      "ocf": 73966000,
      "capex": -1446000,
      "gross_margin": null,
      "op_margin": null,
      "fcf_margin": 0.3924115017910674,
      "rev_growth_yoy": -0.03529313503891589,
      "rev_growth_yoy_accel": -0.13895473739982966,
      "fcf_margin_change": 0.07735019888140748
    },
    {
      "date": "2022-09-30T00:00:00",
      "quarter_label": "2022-09 (Q3)",
      "revenue": 201229000,
      "gross_profit": null,
      "operating_income": null,
      "net_income": -4621000,
      "opex": null,
      "cogs": null,
      "rd": null,
      "sga": null,
      "fcf": 27419000,
      "ocf": 28808000,
      "capex": -1389000,
      "gross_margin": null,
      "op_margin": null,
      "fcf_margin": 0.1362576964552823,
      "rev_growth_yoy": 0.053593587199530876,
      "rev_growth_yoy_accel": 0.08888672223844676,
      "fcf_margin_change": -0.2561538053357851
    },
    {
      "date": "2022-12-31T00:00:00",
      "quarter_label": "2022-12 (Q4)",
      "revenue": 186805000,
      "gross_profit": null,
      "operating_income": null,
      "net_income": 17725000,
      "opex": null,
      "cogs": null,
      "rd": null,
      "sga": null,
      "fcf": 50950000,
      "ocf": 54605000,
      "capex": -3655000,
      "gross_margin": null,
      "op_margin": null,
      "fcf_margin": 0.27274430555927304,
      "rev_growth_yoy": -0.09904022378701649,
      "rev_growth_yoy_accel": -0.15263381098654738,
      "fcf_margin_change": 0.13648660910399074
    },
    {
      "date": "2023-03-31T00:00:00",
      "quarter_label": "2023-03 (Q1)",
      "revenue": 235601000,
      "gross_profit": null,
      "operating_income": null,
      "net_income": 9608000,
      "opex": null,
      "cogs": null,
      "rd": null,
      "sga": null,
      "fcf": 18155000,
      "ocf": 19452000,
      "capex": -1297000,
      "gross_margin": null,
      "op_margin": null,
      "fcf_margin": 0.07705824678163506,
      "rev_growth_yoy": 0.1666419078178541,
      "rev_growth_yoy_accel": 0.2656821316048706,
      "fcf_margin_change": -0.19568605877763798
    },
    {
      "date": "2023-06-30T00:00:00",
      "quarter_label": "2023-06 (Q2)",
      "revenue": 238442000,
      "gross_profit": null,
      "operating_income": null,
      "net_income": 23693000,
      "opex": null,
      "cogs": null,
      "rd": null,
      "sga": null,
      "fcf": 22293000,
      "ocf": 23169000,
      "capex": -876000,
      "gross_margin": null,
      "op_margin": null,
      "fcf_margin": 0.09349443470529521,
      "rev_growth_yoy": 0.29022867222925663,
      "rev_growth_yoy_accel": 0.12358676441140254,
      "fcf_margin_change": 0.016436187923660153
    },
    {
      "date": "2023-09-30T00:00:00",
      "quarter_label": "2023-09 (Q3)",
      "revenue": 233427000,
      "gross_profit": null,
      "operating_income": null,
      "net_income": 19551000,
      "opex": null,
      "cogs": null,
      "rd": null,
      "sga": null,
      "fcf": 53996000,
      "ocf": 55130000,
      "capex": -1134000,
      "gross_margin": null,
      "op_margin": null,
      "fcf_margin": 0.23131857068805237,
      "rev_growth_yoy": 0.16000675846920673,
      "rev_growth_yoy_accel": -0.1302219137600499,
      "fcf_margin_change": 0.13782413598275717
    },
    {
      "date": "2023-12-31T00:00:00",
      "quarter_label": "2023-12 (Q4)",
      "revenue": 218104000,
      "gross_profit": null,
      "operating_income": null,
      "net_income": -150155000,
      "opex": null,
      "cogs": null,
      "rd": null,
      "sga": null,
      "fcf": -12925000,
      "ocf": -9798000,
      "capex": -3127000,
      "gross_margin": null,
      "op_margin": null,
      "fcf_margin": -0.05926071965667755,
      "rev_growth_yoy": 0.1675490484730066,
      "rev_growth_yoy_accel": 0.007542290003799884,
      "fcf_margin_change": -0.2905792903447299
    },
    {
      "date": "2024-03-31T00:00:00",
      "quarter_label": "2024-03 (Q1)",
      "revenue": 201127000,
      "gross_profit": null,
      "operating_income": null,
      "net_income": 15403000,
      "opex": null,
      "cogs": null,
      "rd": null,
      "sga": null,
      "fcf": 23334000,
      "ocf": 24079000,
      "capex": -745000,
      "gross_margin": null,
      "op_margin": null,
      "fcf_margin": 0.11601624844004037,
      "rev_growth_yoy": -0.14632365736987535,
      "rev_growth_yoy_accel": -0.31387270584288196,
      "fcf_margin_change": 0.17527696809671792
    },
    {
      "date": "2024-06-30T00:00:00",
      "quarter_label": "2024-06 (Q2)",
      "revenue": 188289000,
      "gross_profit": null,
      "operating_income": null,
      "net_income": 7625000,
      "opex": null,
      "cogs": null,
      "rd": null,
      "sga": null,
      "fcf": -9264000,
      "ocf": -8682000,
      "capex": -582000,
      "gross_margin": null,
      "op_margin": null,
      "fcf_margin": -0.049200962350429395,
      "rev_growth_yoy": -0.21033626626181628,
      "rev_growth_yoy_accel": -0.06401260889194094,
      "fcf_margin_change": -0.16521721079046975
    },
    {
      "date": "2024-09-30T00:00:00",
      "quarter_label": "2024-09 (Q3)",
      "revenue": 191497000,
      "gross_profit": null,
      "operating_income": null,
      "net_income": -39381000,
      "opex": null,
      "cogs": null,
      "rd": null,
      "sga": null,
      "fcf": -270777000,
      "ocf": -269947000,
      "capex": -830000,
      "gross_margin": null,
      "op_margin": null,
      "fcf_margin": -1.4140012637273691,
      "rev_growth_yoy": -0.17962789223183265,
      "rev_growth_yoy_accel": 0.030708374029983637,
      "fcf_margin_change": -1.3648003013769396
    },
    {
      "date": "2024-12-31T00:00:00",
      "quarter_label": "2024-12 (Q4)",
      "revenue": 126713000,
      "gross_profit": null,
      "operating_income": null,
      "net_income": -64767000,
      "opex": null,
      "cogs": null,
      "rd": null,
      "sga": null,
      "fcf": 4732000,
      "ocf": 7465000,
      "capex": -2733000,
      "gross_margin": null,
      "op_margin": null,
      "fcf_margin": 0.03734423460891937,
      "rev_growth_yoy": -0.4190248688698969,
      "rev_growth_yoy_accel": -0.23939697663806428,
      "fcf_margin_change": 1.4513454983362886
    },
    {
      "date": "2025-03-31T00:00:00",
      "quarter_label": "2025-03 (Q1)",
      "revenue": 172289000,
      "gross_profit": null,
      "operating_income": null,
      "net_income": 9574000,
      "opex": null,
      "cogs": null,
      "rd": null,
      "sga": null,
      "fcf": -52685000,
      "ocf": -51467000,
      "capex": -1218000,
      "gross_margin": null,
      "op_margin": null,
      "fcf_margin": -0.305794333938905,
      "rev_growth_yoy": -0.14338204219224668,
      "rev_growth_yoy_accel": 0.2756428266776503,
      "fcf_margin_change": -0.3431385685478244
    },
    {
      "date": "2025-06-30T00:00:00",
      "quarter_label": "2025-06 (Q2)",
      "revenue": 174843000,
      "gross_profit": null,
      "operating_income": null,
      "net_income": 4759000,
      "opex": null,
      "cogs": null,
      "rd": null,
      "sga": null,
      "fcf": 24698000,
      "ocf": 25157000,
      "capex": -459000,
      "gross_margin": null,
      "op_margin": null,
      "fcf_margin": 0.14125815731827981,
      "rev_growth_yoy": -0.07141150040629032,
      "rev_growth_yoy_accel": 0.07197054178595635,
      "fcf_margin_change": 0.4470524912571848
    },
    {
      "date": "2025-09-30T00:00:00",
      "quarter_label": "2025-09 (Q3)",
      "revenue": 172735000,
      "gross_profit": null,
      "operating_income": null,
      "net_income": 1021000,
      "opex": null,
      "cogs": null,
      "rd": null,
      "sga": null,
      "fcf": 33657000,
      "ocf": 34320000,
      "capex": -663000,
      "gross_margin": null,
      "op_margin": null,
      "fcf_margin": 0.19484759892320608,
      "rev_growth_yoy": -0.09797542520248359,
      "rev_growth_yoy_accel": -0.026563924796193267,
      "fcf_margin_change": 0.05358944160492626
    }
  ],
  "signals": [
    {
      "quarter": "2025-09 (Q3)",
      "signal": "FCF MARGIN EXPANSION",
      "detail": "FCF margin: +14.1% -> +19.5% (+5.4%)",
      "severity": "MEDIUM"
    },
    {
      "quarter": "2025-06 (Q2)",
      "signal": "FCF TURNED POSITIVE",
      "detail": "FCF margin: -30.6% -> +14.1%",
      "severity": "HIGH"
    },
    {
      "quarter": "2025-06 (Q2)",
      "signal": "YoY REVENUE GROWTH ACCELERATION",
      "detail": "YoY growth: -7.1% vs prior quarter YoY: -14.3% (accel: +7.2%)",
      "severity": "MEDIUM"
    },
    {
      "quarter": "2025-03 (Q1)",
      "signal": "YoY REVENUE GROWTH ACCELERATION",
      "detail": "YoY growth: -14.3% vs prior quarter YoY: -41.9% (accel: +27.6%)",
      "severity": "HIGH"
    },
    {
      "quarter": "2024-12 (Q4)",
      "signal": "FCF TURNED POSITIVE",
      "detail": "FCF margin: -141.4% -> +3.7%",
      "severity": "HIGH"
    },
    {
      "quarter": "2024-12 (Q4)",
      "signal": "YoY REVENUE GROWTH DECELERATION",
      "detail": "YoY growth: -41.9% vs prior quarter YoY: -18.0% (decel: -23.9%)",
      "severity": "WARNING"
    },
    {
      "quarter": "2024-06 (Q2)",
      "signal": "YoY REVENUE GROWTH DECELERATION",
      "detail": "YoY growth: -21.0% vs prior quarter YoY: -14.6% (decel: -6.4%)",
      "severity": "WARNING"
    },
    {
      "quarter": "2024-03 (Q1)",
      "signal": "FCF TURNED POSITIVE",
      "detail": "FCF margin: -5.9% -> +11.6%",
      "severity": "HIGH"
    },
    {
      "quarter": "2024-03 (Q1)",
      "signal": "YoY REVENUE GROWTH DECELERATION",
      "detail": "YoY growth: -14.6% vs prior quarter YoY: +16.8% (decel: -31.4%)",
      "severity": "WARNING"
    },
    {
      "quarter": "2023-09 (Q3)",
      "signal": "FCF MARGIN EXPANSION",
      "detail": "FCF margin: +9.3% -> +23.1% (+13.8%)",
      "severity": "MEDIUM"
    },
    {
      "quarter": "2023-09 (Q3)",
      "signal": "YoY REVENUE GROWTH DECELERATION",
      "detail": "YoY growth: +16.0% vs prior quarter YoY: +29.0% (decel: -13.0%)",
      "severity": "WARNING"
    },
    {
      "quarter": "2023-06 (Q2)",
      "signal": "YoY REVENUE GROWTH ACCELERATION",
      "detail": "YoY growth: +29.0% vs prior quarter YoY: +16.7% (accel: +12.4%)",
      "severity": "MEDIUM"
    },
    {
      "quarter": "2023-03 (Q1)",
      "signal": "YoY REVENUE GROWTH ACCELERATION",
      "detail": "YoY growth: +16.7% vs prior quarter YoY: -9.9% (accel: +26.6%)",
      "severity": "HIGH"
    },
    {
      "quarter": "2022-12 (Q4)",
      "signal": "FCF MARGIN EXPANSION",
      "detail": "FCF margin: +13.6% -> +27.3% (+13.6%)",
      "severity": "MEDIUM"
    },
    {
      "quarter": "2022-12 (Q4)",
      "signal": "YoY REVENUE GROWTH DECELERATION",
      "detail": "YoY growth: -9.9% vs prior quarter YoY: +5.4% (decel: -15.3%)",
      "severity": "WARNING"
    },
    {
      "quarter": "2022-09 (Q3)",
      "signal": "YoY REVENUE GROWTH ACCELERATION",
      "detail": "YoY growth: +5.4% vs prior quarter YoY: -3.5% (accel: +8.9%)",
      "severity": "MEDIUM"
    },
    {
      "quarter": "2022-06 (Q2)",
      "signal": "FCF MARGIN EXPANSION",
      "detail": "FCF margin: +31.5% -> +39.2% (+7.7%)",
      "severity": "MEDIUM"
    },
    {
      "quarter": "2022-06 (Q2)",
      "signal": "YoY REVENUE GROWTH DECELERATION",
      "detail": "YoY growth: -3.5% vs prior quarter YoY: +10.4% (decel: -13.9%)",
      "severity": "WARNING"
    },
    {
      "quarter": "2021-12 (Q4)",
      "signal": "FCF TURNED POSITIVE",
      "detail": "FCF margin: -507.5% -> +69.6%",
      "severity": "HIGH"
    },
    {
      "quarter": "2021-06 (Q2)",
      "signal": "FCF MARGIN EXPANSION",
      "detail": "FCF margin: -44.3% -> -7.2% (+37.0%)",
      "severity": "MEDIUM"
    }
  ],
  "data_quality": {
    "n_quarters": 20,
    "coverage": {
      "revenue": [
        20,
        20
      ],
      "gross_profit": [
        0,
        20
      ],
      "op_income": [
        0,
        20
      ],
      "fcf": [
        20,
        20
      ]
    },
    "gaps": [],
    "warnings": [
      "gross_profit: no data",
      "op_income: no data"
    ]
  },
  "market_cap": null,
  "source": "SEC EDGAR",
  "last_updated": "2026-02-02T22:46:08.628123",
  "sector": "Financial Services",
  "industry": "Insurance - Specialty"
}