{
  "ticker": "JUSHF",
  "name": "JUSHI HOLDINGS INC.",
  "quarters": [
    {
      "date": "2021-06-30T00:00:00",
      "quarter_label": "2021-06 (Q2)",
      "revenue": 47744000,
      "gross_profit": 21618000,
      "operating_income": -4739000,
      "net_income": 2826000,
      "opex": 26357000,
      "cogs": 26126000,
      "rd": null,
      "sga": null,
      "fcf": null,
      "ocf": null,
      "capex": null,
      "gross_margin": 0.4527898793565684,
      "op_margin": -0.09925854557640751,
      "fcf_margin": null
    },
    {
      "date": "2021-09-30T00:00:00",
      "quarter_label": "2021-09 (Q3)",
      "revenue": 53981000,
      "gross_profit": 23324000,
      "operating_income": -1823000,
      "net_income": 39744000,
      "opex": 25147000,
      "cogs": 30657000,
      "rd": null,
      "sga": 25147000,
      "fcf": -24445000,
      "ocf": -10643000,
      "capex": -13802000,
      "gross_margin": 0.4320779533539579,
      "op_margin": -0.03377114169800485,
      "fcf_margin": -0.45284451936792575,
      "op_leverage_ratio": Infinity
    },
    {
      "date": "2021-12-31T00:00:00",
      "quarter_label": "2021-12 (Q4)",
      "revenue": 65892000,
      "gross_profit": 19711000,
      "operating_income": -26033000,
      "net_income": 8556000,
      "opex": 45744000,
      "cogs": 46181000,
      "rd": null,
      "sga": 39400000,
      "fcf": -10535000,
      "ocf": 9476000,
      "capex": -20011000,
      "gross_margin": 0.2991410186365568,
      "op_margin": -0.3950858981363443,
      "fcf_margin": -0.15988283858435015,
      "op_leverage_ratio": 0.2693949881615734,
      "fcf_margin_change": 0.2929616807835756
    },
    {
      "date": "2022-03-31T00:00:00",
      "quarter_label": "2022-03 (Q1)",
      "revenue": 61888000,
      "gross_profit": 19112000,
      "operating_income": -18196000,
      "net_income": -19757000,
      "opex": 37308000,
      "cogs": 42776000,
      "rd": null,
      "sga": null,
      "fcf": -30864000,
      "ocf": -13825000,
      "capex": -17039000,
      "gross_margin": 0.30881592554291626,
      "op_margin": -0.29401499482936916,
      "fcf_margin": -0.4987073422957601,
      "fcf_margin_change": -0.33882450371140993
    },
    {
      "date": "2022-06-30T00:00:00",
      "quarter_label": "2022-06 (Q2)",
      "revenue": 72757000,
      "gross_profit": 26668000,
      "operating_income": -12077000,
      "net_income": 12066000,
      "opex": 38745000,
      "cogs": 46089000,
      "rd": null,
      "sga": null,
      "fcf": -35764000,
      "ocf": -11886000,
      "capex": -23878000,
      "gross_margin": 0.3665351787456877,
      "op_margin": -0.16599090121912669,
      "fcf_margin": -0.4915540772709155,
      "incr_op_margin_yoy": -0.2933674489265582,
      "rev_growth_yoy": 0.5238982908847185,
      "op_leverage_ratio": 4.559616752627954,
      "fcf_margin_change": 0.007153265024844591
    },
    {
      "date": "2022-09-30T00:00:00",
      "quarter_label": "2022-09 (Q3)",
      "revenue": 72817000,
      "gross_profit": 27742000,
      "operating_income": -50448000,
      "net_income": -54696000,
      "opex": 78190000,
      "cogs": 45075000,
      "rd": null,
      "sga": 40590000,
      "fcf": -8801000,
      "ocf": -488000,
      "capex": -8313000,
      "gross_margin": 0.3809824628864139,
      "op_margin": -0.6928052515209361,
      "fcf_margin": -0.12086463325871706,
      "incr_op_margin_yoy": -2.5814928859630495,
      "rev_growth_yoy": 0.34893758915173856,
      "rev_growth_yoy_accel": -0.17496070173297995,
      "fcf_margin_change": 0.37068944401219844
    },
    {
      "date": "2022-12-31T00:00:00",
      "quarter_label": "2022-12 (Q4)",
      "revenue": 76822000,
      "gross_profit": 21956000,
      "operating_income": -139207000,
      "net_income": -139937000,
      "opex": 161163000,
      "cogs": 54866000,
      "rd": null,
      "sga": 39118000,
      "fcf": -2868000,
      "ocf": 4783000,
      "capex": -7651000,
      "gross_margin": 0.28580354585925904,
      "op_margin": -1.8120720626903752,
      "fcf_margin": -0.03733305563510453,
      "incr_op_margin_yoy": -10.354437328453796,
      "rev_growth_yoy": 0.1658774965094397,
      "rev_growth_yoy_accel": -0.18306009264229886,
      "op_leverage_ratio": 0.051830351996449885,
      "fcf_margin_change": 0.08353157762361253
    },
    {
      "date": "2023-03-31T00:00:00",
      "quarter_label": "2023-03 (Q1)",
      "revenue": 69873000,
      "gross_profit": 29941000,
      "operating_income": -2511000,
      "net_income": -12440000,
      "opex": 32452000,
      "cogs": 39932000,
      "rd": null,
      "sga": null,
      "fcf": -8114000,
      "ocf": -3572000,
      "capex": -4542000,
      "gross_margin": 0.4285060037496601,
      "op_margin": -0.03593662788201451,
      "fcf_margin": -0.11612496958768051,
      "incr_op_margin_yoy": 1.9643080776455855,
      "rev_growth_yoy": 0.12902339710444674,
      "rev_growth_yoy_accel": -0.03685409940499296,
      "fcf_margin_change": -0.07879191395257598
    },
    {
      "date": "2023-06-30T00:00:00",
      "quarter_label": "2023-06 (Q2)",
      "revenue": 66425000,
      "gross_profit": 30554000,
      "operating_income": 3400000,
      "net_income": -14036000,
      "opex": 27154000,
      "cogs": 35871000,
      "rd": null,
      "sga": null,
      "fcf": -8315000,
      "ocf": -6713000,
      "capex": -1602000,
      "gross_margin": 0.45997741814076026,
      "op_margin": 0.05118554761008656,
      "fcf_margin": -0.12517877305231465,
      "incr_op_margin_yoy": -2.4442514213518636,
      "rev_growth_yoy": -0.08702942672182745,
      "rev_growth_yoy_accel": -0.2160528238262742,
      "fcf_margin_change": -0.009053803464634136
    },
    {
      "date": "2023-09-30T00:00:00",
      "quarter_label": "2023-09 (Q3)",
      "revenue": 65377000,
      "gross_profit": 28514000,
      "operating_income": 2826000,
      "net_income": -20622000,
      "opex": 25688000,
      "cogs": 36863000,
      "rd": null,
      "sga": 25688000,
      "fcf": 217000,
      "ocf": 2458000,
      "capex": -2241000,
      "gross_margin": 0.4361472689172033,
      "op_margin": 0.04322621105281674,
      "fcf_margin": 0.0033192101197668904,
      "incr_op_margin_yoy": -7.160483870967742,
      "rev_growth_yoy": -0.10217394289794965,
      "rev_growth_yoy_accel": -0.015144516176122197,
      "fcf_margin_change": 0.12849798317208153
    },
    {
      "date": "2023-12-31T00:00:00",
      "quarter_label": "2023-12 (Q4)",
      "revenue": 67770000,
      "gross_profit": 27219000,
      "operating_income": -6533000,
      "net_income": -18004000,
      "opex": 33752000,
      "cogs": 40551000,
      "rd": null,
      "sga": 25178000,
      "fcf": 2151000,
      "ocf": 4509000,
      "capex": -2358000,
      "gross_margin": 0.40163789287295265,
      "op_margin": -0.09639958683783385,
      "fcf_margin": 0.03173970783532536,
      "incr_op_margin_yoy": -14.656871409633231,
      "rev_growth_yoy": -0.11783082971023925,
      "rev_growth_yoy_accel": -0.015656886812289605,
      "op_leverage_ratio": 0.11659971372389348,
      "fcf_margin_change": 0.028420497715558473
    },
    {
      "date": "2024-03-31T00:00:00",
      "quarter_label": "2024-03 (Q1)",
      "revenue": 65459000,
      "gross_profit": 32330000,
      "operating_income": 4119000,
      "net_income": -18355000,
      "opex": 28211000,
      "cogs": 33129000,
      "rd": null,
      "sga": null,
      "fcf": 5416000,
      "ocf": 6493000,
      "capex": -1077000,
      "gross_margin": 0.493896943124704,
      "op_margin": 0.0629248842787088,
      "fcf_margin": 0.08273881360851831,
      "incr_op_margin_yoy": -1.5020389669234255,
      "rev_growth_yoy": -0.063171754468822,
      "rev_growth_yoy_accel": 0.05465907524141725,
      "fcf_margin_change": 0.05099910577319295
    },
    {
      "date": "2024-06-30T00:00:00",
      "quarter_label": "2024-06 (Q2)",
      "revenue": 64595000,
      "gross_profit": 32566000,
      "operating_income": 8404000,
      "net_income": -1938000,
      "opex": 24162000,
      "cogs": 32029000,
      "rd": null,
      "sga": null,
      "fcf": 4861000,
      "ocf": 5548000,
      "capex": -687000,
      "gross_margin": 0.5041566684727921,
      "op_margin": 0.13010294914467063,
      "fcf_margin": 0.07525350259307996,
      "incr_op_margin_yoy": -2.734426229508197,
      "rev_growth_yoy": -0.027549868272487767,
      "rev_growth_yoy_accel": 0.03562188619633424,
      "fcf_margin_change": -0.007485311015438353
    },
    {
      "date": "2024-09-30T00:00:00",
      "quarter_label": "2024-09 (Q3)",
      "revenue": 61611000,
      "gross_profit": 27999000,
      "operating_income": 180000,
      "net_income": null,
      "opex": 27819000,
      "cogs": 33612000,
      "rd": null,
      "sga": null,
      "fcf": 1604000,
      "ocf": 2374000,
      "capex": -770000,
      "gross_margin": 0.45444806933826754,
      "op_margin": 0.0029215562156108487,
      "fcf_margin": 0.026034312054665564,
      "incr_op_margin_yoy": 0.7026022304832714,
      "rev_growth_yoy": -0.057604356272083455,
      "rev_growth_yoy_accel": -0.03005448799959569,
      "fcf_margin_change": -0.04921919053841439
    },
    {
      "date": "2024-12-31T00:00:00",
      "quarter_label": "2024-12 (Q4)",
      "revenue": 65860000,
      "gross_profit": 25408000,
      "operating_income": -1840000,
      "net_income": null,
      "opex": 27248000,
      "cogs": 40452000,
      "rd": null,
      "sga": null,
      "fcf": 4980000,
      "ocf": 7154000,
      "capex": -2174000,
      "gross_margin": 0.38578803522623745,
      "op_margin": -0.027938050409960523,
      "fcf_margin": 0.0756149407834801,
      "incr_op_margin_yoy": -2.4570680628272252,
      "rev_growth_yoy": -0.02818356204810388,
      "rev_growth_yoy_accel": 0.029420794223979575,
      "op_leverage_ratio": Infinity,
      "fcf_margin_change": 0.04958062872881454
    },
    {
      "date": "2025-03-31T00:00:00",
      "quarter_label": "2025-03 (Q1)",
      "revenue": 63846000,
      "gross_profit": 25775000,
      "operating_income": -1871000,
      "net_income": null,
      "opex": 27646000,
      "cogs": 38071000,
      "rd": null,
      "sga": null,
      "fcf": 3508000,
      "ocf": 7529000,
      "capex": -4021000,
      "gross_margin": 0.40370579206214957,
      "op_margin": -0.029304889891300943,
      "fcf_margin": 0.05494471071014629,
      "incr_op_margin_yoy": 3.713577185368878,
      "rev_growth_yoy": -0.024641378572847126,
      "rev_growth_yoy_accel": 0.003542183475256755,
      "fcf_margin_change": -0.020670230073333816
    },
    {
      "date": "2025-06-30T00:00:00",
      "quarter_label": "2025-06 (Q2)",
      "revenue": 65046000,
      "gross_profit": 28924000,
      "operating_income": 3602000,
      "net_income": null,
      "opex": 25322000,
      "cogs": 36122000,
      "rd": null,
      "sga": null,
      "fcf": -6051000,
      "ocf": -1935000,
      "capex": -4116000,
      "gross_margin": 0.44466992589859483,
      "op_margin": 0.05537619530793592,
      "fcf_margin": -0.09302647357254866,
      "rev_growth_yoy": 0.006981964548339655,
      "rev_growth_yoy_accel": 0.03162334312118678,
      "op_leverage_ratio": Infinity,
      "fcf_margin_change": -0.14797118428269496
    },
    {
      "date": "2025-09-30T00:00:00",
      "quarter_label": "2025-09 (Q3)",
      "revenue": 65679000,
      "gross_profit": 30664000,
      "operating_income": 2338000,
      "net_income": null,
      "opex": 28326000,
      "cogs": 35015000,
      "rd": null,
      "sga": null,
      "fcf": 1214000,
      "ocf": 6080000,
      "capex": -4866000,
      "gross_margin": 0.46687677948811646,
      "op_margin": 0.035597375112288554,
      "fcf_margin": 0.018483838060871817,
      "incr_op_margin_yoy": 0.5304818092428711,
      "rev_growth_yoy": 0.06602717047280518,
      "rev_growth_yoy_accel": 0.05904520592446552,
      "fcf_margin_change": 0.11151031163342048
    }
  ],
  "signals": [
    {
      "quarter": "2025-09 (Q3)",
      "signal": "FCF TURNED POSITIVE",
      "detail": "FCF margin: -9.3% -> +1.8%",
      "severity": "HIGH"
    },
    {
      "quarter": "2025-09 (Q3)",
      "signal": "YoY REVENUE GROWTH ACCELERATION",
      "detail": "YoY growth: +6.6% vs prior quarter YoY: +0.7% (accel: +5.9%)",
      "severity": "MEDIUM"
    },
    {
      "quarter": "2025-09 (Q3)",
      "signal": "INCREMENTAL MARGIN (YoY)",
      "detail": "YoY Incr OPM: +53.0% vs year-ago OPM: +0.3%",
      "severity": "HIGH"
    },
    {
      "quarter": "2025-06 (Q2)",
      "signal": "OP MARGIN TURNED POSITIVE (QoQ)",
      "detail": "Op margin: -2.9% -> +5.5%",
      "severity": "HIGH"
    },
    {
      "quarter": "2024-09 (Q3)",
      "signal": "INCREMENTAL MARGIN (YoY)",
      "detail": "YoY Incr OPM: +70.3% vs year-ago OPM: +4.3%",
      "severity": "HIGH"
    },
    {
      "quarter": "2024-03 (Q1)",
      "signal": "FCF MARGIN EXPANSION",
      "detail": "FCF margin: +3.2% -> +8.3% (+5.1%)",
      "severity": "MEDIUM"
    },
    {
      "quarter": "2024-03 (Q1)",
      "signal": "GROSS MARGIN INFLECTION",
      "detail": "GM: +43.6% -> +40.2% -> +49.4% (reversal +9.2%)",
      "severity": "HIGH"
    },
    {
      "quarter": "2024-03 (Q1)",
      "signal": "YoY REVENUE GROWTH ACCELERATION",
      "detail": "YoY growth: -6.3% vs prior quarter YoY: -11.8% (accel: +5.5%)",
      "severity": "MEDIUM"
    },
    {
      "quarter": "2024-03 (Q1)",
      "signal": "OP MARGIN TURNED POSITIVE (YoY)",
      "detail": "Op margin: -3.6% (year-ago) -> +6.3%",
      "severity": "HIGH"
    },
    {
      "quarter": "2024-03 (Q1)",
      "signal": "OP MARGIN TURNED POSITIVE (QoQ)",
      "detail": "Op margin: -9.6% -> +6.3%",
      "severity": "HIGH"
    },
    {
      "quarter": "2023-09 (Q3)",
      "signal": "FCF TURNED POSITIVE",
      "detail": "FCF margin: -12.5% -> +0.3%",
      "severity": "HIGH"
    },
    {
      "quarter": "2023-09 (Q3)",
      "signal": "OP MARGIN TURNED POSITIVE (YoY)",
      "detail": "Op margin: -69.3% (year-ago) -> +4.3%",
      "severity": "HIGH"
    },
    {
      "quarter": "2023-06 (Q2)",
      "signal": "YoY REVENUE GROWTH DECELERATION",
      "detail": "YoY growth: -8.7% vs prior quarter YoY: +12.9% (decel: -21.6%)",
      "severity": "WARNING"
    },
    {
      "quarter": "2023-06 (Q2)",
      "signal": "OP MARGIN TURNED POSITIVE (YoY)",
      "detail": "Op margin: -16.6% (year-ago) -> +5.1%",
      "severity": "HIGH"
    },
    {
      "quarter": "2023-06 (Q2)",
      "signal": "OP MARGIN TURNED POSITIVE (QoQ)",
      "detail": "Op margin: -3.6% -> +5.1%",
      "severity": "HIGH"
    },
    {
      "quarter": "2023-03 (Q1)",
      "signal": "GROSS MARGIN INFLECTION",
      "detail": "GM: +38.1% -> +28.6% -> +42.9% (reversal +14.3%)",
      "severity": "HIGH"
    },
    {
      "quarter": "2022-12 (Q4)",
      "signal": "FCF MARGIN EXPANSION",
      "detail": "FCF margin: -12.1% -> -3.7% (+8.4%)",
      "severity": "MEDIUM"
    },
    {
      "quarter": "2022-12 (Q4)",
      "signal": "YoY REVENUE GROWTH DECELERATION",
      "detail": "YoY growth: +16.6% vs prior quarter YoY: +34.9% (decel: -18.3%)",
      "severity": "WARNING"
    },
    {
      "quarter": "2022-09 (Q3)",
      "signal": "FCF MARGIN EXPANSION",
      "detail": "FCF margin: -49.2% -> -12.1% (+37.1%)",
      "severity": "MEDIUM"
    },
    {
      "quarter": "2022-09 (Q3)",
      "signal": "YoY REVENUE GROWTH DECELERATION",
      "detail": "YoY growth: +34.9% vs prior quarter YoY: +52.4% (decel: -17.5%)",
      "severity": "WARNING"
    },
    {
      "quarter": "2022-06 (Q2)",
      "signal": "OPERATING LEVERAGE",
      "detail": "Rev growth +17.6% vs OpEx growth +3.9% (leverage: 4.6x)",
      "severity": "MEDIUM"
    },
    {
      "quarter": "2021-12 (Q4)",
      "signal": "FCF MARGIN EXPANSION",
      "detail": "FCF margin: -45.3% -> -16.0% (+29.3%)",
      "severity": "MEDIUM"
    }
  ],
  "data_quality": {
    "n_quarters": 18,
    "coverage": {
      "revenue": [
        18,
        18
      ],
      "gross_profit": [
        18,
        18
      ],
      "op_income": [
        18,
        18
      ],
      "fcf": [
        17,
        18
      ]
    },
    "gaps": [],
    "warnings": []
  },
  "market_cap": null,
  "source": "SEC EDGAR",
  "last_updated": "2026-02-02T23:19:32.770032",
  "sector": "Healthcare",
  "industry": "Drug Manufacturers - Specialty & Generic"
}