{
  "ticker": "JXN",
  "name": "Jackson Financial Inc.",
  "quarters": [
    {
      "date": "2020-12-31T00:00:00",
      "quarter_label": "2020-12 (Q4)",
      "revenue": 600600000,
      "gross_profit": null,
      "operating_income": null,
      "net_income": 75200000,
      "opex": 616800000,
      "cogs": null,
      "rd": null,
      "sga": null,
      "fcf": 1264600000,
      "ocf": 1264600000,
      "capex": null,
      "gross_margin": null,
      "op_margin": null,
      "fcf_margin": 2.1055611055611054
    },
    {
      "date": "2021-03-31T00:00:00",
      "quarter_label": "2021-03 (Q1)",
      "revenue": 5507000000,
      "gross_profit": null,
      "operating_income": null,
      "net_income": 2932000000,
      "opex": 598000000,
      "cogs": null,
      "rd": null,
      "sga": null,
      "fcf": 1344000000,
      "ocf": 1344000000,
      "capex": null,
      "gross_margin": null,
      "op_margin": null,
      "fcf_margin": 0.24405302342473215,
      "op_leverage_ratio": Infinity,
      "fcf_margin_change": -1.8615080821363732
    },
    {
      "date": "2021-06-30T00:00:00",
      "quarter_label": "2021-06 (Q2)",
      "revenue": 231900000,
      "gross_profit": null,
      "operating_income": 760800000,
      "net_income": -540000000,
      "opex": 599600000,
      "cogs": null,
      "rd": null,
      "sga": null,
      "fcf": 804000000,
      "ocf": 804000000,
      "capex": null,
      "gross_margin": null,
      "op_margin": 3.2807244501940493,
      "fcf_margin": 3.4670116429495472,
      "fcf_margin_change": 3.222958619524815
    },
    {
      "date": "2021-09-30T00:00:00",
      "quarter_label": "2021-09 (Q3)",
      "revenue": 1486300000,
      "gross_profit": null,
      "operating_income": null,
      "net_income": 206200000,
      "opex": 613600000,
      "cogs": null,
      "rd": null,
      "sga": null,
      "fcf": 1387000000,
      "ocf": 1387000000,
      "capex": null,
      "gross_margin": null,
      "op_margin": null,
      "fcf_margin": 0.933189800174931,
      "op_leverage_ratio": 231.66951272100044,
      "fcf_margin_change": -2.533821842774616
    },
    {
      "date": "2021-12-31T00:00:00",
      "quarter_label": "2021-12 (Q4)",
      "revenue": 1725000000,
      "gross_profit": null,
      "operating_income": null,
      "net_income": 585000000,
      "opex": 751000000,
      "cogs": null,
      "rd": null,
      "sga": null,
      "fcf": 2147000000,
      "ocf": 2147000000,
      "capex": null,
      "gross_margin": null,
      "op_margin": null,
      "fcf_margin": 1.2446376811594202,
      "rev_growth_yoy": 1.872127872127872,
      "op_leverage_ratio": 0.7172070656782701,
      "fcf_margin_change": 0.31144788098448917
    },
    {
      "date": "2022-03-31T00:00:00",
      "quarter_label": "2022-03 (Q1)",
      "revenue": 4301000000,
      "gross_profit": null,
      "operating_income": null,
      "net_income": 2025000000,
      "opex": 607000000,
      "cogs": null,
      "rd": null,
      "sga": null,
      "fcf": 833000000,
      "ocf": 833000000,
      "capex": null,
      "gross_margin": null,
      "op_margin": null,
      "fcf_margin": 0.19367588932806323,
      "rev_growth_yoy": -0.218994007626657,
      "rev_growth_yoy_accel": -2.091121879754529,
      "op_leverage_ratio": Infinity,
      "fcf_margin_change": -1.050961791831357
    },
    {
      "date": "2022-06-30T00:00:00",
      "quarter_label": "2022-06 (Q2)",
      "revenue": 6519000000,
      "gross_profit": null,
      "operating_income": null,
      "net_income": 2903000000,
      "opex": 517000000,
      "cogs": null,
      "rd": null,
      "sga": null,
      "fcf": 1219000000,
      "ocf": 1219000000,
      "capex": null,
      "gross_margin": null,
      "op_margin": null,
      "fcf_margin": 0.18699186991869918,
      "rev_growth_yoy": 27.111254851228978,
      "rev_growth_yoy_accel": 27.330248858855633,
      "op_leverage_ratio": Infinity,
      "fcf_margin_change": -0.006684019409364056
    },
    {
      "date": "2022-09-30T00:00:00",
      "quarter_label": "2022-09 (Q3)",
      "revenue": 4022000000,
      "gross_profit": null,
      "operating_income": null,
      "net_income": 1479000000,
      "opex": 592000000,
      "cogs": null,
      "rd": null,
      "sga": null,
      "fcf": 889000000,
      "ocf": 889000000,
      "capex": null,
      "gross_margin": null,
      "op_margin": null,
      "fcf_margin": 0.22103431128791645,
      "rev_growth_yoy": 1.7060485770032967,
      "rev_growth_yoy_accel": -25.40520627422568,
      "fcf_margin_change": 0.034042441369217274
    },
    {
      "date": "2022-12-31T00:00:00",
      "quarter_label": "2022-12 (Q4)",
      "revenue": -381000000,
      "gross_profit": null,
      "operating_income": null,
      "net_income": -710000000,
      "opex": 631000000,
      "cogs": null,
      "rd": null,
      "sga": null,
      "fcf": 2265000000,
      "ocf": 2265000000,
      "capex": null,
      "gross_margin": null,
      "op_margin": null,
      "fcf_margin": -5.94488188976378,
      "rev_growth_yoy": -1.2208695652173913,
      "rev_growth_yoy_accel": -2.9269181422206882,
      "fcf_margin_change": -6.165916201051696
    },
    {
      "date": "2023-03-31T00:00:00",
      "quarter_label": "2023-03 (Q1)",
      "revenue": -749000000,
      "gross_profit": null,
      "operating_income": null,
      "net_income": -1497000000,
      "opex": 616000000,
      "cogs": null,
      "rd": null,
      "sga": null,
      "fcf": 1461000000,
      "ocf": 1461000000,
      "capex": null,
      "gross_margin": null,
      "op_margin": null,
      "fcf_margin": -1.9506008010680909,
      "rev_growth_yoy": -1.1741455475470821,
      "rev_growth_yoy_accel": 0.046724017670309204,
      "op_leverage_ratio": Infinity,
      "fcf_margin_change": 3.994281088695689
    },
    {
      "date": "2023-06-30T00:00:00",
      "quarter_label": "2023-06 (Q2)",
      "revenue": 410000000,
      "gross_profit": null,
      "operating_income": null,
      "net_income": 1217000000,
      "opex": 620000000,
      "cogs": null,
      "rd": null,
      "sga": null,
      "fcf": 1086000000,
      "ocf": 1086000000,
      "capex": null,
      "gross_margin": null,
      "op_margin": null,
      "fcf_margin": 2.648780487804878,
      "rev_growth_yoy": -0.9371069182389937,
      "rev_growth_yoy_accel": 0.2370386293080884,
      "fcf_margin_change": 4.599381288872969
    },
    {
      "date": "2023-09-30T00:00:00",
      "quarter_label": "2023-09 (Q3)",
      "revenue": 2606000000,
      "gross_profit": null,
      "operating_income": null,
      "net_income": 2773000000,
      "opex": 626000000,
      "cogs": null,
      "rd": null,
      "sga": null,
      "fcf": 1129000000,
      "ocf": 1129000000,
      "capex": null,
      "gross_margin": null,
      "op_margin": null,
      "fcf_margin": 0.433231005372218,
      "rev_growth_yoy": -0.3520636499254102,
      "rev_growth_yoy_accel": 0.5850432683135836,
      "op_leverage_ratio": 553.4634146341464,
      "fcf_margin_change": -2.2155494824326603
    },
    {
      "date": "2023-12-31T00:00:00",
      "quarter_label": "2023-12 (Q4)",
      "revenue": 892000000,
      "gross_profit": null,
      "operating_income": null,
      "net_income": -1559000000,
      "opex": 687000000,
      "cogs": null,
      "rd": null,
      "sga": null,
      "fcf": 1634000000,
      "ocf": 1634000000,
      "capex": null,
      "gross_margin": null,
      "op_margin": null,
      "fcf_margin": 1.8318385650224216,
      "fcf_margin_change": 1.3986075596502037
    },
    {
      "date": "2024-03-31T00:00:00",
      "quarter_label": "2024-03 (Q1)",
      "revenue": -322000000,
      "gross_profit": null,
      "operating_income": null,
      "net_income": 795000000,
      "opex": 685000000,
      "cogs": null,
      "rd": null,
      "sga": null,
      "fcf": 1426000000,
      "ocf": 1426000000,
      "capex": null,
      "gross_margin": null,
      "op_margin": null,
      "fcf_margin": -4.428571428571429,
      "fcf_margin_change": -6.26040999359385
    },
    {
      "date": "2024-06-30T00:00:00",
      "quarter_label": "2024-06 (Q2)",
      "revenue": 1247000000,
      "gross_profit": null,
      "operating_income": null,
      "net_income": 275000000,
      "opex": 678000000,
      "cogs": null,
      "rd": null,
      "sga": null,
      "fcf": 1478000000,
      "ocf": 1478000000,
      "capex": null,
      "gross_margin": null,
      "op_margin": null,
      "fcf_margin": 1.185244587008821,
      "rev_growth_yoy": 2.0414634146341464,
      "fcf_margin_change": 5.61381601558025
    },
    {
      "date": "2024-09-30T00:00:00",
      "quarter_label": "2024-09 (Q3)",
      "revenue": 2121000000,
      "gross_profit": null,
      "operating_income": null,
      "net_income": -469000000,
      "opex": 742000000,
      "cogs": null,
      "rd": null,
      "sga": null,
      "fcf": 1364000000,
      "ocf": 1364000000,
      "capex": null,
      "gross_margin": null,
      "op_margin": null,
      "fcf_margin": 0.6430928807166431,
      "rev_growth_yoy": -0.18610897927858788,
      "rev_growth_yoy_accel": -2.2275723939127343,
      "op_leverage_ratio": 7.424969927826784,
      "fcf_margin_change": -0.542151706292178
    },
    {
      "date": "2024-12-31T00:00:00",
      "quarter_label": "2024-12 (Q4)",
      "revenue": 225000000,
      "gross_profit": null,
      "operating_income": null,
      "net_income": 345000000,
      "opex": 720000000,
      "cogs": null,
      "rd": null,
      "sga": null,
      "fcf": 1525000000,
      "ocf": 1525000000,
      "capex": null,
      "gross_margin": null,
      "op_margin": null,
      "fcf_margin": 6.777777777777778,
      "rev_growth_yoy": -0.7477578475336323,
      "rev_growth_yoy_accel": -0.5616488682550445,
      "fcf_margin_change": 6.134684897061135
    },
    {
      "date": "2025-03-31T00:00:00",
      "quarter_label": "2025-03 (Q1)",
      "revenue": 3750000000,
      "gross_profit": null,
      "operating_income": null,
      "net_income": -24000000,
      "opex": 677000000,
      "cogs": null,
      "rd": null,
      "sga": null,
      "fcf": 1594000000,
      "ocf": 1594000000,
      "capex": null,
      "gross_margin": null,
      "op_margin": null,
      "fcf_margin": 0.42506666666666665,
      "op_leverage_ratio": Infinity,
      "fcf_margin_change": -6.352711111111111
    },
    {
      "date": "2025-06-30T00:00:00",
      "quarter_label": "2025-06 (Q2)",
      "revenue": -471000000,
      "gross_profit": null,
      "operating_income": null,
      "net_income": 179000000,
      "opex": 681000000,
      "cogs": null,
      "rd": null,
      "sga": null,
      "fcf": 1173000000,
      "ocf": 1173000000,
      "capex": null,
      "gross_margin": null,
      "op_margin": null,
      "fcf_margin": -2.4904458598726116,
      "rev_growth_yoy": -1.3777064955894145,
      "fcf_margin_change": -2.915512526539278
    },
    {
      "date": "2025-09-30T00:00:00",
      "quarter_label": "2025-09 (Q3)",
      "revenue": 1416000000,
      "gross_profit": null,
      "operating_income": null,
      "net_income": 76000000,
      "opex": 714000000,
      "cogs": null,
      "rd": null,
      "sga": null,
      "fcf": 1370000000,
      "ocf": 1370000000,
      "capex": null,
      "gross_margin": null,
      "op_margin": null,
      "fcf_margin": 0.9675141242937854,
      "rev_growth_yoy": -0.3323903818953324,
      "rev_growth_yoy_accel": 1.045316113694082,
      "fcf_margin_change": 3.457959984166397
    }
  ],
  "signals": [
    {
      "quarter": "2025-09 (Q3)",
      "signal": "FCF TURNED POSITIVE",
      "detail": "FCF margin: -249.0% -> +96.8%",
      "severity": "HIGH"
    },
    {
      "quarter": "2025-09 (Q3)",
      "signal": "YoY REVENUE GROWTH ACCELERATION",
      "detail": "YoY growth: -33.2% vs prior quarter YoY: -137.8% (accel: +104.5%)",
      "severity": "HIGH"
    },
    {
      "quarter": "2024-12 (Q4)",
      "signal": "FCF MARGIN EXPANSION",
      "detail": "FCF margin: +64.3% -> +677.8% (+613.5%)",
      "severity": "MEDIUM"
    },
    {
      "quarter": "2024-12 (Q4)",
      "signal": "YoY REVENUE GROWTH DECELERATION",
      "detail": "YoY growth: -74.8% vs prior quarter YoY: -18.6% (decel: -56.2%)",
      "severity": "WARNING"
    },
    {
      "quarter": "2024-09 (Q3)",
      "signal": "OPERATING LEVERAGE",
      "detail": "Rev growth +70.1% vs OpEx growth +9.4% (leverage: 7.4x)",
      "severity": "MEDIUM"
    },
    {
      "quarter": "2024-09 (Q3)",
      "signal": "YoY REVENUE GROWTH DECELERATION",
      "detail": "YoY growth: -18.6% vs prior quarter YoY: +204.1% (decel: -222.8%)",
      "severity": "WARNING"
    },
    {
      "quarter": "2024-06 (Q2)",
      "signal": "FCF TURNED POSITIVE",
      "detail": "FCF margin: -442.9% -> +118.5%",
      "severity": "HIGH"
    },
    {
      "quarter": "2023-12 (Q4)",
      "signal": "FCF MARGIN EXPANSION",
      "detail": "FCF margin: +43.3% -> +183.2% (+139.9%)",
      "severity": "MEDIUM"
    },
    {
      "quarter": "2023-09 (Q3)",
      "signal": "OPERATING LEVERAGE",
      "detail": "Rev growth +535.6% vs OpEx growth +1.0% (leverage: 553.5x)",
      "severity": "MEDIUM"
    },
    {
      "quarter": "2023-09 (Q3)",
      "signal": "YoY REVENUE GROWTH ACCELERATION",
      "detail": "YoY growth: -35.2% vs prior quarter YoY: -93.7% (accel: +58.5%)",
      "severity": "HIGH"
    },
    {
      "quarter": "2023-06 (Q2)",
      "signal": "FCF TURNED POSITIVE",
      "detail": "FCF margin: -195.1% -> +264.9%",
      "severity": "HIGH"
    },
    {
      "quarter": "2023-06 (Q2)",
      "signal": "YoY REVENUE GROWTH ACCELERATION",
      "detail": "YoY growth: -93.7% vs prior quarter YoY: -117.4% (accel: +23.7%)",
      "severity": "HIGH"
    },
    {
      "quarter": "2023-03 (Q1)",
      "signal": "FCF MARGIN EXPANSION",
      "detail": "FCF margin: -594.5% -> -195.1% (+399.4%)",
      "severity": "MEDIUM"
    },
    {
      "quarter": "2022-12 (Q4)",
      "signal": "YoY REVENUE GROWTH DECELERATION",
      "detail": "YoY growth: -122.1% vs prior quarter YoY: +170.6% (decel: -292.7%)",
      "severity": "WARNING"
    },
    {
      "quarter": "2022-09 (Q3)",
      "signal": "YoY REVENUE GROWTH DECELERATION",
      "detail": "YoY growth: +170.6% vs prior quarter YoY: +2711.1% (decel: -2540.5%)",
      "severity": "WARNING"
    },
    {
      "quarter": "2022-06 (Q2)",
      "signal": "YoY REVENUE GROWTH ACCELERATION",
      "detail": "YoY growth: +2711.1% vs prior quarter YoY: -21.9% (accel: +2733.0%)",
      "severity": "HIGH"
    },
    {
      "quarter": "2022-03 (Q1)",
      "signal": "YoY REVENUE GROWTH DECELERATION",
      "detail": "YoY growth: -21.9% vs prior quarter YoY: +187.2% (decel: -209.1%)",
      "severity": "WARNING"
    },
    {
      "quarter": "2021-12 (Q4)",
      "signal": "FCF MARGIN EXPANSION",
      "detail": "FCF margin: +93.3% -> +124.5% (+31.1%)",
      "severity": "MEDIUM"
    },
    {
      "quarter": "2021-09 (Q3)",
      "signal": "OPERATING LEVERAGE",
      "detail": "Rev growth +540.9% vs OpEx growth +2.3% (leverage: 231.7x)",
      "severity": "MEDIUM"
    },
    {
      "quarter": "2021-06 (Q2)",
      "signal": "FCF MARGIN EXPANSION",
      "detail": "FCF margin: +24.4% -> +346.7% (+322.3%)",
      "severity": "MEDIUM"
    }
  ],
  "data_quality": {
    "n_quarters": 20,
    "coverage": {
      "revenue": [
        20,
        20
      ],
      "gross_profit": [
        0,
        20
      ],
      "op_income": [
        1,
        20
      ],
      "fcf": [
        20,
        20
      ]
    },
    "gaps": [],
    "warnings": [
      "gross_profit: no data",
      "op_income: 1/20Q"
    ]
  },
  "market_cap": null,
  "source": "SEC EDGAR",
  "last_updated": "2026-02-02T20:45:34.560777",
  "sector": "Financial Services",
  "industry": "Insurance - Life"
}