{
  "ticker": "KALU",
  "name": "KAISER ALUMINUM CORP",
  "quarters": [
    {
      "date": "2020-12-31T00:00:00",
      "quarter_label": "2020-12 (Q4)",
      "revenue": 272000000,
      "gross_profit": 50200000,
      "operating_income": 18500000,
      "net_income": 5900000,
      "opex": 253500000,
      "cogs": 221800000,
      "rd": null,
      "sga": null,
      "fcf": 56200000,
      "ocf": 56200000,
      "capex": null,
      "gross_margin": 0.18455882352941178,
      "op_margin": 0.06801470588235294,
      "fcf_margin": 0.20661764705882352
    },
    {
      "date": "2021-03-31T00:00:00",
      "quarter_label": "2021-03 (Q1)",
      "revenue": 324000000,
      "gross_profit": 61500000,
      "operating_income": 16900000,
      "net_income": 4500000,
      "opex": 307100000,
      "cogs": 262500000,
      "rd": null,
      "sga": null,
      "fcf": -11400000,
      "ocf": -11400000,
      "capex": null,
      "gross_margin": 0.18981481481481483,
      "op_margin": 0.052160493827160495,
      "fcf_margin": -0.03518518518518519,
      "op_leverage_ratio": 0.9041648375768218,
      "fcf_margin_change": -0.2418028322440087
    },
    {
      "date": "2021-06-30T00:00:00",
      "quarter_label": "2021-06 (Q2)",
      "revenue": 741000000,
      "gross_profit": 67700000,
      "operating_income": 11100000,
      "net_income": -22400000,
      "opex": 729900000,
      "cogs": 673300000,
      "rd": null,
      "sga": null,
      "fcf": 16300000,
      "ocf": 16300000,
      "capex": null,
      "gross_margin": 0.09136302294197031,
      "op_margin": 0.014979757085020242,
      "fcf_margin": 0.021997300944669364,
      "op_leverage_ratio": 0.9348369774694277,
      "fcf_margin_change": 0.05718248612985455
    },
    {
      "date": "2021-09-30T00:00:00",
      "quarter_label": "2021-09 (Q3)",
      "revenue": 750600000,
      "gross_profit": 72800000,
      "operating_income": 19800000,
      "net_income": -2300000,
      "opex": 730800000,
      "cogs": 677800000,
      "rd": null,
      "sga": null,
      "fcf": 28400000,
      "ocf": 28400000,
      "capex": null,
      "gross_margin": 0.0969890754063416,
      "op_margin": 0.026378896882494004,
      "fcf_margin": 0.03783639754862776,
      "op_leverage_ratio": 10.506882591093117,
      "fcf_margin_change": 0.015839096603958398
    },
    {
      "date": "2021-12-31T00:00:00",
      "quarter_label": "2021-12 (Q4)",
      "revenue": 806400000,
      "gross_profit": 71900000,
      "operating_income": 16600000,
      "net_income": 1700000,
      "opex": 789800000,
      "cogs": 734500000,
      "rd": null,
      "sga": null,
      "fcf": 46100000,
      "ocf": 46100000,
      "capex": null,
      "gross_margin": 0.08916170634920635,
      "op_margin": 0.02058531746031746,
      "fcf_margin": 0.05716765873015873,
      "incr_op_margin_yoy": -0.003555389221556886,
      "rev_growth_yoy": 1.964705882352941,
      "op_leverage_ratio": 0.9208145348128276,
      "fcf_margin_change": 0.019331261181530966
    },
    {
      "date": "2022-03-31T00:00:00",
      "quarter_label": "2022-03 (Q1)",
      "revenue": 948800000,
      "gross_profit": 82900000,
      "operating_income": 25200000,
      "net_income": 8100000,
      "opex": 923600000,
      "cogs": 865900000,
      "rd": null,
      "sga": null,
      "fcf": 1400000,
      "ocf": 1400000,
      "capex": null,
      "gross_margin": 0.08737352445193929,
      "op_margin": 0.026559865092748734,
      "fcf_margin": 0.001475548060708263,
      "incr_op_margin_yoy": 0.013284250960307298,
      "rev_growth_yoy": 1.9283950617283951,
      "rev_growth_yoy_accel": -0.036310820624545936,
      "op_leverage_ratio": 1.0423665978598715,
      "fcf_margin_change": -0.05569211066945046
    },
    {
      "date": "2022-06-30T00:00:00",
      "quarter_label": "2022-06 (Q2)",
      "revenue": 954200000,
      "gross_profit": 55800000,
      "operating_income": -2000000,
      "net_income": -13800000,
      "opex": 956200000,
      "cogs": 898400000,
      "rd": null,
      "sga": null,
      "fcf": 5600000,
      "ocf": 5600000,
      "capex": null,
      "gross_margin": 0.058478306434709706,
      "op_margin": -0.0020959966464053656,
      "fcf_margin": 0.005868790609935024,
      "incr_op_margin_yoy": -0.06144465290806754,
      "rev_growth_yoy": 0.28771929824561404,
      "rev_growth_yoy_accel": -1.640675763482781,
      "fcf_margin_change": 0.004393242549226761
    },
    {
      "date": "2022-09-30T00:00:00",
      "quarter_label": "2022-09 (Q3)",
      "revenue": 748900000,
      "gross_profit": 54000000,
      "operating_income": 3000000,
      "net_income": 2500000,
      "opex": 745900000,
      "cogs": 694900000,
      "rd": null,
      "sga": null,
      "fcf": -65600000,
      "ocf": -65600000,
      "capex": null,
      "gross_margin": 0.07210575510749098,
      "op_margin": 0.0040058752837494995,
      "fcf_margin": -0.08759513953798904,
      "incr_op_margin_yoy": 9.882352941176471,
      "rev_growth_yoy": -0.0022648547828403942,
      "rev_growth_yoy_accel": -0.28998415302845443,
      "fcf_margin_change": -0.09346393014792406
    },
    {
      "date": "2022-12-31T00:00:00",
      "quarter_label": "2022-12 (Q4)",
      "revenue": 776000000,
      "gross_profit": 55000000,
      "operating_income": -22200000,
      "net_income": -26400000,
      "opex": 798200000,
      "cogs": 721000000,
      "rd": null,
      "sga": null,
      "fcf": -4500000,
      "ocf": -4500000,
      "capex": null,
      "gross_margin": 0.07087628865979381,
      "op_margin": -0.02860824742268041,
      "fcf_margin": -0.005798969072164949,
      "incr_op_margin_yoy": 1.2763157894736843,
      "rev_growth_yoy": -0.037698412698412696,
      "rev_growth_yoy_accel": -0.0354335579155723,
      "op_leverage_ratio": 0.5160887338395868,
      "fcf_margin_change": 0.0817961704658241
    },
    {
      "date": "2023-03-31T00:00:00",
      "quarter_label": "2023-03 (Q1)",
      "revenue": 807600000,
      "gross_profit": 76500000,
      "operating_income": 19100000,
      "net_income": 15900000,
      "opex": 788500000,
      "cogs": 731100000,
      "rd": null,
      "sga": null,
      "fcf": -20300000,
      "ocf": -20300000,
      "capex": null,
      "gross_margin": 0.09472511144130757,
      "op_margin": 0.023650321941555225,
      "fcf_margin": -0.025136206042595345,
      "incr_op_margin_yoy": 0.04320113314447592,
      "rev_growth_yoy": -0.1488195615514334,
      "rev_growth_yoy_accel": -0.11112114885302068,
      "op_leverage_ratio": Infinity,
      "fcf_margin_change": -0.019337236970430396
    },
    {
      "date": "2023-06-30T00:00:00",
      "quarter_label": "2023-06 (Q2)",
      "revenue": 814100000,
      "gross_profit": 95700000,
      "operating_income": 35900000,
      "net_income": 18300000,
      "opex": 778200000,
      "cogs": 718400000,
      "rd": null,
      "sga": null,
      "fcf": 68100000,
      "ocf": 68100000,
      "capex": null,
      "gross_margin": 0.11755312615157842,
      "op_margin": 0.04409777668591082,
      "fcf_margin": 0.08365065716742415,
      "incr_op_margin_yoy": -0.2705210563882941,
      "rev_growth_yoy": -0.14682456508069588,
      "rev_growth_yoy_accel": 0.0019949964707375034,
      "fcf_margin_change": 0.10878686321001949
    },
    {
      "date": "2023-09-30T00:00:00",
      "quarter_label": "2023-09 (Q3)",
      "revenue": 743600000,
      "gross_profit": 78400000,
      "operating_income": 19100000,
      "net_income": 5400000,
      "opex": 724500000,
      "cogs": 665200000,
      "rd": null,
      "sga": null,
      "fcf": 89800000,
      "ocf": 89800000,
      "capex": null,
      "gross_margin": 0.10543302850995159,
      "op_margin": 0.02568585260892953,
      "fcf_margin": 0.1207638515330823,
      "incr_op_margin_yoy": -3.0377358490566038,
      "rev_growth_yoy": -0.007077046334624116,
      "rev_growth_yoy_accel": 0.13974751874607177,
      "fcf_margin_change": 0.03711319436565816
    },
    {
      "date": "2023-12-31T00:00:00",
      "quarter_label": "2023-12 (Q4)",
      "revenue": 721700000,
      "gross_profit": 81500000,
      "operating_income": 21700000,
      "net_income": 7600000,
      "opex": 700000000,
      "cogs": 640200000,
      "rd": null,
      "sga": null,
      "fcf": 74300000,
      "ocf": 74300000,
      "capex": null,
      "gross_margin": 0.11292780933906055,
      "op_margin": 0.030067895247332686,
      "fcf_margin": 0.10295136483303312,
      "incr_op_margin_yoy": -0.8084714548802947,
      "rev_growth_yoy": -0.06997422680412371,
      "rev_growth_yoy_accel": -0.0628971804694996,
      "fcf_margin_change": -0.017812486700049188
    },
    {
      "date": "2024-03-31T00:00:00",
      "quarter_label": "2024-03 (Q1)",
      "revenue": 737500000,
      "gross_profit": 94600000,
      "operating_income": 32700000,
      "net_income": 24600000,
      "opex": 704800000,
      "cogs": 642900000,
      "rd": null,
      "sga": null,
      "fcf": 63300000,
      "ocf": 63300000,
      "capex": null,
      "gross_margin": 0.12827118644067798,
      "op_margin": 0.04433898305084746,
      "fcf_margin": 0.08583050847457627,
      "incr_op_margin_yoy": -0.19400855920114124,
      "rev_growth_yoy": -0.08680039623576027,
      "rev_growth_yoy_accel": -0.016826169431636562,
      "op_leverage_ratio": 3.192693178144197,
      "fcf_margin_change": -0.01712085635845685
    },
    {
      "date": "2024-06-30T00:00:00",
      "quarter_label": "2024-06 (Q2)",
      "revenue": 773400000,
      "gross_profit": 82900000,
      "operating_income": 15500000,
      "net_income": 3100000,
      "opex": 757900000,
      "cogs": 690500000,
      "rd": null,
      "sga": null,
      "fcf": 26300000,
      "ocf": 26300000,
      "capex": null,
      "gross_margin": 0.10718903542798035,
      "op_margin": 0.02004137574347039,
      "fcf_margin": 0.03400568916472718,
      "incr_op_margin_yoy": 0.5012285012285013,
      "rev_growth_yoy": -0.049993858248372436,
      "rev_growth_yoy_accel": 0.03680653798738784,
      "op_leverage_ratio": 0.6461060359411408,
      "fcf_margin_change": -0.051824819309849085
    },
    {
      "date": "2024-09-30T00:00:00",
      "quarter_label": "2024-09 (Q3)",
      "revenue": 747700000,
      "gross_profit": 75900000,
      "operating_income": 17400000,
      "net_income": 12000000,
      "opex": 730300000,
      "cogs": 671800000,
      "rd": null,
      "sga": null,
      "fcf": 34100000,
      "ocf": 34100000,
      "capex": null,
      "gross_margin": 0.10151130132406046,
      "op_margin": 0.023271365520930856,
      "fcf_margin": 0.04560652668182426,
      "incr_op_margin_yoy": -0.4146341463414634,
      "rev_growth_yoy": 0.005513717052178591,
      "rev_growth_yoy_accel": 0.055507575300551025,
      "fcf_margin_change": 0.011600837517097076
    },
    {
      "date": "2024-12-31T00:00:00",
      "quarter_label": "2024-12 (Q4)",
      "revenue": 765400000,
      "gross_profit": 79500000,
      "operating_income": 22100000,
      "net_income": 7100000,
      "opex": 743300000,
      "cogs": 685900000,
      "rd": null,
      "sga": null,
      "fcf": 43400000,
      "ocf": 43400000,
      "capex": null,
      "gross_margin": 0.10386725894956886,
      "op_margin": 0.02887379148157826,
      "fcf_margin": 0.05670237784165143,
      "incr_op_margin_yoy": 0.009153318077803204,
      "rev_growth_yoy": 0.06055147568241652,
      "rev_growth_yoy_accel": 0.05503775863023793,
      "op_leverage_ratio": 1.3298536023291943,
      "fcf_margin_change": 0.01109585115982717
    },
    {
      "date": "2025-03-31T00:00:00",
      "quarter_label": "2025-03 (Q1)",
      "revenue": 777400000,
      "gross_profit": 104000000,
      "operating_income": 41400000,
      "net_income": 21600000,
      "opex": 736000000,
      "cogs": 673400000,
      "rd": null,
      "sga": null,
      "fcf": 57000000,
      "ocf": 57000000,
      "capex": null,
      "gross_margin": 0.13377926421404682,
      "op_margin": 0.05325443786982249,
      "fcf_margin": 0.0733213275019295,
      "incr_op_margin_yoy": 0.21804511278195488,
      "rev_growth_yoy": 0.05410169491525424,
      "rev_growth_yoy_accel": -0.00644978076716228,
      "op_leverage_ratio": Infinity,
      "fcf_margin_change": 0.016618949660278076
    },
    {
      "date": "2025-06-30T00:00:00",
      "quarter_label": "2025-06 (Q2)",
      "revenue": 823100000,
      "gross_profit": 100300000,
      "operating_income": 38000000,
      "net_income": 23200000,
      "opex": 785100000,
      "cogs": 722800000,
      "rd": null,
      "sga": null,
      "fcf": 15900000,
      "ocf": 15900000,
      "capex": null,
      "gross_margin": 0.12185639654962944,
      "op_margin": 0.046166929899161706,
      "fcf_margin": 0.019317215405175555,
      "incr_op_margin_yoy": 0.45271629778672035,
      "rev_growth_yoy": 0.06426170157745022,
      "rev_growth_yoy_accel": 0.010160006662195978,
      "op_leverage_ratio": 0.8811868063003893,
      "fcf_margin_change": -0.054004112096753945
    },
    {
      "date": "2025-09-30T00:00:00",
      "quarter_label": "2025-09 (Q3)",
      "revenue": 843500000,
      "gross_profit": 114700000,
      "operating_income": 48800000,
      "net_income": 39500000,
      "opex": 794700000,
      "cogs": 728800000,
      "rd": null,
      "sga": null,
      "fcf": 59100000,
      "ocf": 59100000,
      "capex": null,
      "gross_margin": 0.13598103141671605,
      "op_margin": 0.057854179016004745,
      "fcf_margin": 0.07006520450503853,
      "incr_op_margin_yoy": 0.3277661795407098,
      "rev_growth_yoy": 0.12812625384512505,
      "rev_growth_yoy_accel": 0.06386455226767483,
      "op_leverage_ratio": 2.0268952739642816,
      "fcf_margin_change": 0.05074798909986297
    }
  ],
  "signals": [
    {
      "quarter": "2025-09 (Q3)",
      "signal": "FCF MARGIN EXPANSION",
      "detail": "FCF margin: +1.9% -> +7.0% (+5.1%)",
      "severity": "MEDIUM"
    },
    {
      "quarter": "2025-09 (Q3)",
      "signal": "OPERATING LEVERAGE",
      "detail": "Rev growth +2.5% vs OpEx growth +1.2% (leverage: 2.0x)",
      "severity": "MEDIUM"
    },
    {
      "quarter": "2025-09 (Q3)",
      "signal": "YoY REVENUE GROWTH ACCELERATION",
      "detail": "YoY growth: +12.8% vs prior quarter YoY: +6.4% (accel: +6.4%)",
      "severity": "MEDIUM"
    },
    {
      "quarter": "2025-09 (Q3)",
      "signal": "INCREMENTAL MARGIN (YoY)",
      "detail": "YoY Incr OPM: +32.8% vs year-ago OPM: +2.3%",
      "severity": "HIGH"
    },
    {
      "quarter": "2025-06 (Q2)",
      "signal": "INCREMENTAL MARGIN (YoY)",
      "detail": "YoY Incr OPM: +45.3% vs year-ago OPM: +2.0%",
      "severity": "HIGH"
    },
    {
      "quarter": "2025-03 (Q1)",
      "signal": "INCREMENTAL MARGIN (YoY)",
      "detail": "YoY Incr OPM: +21.8% vs year-ago OPM: +4.4%",
      "severity": "MEDIUM"
    },
    {
      "quarter": "2024-12 (Q4)",
      "signal": "YoY REVENUE GROWTH ACCELERATION",
      "detail": "YoY growth: +6.1% vs prior quarter YoY: +0.6% (accel: +5.5%)",
      "severity": "MEDIUM"
    },
    {
      "quarter": "2024-09 (Q3)",
      "signal": "YoY REVENUE GROWTH ACCELERATION",
      "detail": "YoY growth: +0.6% vs prior quarter YoY: -5.0% (accel: +5.6%)",
      "severity": "MEDIUM"
    },
    {
      "quarter": "2024-06 (Q2)",
      "signal": "INCREMENTAL MARGIN (YoY)",
      "detail": "YoY Incr OPM: +50.1% vs year-ago OPM: +4.4%",
      "severity": "HIGH"
    },
    {
      "quarter": "2024-03 (Q1)",
      "signal": "OPERATING LEVERAGE",
      "detail": "Rev growth +2.2% vs OpEx growth +0.7% (leverage: 3.2x)",
      "severity": "MEDIUM"
    },
    {
      "quarter": "2023-12 (Q4)",
      "signal": "YoY REVENUE GROWTH DECELERATION",
      "detail": "YoY growth: -7.0% vs prior quarter YoY: -0.7% (decel: -6.3%)",
      "severity": "WARNING"
    },
    {
      "quarter": "2023-12 (Q4)",
      "signal": "OP MARGIN TURNED POSITIVE (YoY)",
      "detail": "Op margin: -2.9% (year-ago) -> +3.0%",
      "severity": "HIGH"
    },
    {
      "quarter": "2023-09 (Q3)",
      "signal": "YoY REVENUE GROWTH ACCELERATION",
      "detail": "YoY growth: -0.7% vs prior quarter YoY: -14.7% (accel: +14.0%)",
      "severity": "MEDIUM"
    },
    {
      "quarter": "2023-06 (Q2)",
      "signal": "FCF TURNED POSITIVE",
      "detail": "FCF margin: -2.5% -> +8.4%",
      "severity": "HIGH"
    },
    {
      "quarter": "2023-06 (Q2)",
      "signal": "OP MARGIN TURNED POSITIVE (YoY)",
      "detail": "Op margin: -0.2% (year-ago) -> +4.4%",
      "severity": "HIGH"
    },
    {
      "quarter": "2023-03 (Q1)",
      "signal": "GROSS MARGIN INFLECTION",
      "detail": "GM: +7.2% -> +7.1% -> +9.5% (reversal +2.4%)",
      "severity": "MEDIUM"
    },
    {
      "quarter": "2023-03 (Q1)",
      "signal": "YoY REVENUE GROWTH DECELERATION",
      "detail": "YoY growth: -14.9% vs prior quarter YoY: -3.8% (decel: -11.1%)",
      "severity": "WARNING"
    },
    {
      "quarter": "2023-03 (Q1)",
      "signal": "OP MARGIN TURNED POSITIVE (QoQ)",
      "detail": "Op margin: -2.9% -> +2.4%",
      "severity": "HIGH"
    },
    {
      "quarter": "2022-12 (Q4)",
      "signal": "FCF MARGIN EXPANSION",
      "detail": "FCF margin: -8.8% -> -0.6% (+8.2%)",
      "severity": "MEDIUM"
    },
    {
      "quarter": "2022-09 (Q3)",
      "signal": "YoY REVENUE GROWTH DECELERATION",
      "detail": "YoY growth: -0.2% vs prior quarter YoY: +28.8% (decel: -29.0%)",
      "severity": "WARNING"
    },
    {
      "quarter": "2022-09 (Q3)",
      "signal": "INCREMENTAL MARGIN (YoY)",
      "detail": "YoY Incr OPM: +988.2% vs year-ago OPM: +2.6%",
      "severity": "HIGH"
    },
    {
      "quarter": "2022-09 (Q3)",
      "signal": "OP MARGIN TURNED POSITIVE (QoQ)",
      "detail": "Op margin: -0.2% -> +0.4%",
      "severity": "HIGH"
    },
    {
      "quarter": "2022-06 (Q2)",
      "signal": "YoY REVENUE GROWTH DECELERATION",
      "detail": "YoY growth: +28.8% vs prior quarter YoY: +192.8% (decel: -164.1%)",
      "severity": "WARNING"
    },
    {
      "quarter": "2021-09 (Q3)",
      "signal": "OPERATING LEVERAGE",
      "detail": "Rev growth +1.3% vs OpEx growth +0.1% (leverage: 10.5x)",
      "severity": "MEDIUM"
    },
    {
      "quarter": "2021-06 (Q2)",
      "signal": "FCF TURNED POSITIVE",
      "detail": "FCF margin: -3.5% -> +2.2%",
      "severity": "HIGH"
    }
  ],
  "data_quality": {
    "n_quarters": 20,
    "coverage": {
      "revenue": [
        20,
        20
      ],
      "gross_profit": [
        20,
        20
      ],
      "op_income": [
        20,
        20
      ],
      "fcf": [
        20,
        20
      ]
    },
    "gaps": [],
    "warnings": []
  },
  "market_cap": null,
  "source": "SEC EDGAR",
  "last_updated": "2026-02-02T21:37:07.126690"
}