{
  "ticker": "KALV",
  "name": "KALVISTA PHARMACEUTICALS, INC.",
  "quarters": [
    {
      "date": "2016-07-31T00:00:00",
      "quarter_label": "2016-07 (Q3)",
      "revenue": 975000,
      "gross_profit": null,
      "operating_income": null,
      "net_income": null,
      "opex": null,
      "cogs": null,
      "rd": null,
      "sga": null,
      "fcf": null,
      "ocf": null,
      "capex": null,
      "gross_margin": null,
      "op_margin": null,
      "fcf_margin": null
    },
    {
      "date": "2016-10-31T00:00:00",
      "quarter_label": "2016-10 (Q4)",
      "revenue": 197000,
      "gross_profit": null,
      "operating_income": null,
      "net_income": null,
      "opex": null,
      "cogs": null,
      "rd": null,
      "sga": null,
      "fcf": null,
      "ocf": null,
      "capex": null,
      "gross_margin": null,
      "op_margin": null,
      "fcf_margin": null
    },
    {
      "date": "2017-01-31T00:00:00",
      "quarter_label": "2017-01 (Q1)",
      "revenue": 248000,
      "gross_profit": null,
      "operating_income": null,
      "net_income": null,
      "opex": null,
      "cogs": null,
      "rd": null,
      "sga": null,
      "fcf": null,
      "ocf": null,
      "capex": null,
      "gross_margin": null,
      "op_margin": null,
      "fcf_margin": null
    },
    {
      "date": "2017-04-30T00:00:00",
      "quarter_label": "2017-04 (Q2)",
      "revenue": 114000,
      "gross_profit": null,
      "operating_income": null,
      "net_income": null,
      "opex": null,
      "cogs": null,
      "rd": null,
      "sga": null,
      "fcf": null,
      "ocf": null,
      "capex": null,
      "gross_margin": null,
      "op_margin": null,
      "fcf_margin": null
    },
    {
      "date": "2017-07-31T00:00:00",
      "quarter_label": "2017-07 (Q3)",
      "revenue": 96000,
      "gross_profit": null,
      "operating_income": null,
      "net_income": null,
      "opex": null,
      "cogs": null,
      "rd": null,
      "sga": null,
      "fcf": null,
      "ocf": null,
      "capex": null,
      "gross_margin": null,
      "op_margin": null,
      "fcf_margin": null,
      "rev_growth_yoy": -0.9015384615384615
    },
    {
      "date": "2017-10-31T00:00:00",
      "quarter_label": "2017-10 (Q4)",
      "revenue": 1127000,
      "gross_profit": null,
      "operating_income": null,
      "net_income": null,
      "opex": null,
      "cogs": null,
      "rd": null,
      "sga": null,
      "fcf": null,
      "ocf": null,
      "capex": null,
      "gross_margin": null,
      "op_margin": null,
      "fcf_margin": null,
      "rev_growth_yoy": 4.720812182741117,
      "rev_growth_yoy_accel": 5.622350644279578
    },
    {
      "date": "2018-01-31T00:00:00",
      "quarter_label": "2018-01 (Q1)",
      "revenue": 2331000,
      "gross_profit": null,
      "operating_income": null,
      "net_income": null,
      "opex": null,
      "cogs": null,
      "rd": null,
      "sga": null,
      "fcf": null,
      "ocf": null,
      "capex": null,
      "gross_margin": null,
      "op_margin": null,
      "fcf_margin": null,
      "rev_growth_yoy": 8.399193548387096,
      "rev_growth_yoy_accel": 3.678381365645979
    },
    {
      "date": "2018-04-30T00:00:00",
      "quarter_label": "2018-04 (Q2)",
      "revenue": 4840000,
      "gross_profit": null,
      "operating_income": null,
      "net_income": null,
      "opex": null,
      "cogs": null,
      "rd": null,
      "sga": null,
      "fcf": null,
      "ocf": null,
      "capex": null,
      "gross_margin": null,
      "op_margin": null,
      "fcf_margin": null,
      "rev_growth_yoy": 41.45614035087719,
      "rev_growth_yoy_accel": 33.056946802490096
    },
    {
      "date": "2018-07-31T00:00:00",
      "quarter_label": "2018-07 (Q3)",
      "revenue": 3718000,
      "gross_profit": null,
      "operating_income": null,
      "net_income": null,
      "opex": null,
      "cogs": null,
      "rd": null,
      "sga": null,
      "fcf": null,
      "ocf": null,
      "capex": null,
      "gross_margin": null,
      "op_margin": null,
      "fcf_margin": null,
      "rev_growth_yoy": 37.729166666666664,
      "rev_growth_yoy_accel": -3.7269736842105274
    },
    {
      "date": "2018-10-31T00:00:00",
      "quarter_label": "2018-10 (Q4)",
      "revenue": 5592000,
      "gross_profit": null,
      "operating_income": null,
      "net_income": null,
      "opex": null,
      "cogs": null,
      "rd": null,
      "sga": null,
      "fcf": null,
      "ocf": null,
      "capex": null,
      "gross_margin": null,
      "op_margin": null,
      "fcf_margin": null,
      "rev_growth_yoy": 3.961845607808341,
      "rev_growth_yoy_accel": -33.76732105885832
    },
    {
      "date": "2019-01-31T00:00:00",
      "quarter_label": "2019-01 (Q1)",
      "revenue": 3890000,
      "gross_profit": null,
      "operating_income": null,
      "net_income": null,
      "opex": null,
      "cogs": null,
      "rd": null,
      "sga": null,
      "fcf": null,
      "ocf": null,
      "capex": null,
      "gross_margin": null,
      "op_margin": null,
      "fcf_margin": null,
      "rev_growth_yoy": 0.6688116688116688,
      "rev_growth_yoy_accel": -3.293033938996672
    },
    {
      "date": "2019-04-30T00:00:00",
      "quarter_label": "2019-04 (Q2)",
      "revenue": 2926000,
      "gross_profit": null,
      "operating_income": null,
      "net_income": null,
      "opex": null,
      "cogs": null,
      "rd": null,
      "sga": null,
      "fcf": null,
      "ocf": null,
      "capex": null,
      "gross_margin": null,
      "op_margin": null,
      "fcf_margin": null,
      "rev_growth_yoy": -0.39545454545454545,
      "rev_growth_yoy_accel": -1.0642662142662143
    },
    {
      "date": "2019-07-31T00:00:00",
      "quarter_label": "2019-07 (Q3)",
      "revenue": 3369000,
      "gross_profit": null,
      "operating_income": null,
      "net_income": null,
      "opex": null,
      "cogs": null,
      "rd": null,
      "sga": null,
      "fcf": null,
      "ocf": null,
      "capex": null,
      "gross_margin": null,
      "op_margin": null,
      "fcf_margin": null,
      "rev_growth_yoy": -0.09386767079074772,
      "rev_growth_yoy_accel": 0.30158687466379774
    },
    {
      "date": "2019-10-31T00:00:00",
      "quarter_label": "2019-10 (Q4)",
      "revenue": 3920000,
      "gross_profit": null,
      "operating_income": null,
      "net_income": null,
      "opex": null,
      "cogs": null,
      "rd": null,
      "sga": null,
      "fcf": null,
      "ocf": null,
      "capex": null,
      "gross_margin": null,
      "op_margin": null,
      "fcf_margin": null,
      "rev_growth_yoy": -0.2989985693848355,
      "rev_growth_yoy_accel": -0.20513089859408778
    },
    {
      "date": "2020-01-31T00:00:00",
      "quarter_label": "2020-01 (Q1)",
      "revenue": 1577000,
      "gross_profit": null,
      "operating_income": null,
      "net_income": null,
      "opex": null,
      "cogs": null,
      "rd": null,
      "sga": null,
      "fcf": null,
      "ocf": null,
      "capex": null,
      "gross_margin": null,
      "op_margin": null,
      "fcf_margin": null,
      "rev_growth_yoy": -0.5946015424164525,
      "rev_growth_yoy_accel": -0.295602973031617
    },
    {
      "date": "2020-04-30T00:00:00",
      "quarter_label": "2020-04 (Q2)",
      "revenue": 3824000,
      "gross_profit": null,
      "operating_income": null,
      "net_income": null,
      "opex": null,
      "cogs": null,
      "rd": null,
      "sga": null,
      "fcf": null,
      "ocf": null,
      "capex": null,
      "gross_margin": null,
      "op_margin": null,
      "fcf_margin": null,
      "rev_growth_yoy": 0.3069036226930964,
      "rev_growth_yoy_accel": 0.9015051651095489
    },
    {
      "date": "2024-07-31T00:00:00",
      "quarter_label": "2024-07 (Q3)",
      "revenue": 0,
      "gross_profit": null,
      "operating_income": -44215000,
      "net_income": -40443000,
      "opex": 44215000,
      "cogs": null,
      "rd": 26614000,
      "sga": 17601000,
      "fcf": -40241000,
      "ocf": -40220000,
      "capex": -21000,
      "gross_margin": null,
      "op_margin": null,
      "fcf_margin": null
    },
    {
      "date": "2024-09-30T00:00:00",
      "quarter_label": "2024-09 (Q3)",
      "revenue": 0,
      "gross_profit": null,
      "operating_income": -43480000,
      "net_income": -39084000,
      "opex": 43480000,
      "cogs": null,
      "rd": 18680000,
      "sga": 24800000,
      "fcf": null,
      "ocf": null,
      "capex": null,
      "gross_margin": null,
      "op_margin": null,
      "fcf_margin": null
    },
    {
      "date": "2025-07-31T00:00:00",
      "quarter_label": "2025-07 (Q3)",
      "revenue": 1400000,
      "gross_profit": null,
      "operating_income": -59009000,
      "net_income": -60096000,
      "opex": 60435000,
      "cogs": null,
      "rd": 15162000,
      "sga": 44683000,
      "fcf": -54792000,
      "ocf": -54502000,
      "capex": -290000,
      "gross_margin": null,
      "op_margin": -42.14928571428572,
      "fcf_margin": -39.137142857142855,
      "incr_op_margin_yoy": -10.567142857142857
    },
    {
      "date": "2025-09-30T00:00:00",
      "quarter_label": "2025-09 (Q3)",
      "revenue": 13700000,
      "gross_profit": 12468000,
      "operating_income": -46050000,
      "net_income": -49482000,
      "opex": 59742000,
      "cogs": 1232000,
      "rd": 11993000,
      "sga": 46517000,
      "fcf": null,
      "ocf": null,
      "capex": null,
      "gross_margin": 0.9100729927007299,
      "op_margin": -3.3613138686131387,
      "fcf_margin": null,
      "incr_op_margin_yoy": -0.18759124087591242,
      "op_leverage_ratio": Infinity
    }
  ],
  "signals": [
    {
      "quarter": "2020-04 (Q2)",
      "signal": "YoY REVENUE GROWTH ACCELERATION",
      "detail": "YoY growth: +30.7% vs prior quarter YoY: -59.5% (accel: +90.2%)",
      "severity": "HIGH"
    },
    {
      "quarter": "2020-01 (Q1)",
      "signal": "YoY REVENUE GROWTH DECELERATION",
      "detail": "YoY growth: -59.5% vs prior quarter YoY: -29.9% (decel: -29.6%)",
      "severity": "WARNING"
    },
    {
      "quarter": "2019-10 (Q4)",
      "signal": "YoY REVENUE GROWTH DECELERATION",
      "detail": "YoY growth: -29.9% vs prior quarter YoY: -9.4% (decel: -20.5%)",
      "severity": "WARNING"
    },
    {
      "quarter": "2019-07 (Q3)",
      "signal": "YoY REVENUE GROWTH ACCELERATION",
      "detail": "YoY growth: -9.4% vs prior quarter YoY: -39.5% (accel: +30.2%)",
      "severity": "HIGH"
    },
    {
      "quarter": "2019-04 (Q2)",
      "signal": "YoY REVENUE GROWTH DECELERATION",
      "detail": "YoY growth: -39.5% vs prior quarter YoY: +66.9% (decel: -106.4%)",
      "severity": "WARNING"
    },
    {
      "quarter": "2019-01 (Q1)",
      "signal": "YoY REVENUE GROWTH DECELERATION",
      "detail": "YoY growth: +66.9% vs prior quarter YoY: +396.2% (decel: -329.3%)",
      "severity": "WARNING"
    },
    {
      "quarter": "2018-10 (Q4)",
      "signal": "YoY REVENUE GROWTH DECELERATION",
      "detail": "YoY growth: +396.2% vs prior quarter YoY: +3772.9% (decel: -3376.7%)",
      "severity": "WARNING"
    },
    {
      "quarter": "2018-07 (Q3)",
      "signal": "YoY REVENUE GROWTH DECELERATION",
      "detail": "YoY growth: +3772.9% vs prior quarter YoY: +4145.6% (decel: -372.7%)",
      "severity": "WARNING"
    },
    {
      "quarter": "2018-04 (Q2)",
      "signal": "YoY REVENUE GROWTH ACCELERATION",
      "detail": "YoY growth: +4145.6% vs prior quarter YoY: +839.9% (accel: +3305.7%)",
      "severity": "HIGH"
    },
    {
      "quarter": "2018-01 (Q1)",
      "signal": "YoY REVENUE GROWTH ACCELERATION",
      "detail": "YoY growth: +839.9% vs prior quarter YoY: +472.1% (accel: +367.8%)",
      "severity": "HIGH"
    },
    {
      "quarter": "2017-10 (Q4)",
      "signal": "YoY REVENUE GROWTH ACCELERATION",
      "detail": "YoY growth: +472.1% vs prior quarter YoY: -90.2% (accel: +562.2%)",
      "severity": "HIGH"
    }
  ],
  "data_quality": {
    "n_quarters": 20,
    "coverage": {
      "revenue": [
        20,
        20
      ],
      "gross_profit": [
        1,
        20
      ],
      "op_income": [
        4,
        20
      ],
      "fcf": [
        2,
        20
      ]
    },
    "gaps": [
      [
        "2020-04 (Q2)",
        "2024-07 (Q3)",
        1553
      ],
      [
        "2024-09 (Q3)",
        "2025-07 (Q3)",
        304
      ]
    ],
    "warnings": [
      "gross_profit: 1/20Q",
      "op_income: 4/20Q",
      "fcf: 2/20Q",
      "gap: 16Q missing between 2020-04 (Q2) and 2024-07 (Q3)",
      "gap: 2Q missing between 2024-09 (Q3) and 2025-07 (Q3)"
    ]
  },
  "market_cap": null,
  "source": "SEC EDGAR",
  "last_updated": "2026-02-02T22:11:07.841493"
}