{
  "ticker": "KBH",
  "name": "KB HOME",
  "quarters": [
    {
      "date": "2021-02-28T00:00:00",
      "quarter_label": "2021-02 (Q1)",
      "revenue": 1141738000,
      "gross_profit": null,
      "operating_income": null,
      "net_income": 97051000,
      "opex": null,
      "cogs": null,
      "rd": null,
      "sga": null,
      "fcf": -88363000,
      "ocf": -79265000,
      "capex": -9098000,
      "gross_margin": null,
      "op_margin": null,
      "fcf_margin": -0.07739341249918984
    },
    {
      "date": "2021-05-31T00:00:00",
      "quarter_label": "2021-05 (Q2)",
      "revenue": 1440892000,
      "gross_profit": null,
      "operating_income": null,
      "net_income": 143364000,
      "opex": null,
      "cogs": null,
      "rd": null,
      "sga": null,
      "fcf": 52010000,
      "ocf": 61198000,
      "capex": -9188000,
      "gross_margin": null,
      "op_margin": null,
      "fcf_margin": 0.0360956962770284,
      "fcf_margin_change": 0.11348910877621823
    },
    {
      "date": "2021-08-31T00:00:00",
      "quarter_label": "2021-08 (Q3)",
      "revenue": 1467102000,
      "gross_profit": null,
      "operating_income": null,
      "net_income": 150097000,
      "opex": null,
      "cogs": null,
      "rd": null,
      "sga": null,
      "fcf": -172091000,
      "ocf": -162158000,
      "capex": -9933000,
      "gross_margin": null,
      "op_margin": null,
      "fcf_margin": -0.11729995596761507,
      "fcf_margin_change": -0.15339565224464347
    },
    {
      "date": "2021-11-30T00:00:00",
      "quarter_label": "2021-11 (Q4)",
      "revenue": 1675198000,
      "gross_profit": null,
      "operating_income": null,
      "net_income": 174234000,
      "opex": null,
      "cogs": null,
      "rd": null,
      "sga": null,
      "fcf": 131749000,
      "ocf": 142929000,
      "capex": -11180000,
      "gross_margin": null,
      "op_margin": null,
      "fcf_margin": 0.07864682264424862,
      "fcf_margin_change": 0.1959467786118637
    },
    {
      "date": "2022-02-28T00:00:00",
      "quarter_label": "2022-02 (Q1)",
      "revenue": 1398789000,
      "gross_profit": null,
      "operating_income": null,
      "net_income": 134257000,
      "opex": null,
      "cogs": null,
      "rd": null,
      "sga": null,
      "fcf": -261598000,
      "ocf": -251035000,
      "capex": -10563000,
      "gross_margin": null,
      "op_margin": null,
      "fcf_margin": -0.1870174844097287,
      "rev_growth_yoy": 0.22514009343649768,
      "fcf_margin_change": -0.2656643070539773
    },
    {
      "date": "2022-05-31T00:00:00",
      "quarter_label": "2022-05 (Q2)",
      "revenue": 1720062000,
      "gross_profit": null,
      "operating_income": null,
      "net_income": 210670000,
      "opex": null,
      "cogs": null,
      "rd": null,
      "sga": null,
      "fcf": -75336000,
      "ocf": -63777000,
      "capex": -11559000,
      "gross_margin": null,
      "op_margin": null,
      "fcf_margin": -0.04379842121970022,
      "rev_growth_yoy": 0.19374803940892169,
      "rev_growth_yoy_accel": -0.031392054027576,
      "fcf_margin_change": 0.14321906319002847
    },
    {
      "date": "2022-08-31T00:00:00",
      "quarter_label": "2022-08 (Q3)",
      "revenue": 1844895000,
      "gross_profit": null,
      "operating_income": null,
      "net_income": 255329000,
      "opex": null,
      "cogs": null,
      "rd": null,
      "sga": null,
      "fcf": 79169000,
      "ocf": 90813000,
      "capex": -11644000,
      "gross_margin": null,
      "op_margin": null,
      "fcf_margin": 0.04291246927331908,
      "rev_growth_yoy": 0.2575097028018502,
      "rev_growth_yoy_accel": 0.06376166339292852,
      "fcf_margin_change": 0.0867108904930193
    },
    {
      "date": "2022-11-30T00:00:00",
      "quarter_label": "2022-11 (Q4)",
      "revenue": 1940030000,
      "gross_profit": null,
      "operating_income": null,
      "net_income": 216410000,
      "opex": null,
      "cogs": null,
      "rd": null,
      "sga": null,
      "fcf": 395949000,
      "ocf": 407417000,
      "capex": -11468000,
      "gross_margin": null,
      "op_margin": null,
      "fcf_margin": 0.20409426658350643,
      "rev_growth_yoy": 0.1580899690663432,
      "rev_growth_yoy_accel": -0.099419733735507,
      "fcf_margin_change": 0.16118179731018736
    },
    {
      "date": "2023-02-28T00:00:00",
      "quarter_label": "2023-02 (Q1)",
      "revenue": 1384314000,
      "gross_profit": null,
      "operating_income": null,
      "net_income": 125500000,
      "opex": null,
      "cogs": null,
      "rd": null,
      "sga": null,
      "fcf": 85079000,
      "ocf": 93917000,
      "capex": -8838000,
      "gross_margin": null,
      "op_margin": null,
      "fcf_margin": 0.06145932209021942,
      "rev_growth_yoy": -0.010348236939238155,
      "rev_growth_yoy_accel": -0.16843820600558135,
      "fcf_margin_change": -0.142634944493287
    },
    {
      "date": "2023-05-31T00:00:00",
      "quarter_label": "2023-05 (Q2)",
      "revenue": 1765316000,
      "gross_profit": null,
      "operating_income": null,
      "net_income": 164442000,
      "opex": null,
      "cogs": null,
      "rd": null,
      "sga": null,
      "fcf": 505327000,
      "ocf": 514813000,
      "capex": -9486000,
      "gross_margin": null,
      "op_margin": null,
      "fcf_margin": 0.28625299946298566,
      "rev_growth_yoy": 0.026309516749977616,
      "rev_growth_yoy_accel": 0.03665775368921577,
      "fcf_margin_change": 0.22479367737276623
    },
    {
      "date": "2023-08-31T00:00:00",
      "quarter_label": "2023-08 (Q3)",
      "revenue": 1587011000,
      "gross_profit": null,
      "operating_income": null,
      "net_income": 149933000,
      "opex": null,
      "cogs": null,
      "rd": null,
      "sga": null,
      "fcf": 155705000,
      "ocf": 163793000,
      "capex": -8088000,
      "gross_margin": null,
      "op_margin": null,
      "fcf_margin": 0.09811211138423111,
      "rev_growth_yoy": -0.1397824808457934,
      "rev_growth_yoy_accel": -0.166091997595771,
      "fcf_margin_change": -0.18814088807875456
    },
    {
      "date": "2023-11-30T00:00:00",
      "quarter_label": "2023-11 (Q4)",
      "revenue": 1673988000,
      "gross_profit": null,
      "operating_income": null,
      "net_income": 150302000,
      "opex": null,
      "cogs": null,
      "rd": null,
      "sga": null,
      "fcf": 301120000,
      "ocf": 310176000,
      "capex": -9056000,
      "gross_margin": null,
      "op_margin": null,
      "fcf_margin": 0.1798818151623548,
      "rev_growth_yoy": -0.13713293093405773,
      "rev_growth_yoy_accel": 0.0026495499117356602,
      "fcf_margin_change": 0.08176970377812369
    },
    {
      "date": "2024-02-29T00:00:00",
      "quarter_label": "2024-02 (Q1)",
      "revenue": 1467766000,
      "gross_profit": null,
      "operating_income": null,
      "net_income": 138665000,
      "opex": null,
      "cogs": null,
      "rd": null,
      "sga": null,
      "fcf": 19064000,
      "ocf": 28518000,
      "capex": -9454000,
      "gross_margin": null,
      "op_margin": null,
      "fcf_margin": 0.012988446387230661,
      "rev_growth_yoy": 0.06028401070855312,
      "rev_growth_yoy_accel": 0.19741694164261087,
      "fcf_margin_change": -0.16689336877512415
    },
    {
      "date": "2024-05-31T00:00:00",
      "quarter_label": "2024-05 (Q2)",
      "revenue": 1709813000,
      "gross_profit": null,
      "operating_income": null,
      "net_income": 168419000,
      "opex": null,
      "cogs": null,
      "rd": null,
      "sga": null,
      "fcf": 51176000,
      "ocf": 61476000,
      "capex": -10300000,
      "gross_margin": null,
      "op_margin": null,
      "fcf_margin": 0.029930758509848738,
      "rev_growth_yoy": -0.03144082985709074,
      "rev_growth_yoy_accel": -0.09172484056564387,
      "fcf_margin_change": 0.016942312122618076
    },
    {
      "date": "2024-08-31T00:00:00",
      "quarter_label": "2024-08 (Q3)",
      "revenue": 1752608000,
      "gross_profit": null,
      "operating_income": null,
      "net_income": 157329000,
      "opex": null,
      "cogs": null,
      "rd": null,
      "sga": null,
      "fcf": -99387000,
      "ocf": -89913000,
      "capex": -9474000,
      "gross_margin": null,
      "op_margin": null,
      "fcf_margin": -0.056708060216545855,
      "rev_growth_yoy": 0.10434521247804836,
      "rev_growth_yoy_accel": 0.1357860423351391,
      "fcf_margin_change": -0.08663881872639459
    },
    {
      "date": "2024-11-30T00:00:00",
      "quarter_label": "2024-11 (Q4)",
      "revenue": 1999899000,
      "gross_profit": null,
      "operating_income": null,
      "net_income": 190605000,
      "opex": null,
      "cogs": null,
      "rd": null,
      "sga": null,
      "fcf": 352558000,
      "ocf": 362641000,
      "capex": -10083000,
      "gross_margin": null,
      "op_margin": null,
      "fcf_margin": 0.17628790253907822,
      "rev_growth_yoy": 0.19469135979469387,
      "rev_growth_yoy_accel": 0.09034614731664552,
      "fcf_margin_change": 0.23299596275562406
    },
    {
      "date": "2025-02-28T00:00:00",
      "quarter_label": "2025-02 (Q1)",
      "revenue": 1391777000,
      "gross_profit": null,
      "operating_income": null,
      "net_income": 109557000,
      "opex": null,
      "cogs": null,
      "rd": null,
      "sga": null,
      "fcf": -345541000,
      "ocf": -334321000,
      "capex": -11220000,
      "gross_margin": null,
      "op_margin": null,
      "fcf_margin": -0.2482732506716234,
      "rev_growth_yoy": -0.05177187644352029,
      "rev_growth_yoy_accel": -0.24646323623821417,
      "fcf_margin_change": -0.42456115321070165
    },
    {
      "date": "2025-05-31T00:00:00",
      "quarter_label": "2025-05 (Q2)",
      "revenue": 1529585000,
      "gross_profit": null,
      "operating_income": null,
      "net_income": 107883000,
      "opex": null,
      "cogs": null,
      "rd": null,
      "sga": null,
      "fcf": 156927000,
      "ocf": 168438000,
      "capex": -11511000,
      "gross_margin": null,
      "op_margin": null,
      "fcf_margin": 0.10259449458513256,
      "rev_growth_yoy": -0.10540801830375603,
      "rev_growth_yoy_accel": -0.053636141860235735,
      "fcf_margin_change": 0.35086774525675596
    },
    {
      "date": "2025-08-31T00:00:00",
      "quarter_label": "2025-08 (Q3)",
      "revenue": 1620474000,
      "gross_profit": null,
      "operating_income": null,
      "net_income": 109828000,
      "opex": null,
      "cogs": null,
      "rd": null,
      "sga": null,
      "fcf": 185845000,
      "ocf": 197723000,
      "capex": -11878000,
      "gross_margin": null,
      "op_margin": null,
      "fcf_margin": 0.11468557965138595,
      "rev_growth_yoy": -0.07539278606510982,
      "rev_growth_yoy_accel": 0.030015232238646203,
      "fcf_margin_change": 0.012091085066253393
    },
    {
      "date": "2025-11-30T00:00:00",
      "quarter_label": "2025-11 (Q4)",
      "revenue": 1694378000,
      "gross_profit": null,
      "operating_income": null,
      "net_income": 101521000,
      "opex": null,
      "cogs": null,
      "rd": null,
      "sga": null,
      "fcf": 290051000,
      "ocf": 303842000,
      "capex": -13791000,
      "gross_margin": null,
      "op_margin": null,
      "fcf_margin": 0.171184352015902,
      "rev_growth_yoy": -0.15276821479484715,
      "rev_growth_yoy_accel": -0.07737542872973732,
      "fcf_margin_change": 0.05649877236451606
    }
  ],
  "signals": [
    {
      "quarter": "2025-11 (Q4)",
      "signal": "FCF MARGIN EXPANSION",
      "detail": "FCF margin: +11.5% -> +17.1% (+5.6%)",
      "severity": "MEDIUM"
    },
    {
      "quarter": "2025-11 (Q4)",
      "signal": "YoY REVENUE GROWTH DECELERATION",
      "detail": "YoY growth: -15.3% vs prior quarter YoY: -7.5% (decel: -7.7%)",
      "severity": "WARNING"
    },
    {
      "quarter": "2025-05 (Q2)",
      "signal": "FCF TURNED POSITIVE",
      "detail": "FCF margin: -24.8% -> +10.3%",
      "severity": "HIGH"
    },
    {
      "quarter": "2025-05 (Q2)",
      "signal": "YoY REVENUE GROWTH DECELERATION",
      "detail": "YoY growth: -10.5% vs prior quarter YoY: -5.2% (decel: -5.4%)",
      "severity": "WARNING"
    },
    {
      "quarter": "2025-02 (Q1)",
      "signal": "YoY REVENUE GROWTH DECELERATION",
      "detail": "YoY growth: -5.2% vs prior quarter YoY: +19.5% (decel: -24.6%)",
      "severity": "WARNING"
    },
    {
      "quarter": "2024-11 (Q4)",
      "signal": "FCF TURNED POSITIVE",
      "detail": "FCF margin: -5.7% -> +17.6%",
      "severity": "HIGH"
    },
    {
      "quarter": "2024-11 (Q4)",
      "signal": "YoY REVENUE GROWTH ACCELERATION",
      "detail": "YoY growth: +19.5% vs prior quarter YoY: +10.4% (accel: +9.0%)",
      "severity": "MEDIUM"
    },
    {
      "quarter": "2024-08 (Q3)",
      "signal": "YoY REVENUE GROWTH ACCELERATION",
      "detail": "YoY growth: +10.4% vs prior quarter YoY: -3.1% (accel: +13.6%)",
      "severity": "MEDIUM"
    },
    {
      "quarter": "2024-05 (Q2)",
      "signal": "YoY REVENUE GROWTH DECELERATION",
      "detail": "YoY growth: -3.1% vs prior quarter YoY: +6.0% (decel: -9.2%)",
      "severity": "WARNING"
    },
    {
      "quarter": "2024-02 (Q1)",
      "signal": "YoY REVENUE GROWTH ACCELERATION",
      "detail": "YoY growth: +6.0% vs prior quarter YoY: -13.7% (accel: +19.7%)",
      "severity": "HIGH"
    },
    {
      "quarter": "2023-11 (Q4)",
      "signal": "FCF MARGIN EXPANSION",
      "detail": "FCF margin: +9.8% -> +18.0% (+8.2%)",
      "severity": "MEDIUM"
    },
    {
      "quarter": "2023-08 (Q3)",
      "signal": "YoY REVENUE GROWTH DECELERATION",
      "detail": "YoY growth: -14.0% vs prior quarter YoY: +2.6% (decel: -16.6%)",
      "severity": "WARNING"
    },
    {
      "quarter": "2023-05 (Q2)",
      "signal": "FCF MARGIN EXPANSION",
      "detail": "FCF margin: +6.1% -> +28.6% (+22.5%)",
      "severity": "MEDIUM"
    },
    {
      "quarter": "2023-02 (Q1)",
      "signal": "YoY REVENUE GROWTH DECELERATION",
      "detail": "YoY growth: -1.0% vs prior quarter YoY: +15.8% (decel: -16.8%)",
      "severity": "WARNING"
    },
    {
      "quarter": "2022-11 (Q4)",
      "signal": "FCF MARGIN EXPANSION",
      "detail": "FCF margin: +4.3% -> +20.4% (+16.1%)",
      "severity": "MEDIUM"
    },
    {
      "quarter": "2022-11 (Q4)",
      "signal": "YoY REVENUE GROWTH DECELERATION",
      "detail": "YoY growth: +15.8% vs prior quarter YoY: +25.8% (decel: -9.9%)",
      "severity": "WARNING"
    },
    {
      "quarter": "2022-08 (Q3)",
      "signal": "FCF TURNED POSITIVE",
      "detail": "FCF margin: -4.4% -> +4.3%",
      "severity": "HIGH"
    },
    {
      "quarter": "2022-08 (Q3)",
      "signal": "YoY REVENUE GROWTH ACCELERATION",
      "detail": "YoY growth: +25.8% vs prior quarter YoY: +19.4% (accel: +6.4%)",
      "severity": "MEDIUM"
    },
    {
      "quarter": "2022-05 (Q2)",
      "signal": "FCF MARGIN EXPANSION",
      "detail": "FCF margin: -18.7% -> -4.4% (+14.3%)",
      "severity": "MEDIUM"
    },
    {
      "quarter": "2021-11 (Q4)",
      "signal": "FCF TURNED POSITIVE",
      "detail": "FCF margin: -11.7% -> +7.9%",
      "severity": "HIGH"
    },
    {
      "quarter": "2021-05 (Q2)",
      "signal": "FCF TURNED POSITIVE",
      "detail": "FCF margin: -7.7% -> +3.6%",
      "severity": "HIGH"
    }
  ],
  "data_quality": {
    "n_quarters": 20,
    "coverage": {
      "revenue": [
        20,
        20
      ],
      "gross_profit": [
        0,
        20
      ],
      "op_income": [
        0,
        20
      ],
      "fcf": [
        20,
        20
      ]
    },
    "gaps": [],
    "warnings": [
      "gross_profit: no data",
      "op_income: no data"
    ]
  },
  "market_cap": null,
  "source": "SEC EDGAR",
  "last_updated": "2026-02-02T21:16:34.977967",
  "sector": "Consumer Cyclical",
  "industry": "Residential Construction"
}