{
  "ticker": "KBSR",
  "name": "KBS REAL ESTATE INVESTMENT TRUST III, INC.",
  "quarters": [
    {
      "date": "2020-12-31T00:00:00",
      "quarter_label": "2020-12 (Q4)",
      "revenue": 77742000,
      "gross_profit": null,
      "operating_income": null,
      "net_income": -221000,
      "opex": 78085000,
      "cogs": null,
      "rd": null,
      "sga": null,
      "fcf": 28309000,
      "ocf": 28309000,
      "capex": null,
      "gross_margin": null,
      "op_margin": null,
      "fcf_margin": 0.3641403617092434
    },
    {
      "date": "2021-03-31T00:00:00",
      "quarter_label": "2021-03 (Q1)",
      "revenue": 74735000,
      "gross_profit": null,
      "operating_income": null,
      "net_income": 27423000,
      "opex": 71073000,
      "cogs": null,
      "rd": null,
      "sga": null,
      "fcf": 16295000,
      "ocf": 16295000,
      "capex": null,
      "gross_margin": null,
      "op_margin": null,
      "fcf_margin": 0.21803706429383823,
      "fcf_margin_change": -0.14610329741540518
    },
    {
      "date": "2021-06-30T00:00:00",
      "quarter_label": "2021-06 (Q2)",
      "revenue": 73854000,
      "gross_profit": null,
      "operating_income": null,
      "net_income": 88000,
      "opex": 73845000,
      "cogs": null,
      "rd": null,
      "sga": null,
      "fcf": 27698000,
      "ocf": 27698000,
      "capex": null,
      "gross_margin": null,
      "op_margin": null,
      "fcf_margin": 0.37503723562704794,
      "fcf_margin_change": 0.1570001713332097
    },
    {
      "date": "2021-09-30T00:00:00",
      "quarter_label": "2021-09 (Q3)",
      "revenue": 73061000,
      "gross_profit": null,
      "operating_income": null,
      "net_income": -2235000,
      "opex": 76901000,
      "cogs": null,
      "rd": null,
      "sga": null,
      "fcf": 32247000,
      "ocf": 32247000,
      "capex": null,
      "gross_margin": null,
      "op_margin": null,
      "fcf_margin": 0.44137090924022393,
      "fcf_margin_change": 0.06633367361317599
    },
    {
      "date": "2021-12-31T00:00:00",
      "quarter_label": "2021-12 (Q4)",
      "revenue": 75111000,
      "gross_profit": null,
      "operating_income": null,
      "net_income": 118381000,
      "opex": 70907000,
      "cogs": null,
      "rd": null,
      "sga": null,
      "fcf": 24559000,
      "ocf": 24559000,
      "capex": null,
      "gross_margin": null,
      "op_margin": null,
      "fcf_margin": 0.3269694185938145,
      "rev_growth_yoy": -0.033842710503974686,
      "op_leverage_ratio": Infinity,
      "fcf_margin_change": -0.11440149064640942
    },
    {
      "date": "2022-03-31T00:00:00",
      "quarter_label": "2022-03 (Q1)",
      "revenue": 80300000,
      "gross_profit": null,
      "operating_income": null,
      "net_income": 10554000,
      "opex": 52493000,
      "cogs": null,
      "rd": null,
      "sga": null,
      "fcf": 7533000,
      "ocf": 7533000,
      "capex": null,
      "gross_margin": null,
      "op_margin": null,
      "fcf_margin": 0.0938107098381071,
      "rev_growth_yoy": 0.07446310296380544,
      "rev_growth_yoy_accel": 0.10830581346778012,
      "op_leverage_ratio": Infinity,
      "fcf_margin_change": -0.2331587087557074
    },
    {
      "date": "2022-06-30T00:00:00",
      "quarter_label": "2022-06 (Q2)",
      "revenue": 72738000,
      "gross_profit": null,
      "operating_income": null,
      "net_income": -16157000,
      "opex": 68908000,
      "cogs": null,
      "rd": null,
      "sga": null,
      "fcf": 15996000,
      "ocf": 15996000,
      "capex": null,
      "gross_margin": null,
      "op_margin": null,
      "fcf_margin": 0.2199125628969727,
      "rev_growth_yoy": -0.015110894467462832,
      "rev_growth_yoy_accel": -0.08957399743126827,
      "fcf_margin_change": 0.1261018530588656
    },
    {
      "date": "2022-09-30T00:00:00",
      "quarter_label": "2022-09 (Q3)",
      "revenue": 80219000,
      "gross_profit": null,
      "operating_income": null,
      "net_income": -15496000,
      "opex": 66589000,
      "cogs": null,
      "rd": null,
      "sga": null,
      "fcf": 35234000,
      "ocf": 35234000,
      "capex": null,
      "gross_margin": null,
      "op_margin": null,
      "fcf_margin": 0.4392226280556975,
      "rev_growth_yoy": 0.09797292673245644,
      "rev_growth_yoy_accel": 0.11308382119991928,
      "op_leverage_ratio": Infinity,
      "fcf_margin_change": 0.2193100651587248
    },
    {
      "date": "2022-12-31T00:00:00",
      "quarter_label": "2022-12 (Q4)",
      "revenue": 74760000,
      "gross_profit": null,
      "operating_income": null,
      "net_income": -41359000,
      "opex": 87008000,
      "cogs": null,
      "rd": null,
      "sga": null,
      "fcf": 17202000,
      "ocf": 17202000,
      "capex": null,
      "gross_margin": null,
      "op_margin": null,
      "fcf_margin": 0.23009630818619584,
      "rev_growth_yoy": -0.004673083835922834,
      "rev_growth_yoy_accel": -0.10264601056837928,
      "fcf_margin_change": -0.20912631986950167
    },
    {
      "date": "2023-03-31T00:00:00",
      "quarter_label": "2023-03 (Q1)",
      "revenue": 80189000,
      "gross_profit": null,
      "operating_income": null,
      "net_income": -66419000,
      "opex": 128303000,
      "cogs": null,
      "rd": null,
      "sga": null,
      "fcf": 5192000,
      "ocf": 5192000,
      "capex": null,
      "gross_margin": null,
      "op_margin": null,
      "fcf_margin": 0.06474703512950654,
      "rev_growth_yoy": -0.0013823163138231632,
      "rev_growth_yoy_accel": 0.003290767522099671,
      "op_leverage_ratio": 0.15300733975634084,
      "fcf_margin_change": -0.16534927305668928
    },
    {
      "date": "2023-06-30T00:00:00",
      "quarter_label": "2023-06 (Q2)",
      "revenue": 66830000,
      "gross_profit": null,
      "operating_income": null,
      "net_income": -44058000,
      "opex": 87214000,
      "cogs": null,
      "rd": null,
      "sga": null,
      "fcf": 6510000,
      "ocf": 6510000,
      "capex": null,
      "gross_margin": null,
      "op_margin": null,
      "fcf_margin": 0.09741134221158163,
      "rev_growth_yoy": -0.08122301960460832,
      "rev_growth_yoy_accel": -0.07984070329078516,
      "fcf_margin_change": 0.032664307082075086
    },
    {
      "date": "2023-09-30T00:00:00",
      "quarter_label": "2023-09 (Q3)",
      "revenue": 79547000,
      "gross_profit": null,
      "operating_income": null,
      "net_income": -23116000,
      "opex": 87262000,
      "cogs": null,
      "rd": null,
      "sga": null,
      "fcf": 25490000,
      "ocf": 25490000,
      "capex": null,
      "gross_margin": null,
      "op_margin": null,
      "fcf_margin": 0.3204394886042214,
      "rev_growth_yoy": -0.00837706777696057,
      "rev_growth_yoy_accel": 0.07284595182764775,
      "op_leverage_ratio": Infinity,
      "fcf_margin_change": 0.22302814639263976
    },
    {
      "date": "2023-12-31T00:00:00",
      "quarter_label": "2023-12 (Q4)",
      "revenue": 74111000,
      "gross_profit": null,
      "operating_income": null,
      "net_income": -23940000,
      "opex": 120322000,
      "cogs": null,
      "rd": null,
      "sga": null,
      "fcf": 4442000,
      "ocf": 4442000,
      "capex": null,
      "gross_margin": null,
      "op_margin": null,
      "fcf_margin": 0.05993712134500951,
      "rev_growth_yoy": -0.00868111289459604,
      "rev_growth_yoy_accel": -0.0003040451176354701,
      "fcf_margin_change": -0.2605023672592119
    },
    {
      "date": "2024-03-31T00:00:00",
      "quarter_label": "2024-03 (Q1)",
      "revenue": 70228000,
      "gross_profit": null,
      "operating_income": null,
      "net_income": 37574000,
      "opex": 84625000,
      "cogs": null,
      "rd": null,
      "sga": null,
      "fcf": 1877000,
      "ocf": 1877000,
      "capex": null,
      "gross_margin": null,
      "op_margin": null,
      "fcf_margin": 0.026727231303753488,
      "rev_growth_yoy": -0.12421903253563456,
      "rev_growth_yoy_accel": -0.11553791964103852,
      "fcf_margin_change": -0.03320989004125602
    },
    {
      "date": "2024-06-30T00:00:00",
      "quarter_label": "2024-06 (Q2)",
      "revenue": 69396000,
      "gross_profit": null,
      "operating_income": null,
      "net_income": -28619000,
      "opex": 93856000,
      "cogs": null,
      "rd": null,
      "sga": null,
      "fcf": 5791000,
      "ocf": 5791000,
      "capex": null,
      "gross_margin": null,
      "op_margin": null,
      "fcf_margin": 0.08344861375295407,
      "rev_growth_yoy": 0.03839592997156965,
      "rev_growth_yoy_accel": 0.1626149625072042,
      "fcf_margin_change": 0.05672138244920058
    },
    {
      "date": "2024-09-30T00:00:00",
      "quarter_label": "2024-09 (Q3)",
      "revenue": 68607000,
      "gross_profit": null,
      "operating_income": null,
      "net_income": -38544000,
      "opex": 124080000,
      "cogs": null,
      "rd": null,
      "sga": null,
      "fcf": -840000,
      "ocf": -840000,
      "capex": null,
      "gross_margin": null,
      "op_margin": null,
      "fcf_margin": -0.012243648607284972,
      "rev_growth_yoy": -0.13752875658415778,
      "rev_growth_yoy_accel": -0.17592468655572743,
      "fcf_margin_change": -0.09569226236023903
    },
    {
      "date": "2024-12-31T00:00:00",
      "quarter_label": "2024-12 (Q4)",
      "revenue": 69434000,
      "gross_profit": null,
      "operating_income": null,
      "net_income": 18738000,
      "opex": 85422000,
      "cogs": null,
      "rd": null,
      "sga": null,
      "fcf": 825000,
      "ocf": 825000,
      "capex": null,
      "gross_margin": null,
      "op_margin": null,
      "fcf_margin": 0.011881787020767923,
      "rev_growth_yoy": -0.0631080406417401,
      "rev_growth_yoy_accel": 0.07442071594241768,
      "op_leverage_ratio": Infinity,
      "fcf_margin_change": 0.024125435628052895
    },
    {
      "date": "2025-03-31T00:00:00",
      "quarter_label": "2025-03 (Q1)",
      "revenue": 64388000,
      "gross_profit": null,
      "operating_income": null,
      "net_income": -33272000,
      "opex": 92621000,
      "cogs": null,
      "rd": null,
      "sga": null,
      "fcf": -5715000,
      "ocf": -5715000,
      "capex": null,
      "gross_margin": null,
      "op_margin": null,
      "fcf_margin": -0.08875877492700503,
      "rev_growth_yoy": -0.0831577148715612,
      "rev_growth_yoy_accel": -0.02004967422982111,
      "fcf_margin_change": -0.10064056194777295
    },
    {
      "date": "2025-06-30T00:00:00",
      "quarter_label": "2025-06 (Q2)",
      "revenue": 65383000,
      "gross_profit": null,
      "operating_income": null,
      "net_income": -22449000,
      "opex": 90833000,
      "cogs": null,
      "rd": null,
      "sga": null,
      "fcf": 6358000,
      "ocf": 6358000,
      "capex": null,
      "gross_margin": null,
      "op_margin": null,
      "fcf_margin": 0.09724240245935488,
      "rev_growth_yoy": -0.05782754049224739,
      "rev_growth_yoy_accel": 0.025330174379313813,
      "op_leverage_ratio": Infinity,
      "fcf_margin_change": 0.1860011773863599
    },
    {
      "date": "2025-09-30T00:00:00",
      "quarter_label": "2025-09 (Q3)",
      "revenue": 61625000,
      "gross_profit": null,
      "operating_income": null,
      "net_income": -4154000,
      "opex": 151856000,
      "cogs": null,
      "rd": null,
      "sga": null,
      "fcf": 2846000,
      "ocf": 2846000,
      "capex": null,
      "gross_margin": null,
      "op_margin": null,
      "fcf_margin": 0.04618255578093306,
      "rev_growth_yoy": -0.10176804116198056,
      "rev_growth_yoy_accel": -0.043940500669733165,
      "fcf_margin_change": -0.05105984667842182
    }
  ],
  "signals": [
    {
      "quarter": "2025-06 (Q2)",
      "signal": "FCF TURNED POSITIVE",
      "detail": "FCF margin: -8.9% -> +9.7%",
      "severity": "HIGH"
    },
    {
      "quarter": "2024-12 (Q4)",
      "signal": "FCF TURNED POSITIVE",
      "detail": "FCF margin: -1.2% -> +1.2%",
      "severity": "HIGH"
    },
    {
      "quarter": "2024-12 (Q4)",
      "signal": "YoY REVENUE GROWTH ACCELERATION",
      "detail": "YoY growth: -6.3% vs prior quarter YoY: -13.8% (accel: +7.4%)",
      "severity": "MEDIUM"
    },
    {
      "quarter": "2024-09 (Q3)",
      "signal": "YoY REVENUE GROWTH DECELERATION",
      "detail": "YoY growth: -13.8% vs prior quarter YoY: +3.8% (decel: -17.6%)",
      "severity": "WARNING"
    },
    {
      "quarter": "2024-06 (Q2)",
      "signal": "FCF MARGIN EXPANSION",
      "detail": "FCF margin: +2.7% -> +8.3% (+5.7%)",
      "severity": "MEDIUM"
    },
    {
      "quarter": "2024-06 (Q2)",
      "signal": "YoY REVENUE GROWTH ACCELERATION",
      "detail": "YoY growth: +3.8% vs prior quarter YoY: -12.4% (accel: +16.3%)",
      "severity": "HIGH"
    },
    {
      "quarter": "2024-03 (Q1)",
      "signal": "YoY REVENUE GROWTH DECELERATION",
      "detail": "YoY growth: -12.4% vs prior quarter YoY: -0.9% (decel: -11.6%)",
      "severity": "WARNING"
    },
    {
      "quarter": "2023-09 (Q3)",
      "signal": "FCF MARGIN EXPANSION",
      "detail": "FCF margin: +9.7% -> +32.0% (+22.3%)",
      "severity": "MEDIUM"
    },
    {
      "quarter": "2023-09 (Q3)",
      "signal": "OPERATING LEVERAGE",
      "detail": "Rev growth +19.0% vs OpEx growth +0.1% (leverage: 345.7x)",
      "severity": "MEDIUM"
    },
    {
      "quarter": "2023-09 (Q3)",
      "signal": "YoY REVENUE GROWTH ACCELERATION",
      "detail": "YoY growth: -0.8% vs prior quarter YoY: -8.1% (accel: +7.3%)",
      "severity": "MEDIUM"
    },
    {
      "quarter": "2023-06 (Q2)",
      "signal": "YoY REVENUE GROWTH DECELERATION",
      "detail": "YoY growth: -8.1% vs prior quarter YoY: -0.1% (decel: -8.0%)",
      "severity": "WARNING"
    },
    {
      "quarter": "2022-12 (Q4)",
      "signal": "YoY REVENUE GROWTH DECELERATION",
      "detail": "YoY growth: -0.5% vs prior quarter YoY: +9.8% (decel: -10.3%)",
      "severity": "WARNING"
    },
    {
      "quarter": "2022-09 (Q3)",
      "signal": "FCF MARGIN EXPANSION",
      "detail": "FCF margin: +22.0% -> +43.9% (+21.9%)",
      "severity": "MEDIUM"
    },
    {
      "quarter": "2022-09 (Q3)",
      "signal": "YoY REVENUE GROWTH ACCELERATION",
      "detail": "YoY growth: +9.8% vs prior quarter YoY: -1.5% (accel: +11.3%)",
      "severity": "MEDIUM"
    },
    {
      "quarter": "2022-06 (Q2)",
      "signal": "FCF MARGIN EXPANSION",
      "detail": "FCF margin: +9.4% -> +22.0% (+12.6%)",
      "severity": "MEDIUM"
    },
    {
      "quarter": "2022-06 (Q2)",
      "signal": "YoY REVENUE GROWTH DECELERATION",
      "detail": "YoY growth: -1.5% vs prior quarter YoY: +7.4% (decel: -9.0%)",
      "severity": "WARNING"
    },
    {
      "quarter": "2022-03 (Q1)",
      "signal": "YoY REVENUE GROWTH ACCELERATION",
      "detail": "YoY growth: +7.4% vs prior quarter YoY: -3.4% (accel: +10.8%)",
      "severity": "MEDIUM"
    },
    {
      "quarter": "2021-09 (Q3)",
      "signal": "FCF MARGIN EXPANSION",
      "detail": "FCF margin: +37.5% -> +44.1% (+6.6%)",
      "severity": "MEDIUM"
    },
    {
      "quarter": "2021-06 (Q2)",
      "signal": "FCF MARGIN EXPANSION",
      "detail": "FCF margin: +21.8% -> +37.5% (+15.7%)",
      "severity": "MEDIUM"
    }
  ],
  "data_quality": {
    "n_quarters": 20,
    "coverage": {
      "revenue": [
        20,
        20
      ],
      "gross_profit": [
        0,
        20
      ],
      "op_income": [
        0,
        20
      ],
      "fcf": [
        20,
        20
      ]
    },
    "gaps": [],
    "warnings": [
      "gross_profit: no data",
      "op_income: no data"
    ]
  },
  "market_cap": null,
  "source": "SEC EDGAR",
  "last_updated": "2026-02-03T00:59:21.176834"
}