{
  "ticker": "KD",
  "name": "Kyndryl Holdings, Inc",
  "quarters": [
    {
      "date": "2020-12-31T00:00:00",
      "quarter_label": "2020-12 (Q4)",
      "revenue": 4927000000,
      "gross_profit": 660000000,
      "operating_income": null,
      "net_income": null,
      "opex": null,
      "cogs": 4267000000,
      "rd": 20000000,
      "sga": 825000000,
      "fcf": 19000000,
      "ocf": 305000000,
      "capex": -286000000,
      "gross_margin": 0.13395575400852447,
      "op_margin": null,
      "fcf_margin": 0.00385630200933631
    },
    {
      "date": "2021-03-31T00:00:00",
      "quarter_label": "2021-03 (Q1)",
      "revenue": 4771000000,
      "gross_profit": 453000000,
      "operating_income": null,
      "net_income": null,
      "opex": null,
      "cogs": 4318000000,
      "rd": null,
      "sga": 714000000,
      "fcf": -508000000,
      "ocf": -328000000,
      "capex": -180000000,
      "gross_margin": 0.09494864808216306,
      "op_margin": null,
      "fcf_margin": -0.10647662963739259,
      "fcf_margin_change": -0.1103329316467289
    },
    {
      "date": "2021-06-30T00:00:00",
      "quarter_label": "2021-06 (Q2)",
      "revenue": 4751000000,
      "gross_profit": 589000000,
      "operating_income": null,
      "net_income": null,
      "opex": null,
      "cogs": 4162000000,
      "rd": null,
      "sga": 714000000,
      "fcf": -161000000,
      "ocf": -161000000,
      "capex": null,
      "gross_margin": 0.12397390023153021,
      "op_margin": null,
      "fcf_margin": -0.03388760260997685,
      "fcf_margin_change": 0.07258902702741574
    },
    {
      "date": "2021-09-30T00:00:00",
      "quarter_label": "2021-09 (Q3)",
      "revenue": 4579000000,
      "gross_profit": 397000000,
      "operating_income": null,
      "net_income": -692000000,
      "opex": null,
      "cogs": 4182000000,
      "rd": 14000000,
      "sga": 854000000,
      "fcf": -236000000,
      "ocf": -236000000,
      "capex": null,
      "gross_margin": 0.08670015287180607,
      "op_margin": null,
      "fcf_margin": -0.05153963747543132,
      "fcf_margin_change": -0.01765203486545447
    },
    {
      "date": "2021-12-31T00:00:00",
      "quarter_label": "2021-12 (Q4)",
      "revenue": 4556000000,
      "gross_profit": 557000000,
      "operating_income": null,
      "net_income": null,
      "opex": null,
      "cogs": 3999000000,
      "rd": 21000000,
      "sga": 643000000,
      "fcf": 454000000,
      "ocf": 606000000,
      "capex": -152000000,
      "gross_margin": 0.12225636523266023,
      "op_margin": null,
      "fcf_margin": 0.0996488147497805,
      "rev_growth_yoy": -0.07529937081388269,
      "fcf_margin_change": 0.15118845222521182
    },
    {
      "date": "2022-03-31T00:00:00",
      "quarter_label": "2022-03 (Q1)",
      "revenue": 4431000000,
      "gross_profit": 607000000,
      "operating_income": null,
      "net_income": null,
      "opex": null,
      "cogs": 3824000000,
      "rd": 23000000,
      "sga": 690000000,
      "fcf": 9000000,
      "ocf": 189000000,
      "capex": -180000000,
      "gross_margin": 0.13698939291356352,
      "op_margin": null,
      "fcf_margin": 0.002031144211238998,
      "rev_growth_yoy": -0.07126388597778244,
      "rev_growth_yoy_accel": 0.0040354848361002504,
      "fcf_margin_change": -0.0976176705385415
    },
    {
      "date": "2022-06-30T00:00:00",
      "quarter_label": "2022-06 (Q2)",
      "revenue": 4288000000,
      "gross_profit": 611000000,
      "operating_income": null,
      "net_income": null,
      "opex": null,
      "cogs": 3677000000,
      "rd": null,
      "sga": 694000000,
      "fcf": 104000000,
      "ocf": 104000000,
      "capex": null,
      "gross_margin": 0.14249067164179105,
      "op_margin": null,
      "fcf_margin": 0.024253731343283583,
      "rev_growth_yoy": -0.09745316775415702,
      "rev_growth_yoy_accel": -0.026189281776374584,
      "fcf_margin_change": 0.022222587132044586
    },
    {
      "date": "2022-09-30T00:00:00",
      "quarter_label": "2022-09 (Q3)",
      "revenue": 4179000000,
      "gross_profit": 566000000,
      "operating_income": null,
      "net_income": null,
      "opex": null,
      "cogs": 3613000000,
      "rd": null,
      "sga": 706000000,
      "fcf": 387000000,
      "ocf": 387000000,
      "capex": null,
      "gross_margin": 0.13543910026322087,
      "op_margin": null,
      "fcf_margin": 0.09260588657573582,
      "rev_growth_yoy": -0.08735531775496834,
      "rev_growth_yoy_accel": 0.010097849999188682,
      "fcf_margin_change": 0.06835215523245224
    },
    {
      "date": "2022-12-31T00:00:00",
      "quarter_label": "2022-12 (Q4)",
      "revenue": 4303000000,
      "gross_profit": 707000000,
      "operating_income": null,
      "net_income": null,
      "opex": null,
      "cogs": 3596000000,
      "rd": null,
      "sga": 731000000,
      "fcf": 278000000,
      "ocf": 278000000,
      "capex": null,
      "gross_margin": 0.1643039739716477,
      "op_margin": null,
      "fcf_margin": 0.06460608877527306,
      "rev_growth_yoy": -0.05553116769095698,
      "rev_growth_yoy_accel": 0.03182415006401136,
      "fcf_margin_change": -0.02799979780046276
    },
    {
      "date": "2023-03-31T00:00:00",
      "quarter_label": "2023-03 (Q1)",
      "revenue": 4255000000,
      "gross_profit": 643000000,
      "operating_income": null,
      "net_income": null,
      "opex": null,
      "cogs": 3612000000,
      "rd": null,
      "sga": 783000000,
      "fcf": 12000000,
      "ocf": 12000000,
      "capex": null,
      "gross_margin": 0.1511163337250294,
      "op_margin": null,
      "fcf_margin": 0.00282021151586369,
      "rev_growth_yoy": -0.039720153464229295,
      "rev_growth_yoy_accel": 0.015811014226727683,
      "fcf_margin_change": -0.06178587725940937
    },
    {
      "date": "2023-06-30T00:00:00",
      "quarter_label": "2023-06 (Q2)",
      "revenue": 4193000000,
      "gross_profit": 744000000,
      "operating_income": null,
      "net_income": null,
      "opex": null,
      "cogs": 3449000000,
      "rd": null,
      "sga": 720000000,
      "fcf": -173000000,
      "ocf": -173000000,
      "capex": null,
      "gross_margin": 0.17743858812306224,
      "op_margin": null,
      "fcf_margin": -0.04125924159313141,
      "rev_growth_yoy": -0.022154850746268658,
      "rev_growth_yoy_accel": 0.017565302717960637,
      "fcf_margin_change": -0.044079453108995095
    },
    {
      "date": "2023-09-30T00:00:00",
      "quarter_label": "2023-09 (Q3)",
      "revenue": 4073000000,
      "gross_profit": 651000000,
      "operating_income": null,
      "net_income": null,
      "opex": null,
      "cogs": 3422000000,
      "rd": null,
      "sga": 634000000,
      "fcf": 46000000,
      "ocf": 46000000,
      "capex": null,
      "gross_margin": 0.15983304689418118,
      "op_margin": null,
      "fcf_margin": 0.011293886570095753,
      "rev_growth_yoy": -0.025364919837281646,
      "rev_growth_yoy_accel": -0.0032100690910129882,
      "fcf_margin_change": 0.05255312816322716
    },
    {
      "date": "2023-12-31T00:00:00",
      "quarter_label": "2023-12 (Q4)",
      "revenue": 3936000000,
      "gross_profit": 752000000,
      "operating_income": null,
      "net_income": null,
      "opex": null,
      "cogs": 3184000000,
      "rd": null,
      "sga": 705000000,
      "fcf": 436000000,
      "ocf": 436000000,
      "capex": null,
      "gross_margin": 0.1910569105691057,
      "op_margin": null,
      "fcf_margin": 0.11077235772357724,
      "rev_growth_yoy": -0.085289333023472,
      "rev_growth_yoy_accel": -0.05992441318619035,
      "fcf_margin_change": 0.09947847115348149
    },
    {
      "date": "2024-03-31T00:00:00",
      "quarter_label": "2024-03 (Q1)",
      "revenue": 3850000000,
      "gross_profit": 716000000,
      "operating_income": null,
      "net_income": null,
      "opex": null,
      "cogs": 3134000000,
      "rd": null,
      "sga": 714000000,
      "fcf": 145000000,
      "ocf": 145000000,
      "capex": null,
      "gross_margin": 0.18597402597402599,
      "op_margin": null,
      "fcf_margin": 0.03766233766233766,
      "rev_growth_yoy": -0.09518213866039953,
      "rev_growth_yoy_accel": -0.009892805636927529,
      "fcf_margin_change": -0.07311002006123958
    },
    {
      "date": "2024-06-30T00:00:00",
      "quarter_label": "2024-06 (Q2)",
      "revenue": 3739000000,
      "gross_profit": 805000000,
      "operating_income": null,
      "net_income": null,
      "opex": null,
      "cogs": 2934000000,
      "rd": null,
      "sga": 657000000,
      "fcf": -48000000,
      "ocf": -48000000,
      "capex": null,
      "gross_margin": 0.21529820807702593,
      "op_margin": null,
      "fcf_margin": -0.012837657127574217,
      "rev_growth_yoy": -0.10827569759122346,
      "rev_growth_yoy_accel": -0.013093558930823937,
      "fcf_margin_change": -0.05049999478991188
    },
    {
      "date": "2024-09-30T00:00:00",
      "quarter_label": "2024-09 (Q3)",
      "revenue": 3774000000,
      "gross_profit": 750000000,
      "operating_income": null,
      "net_income": null,
      "opex": null,
      "cogs": 3024000000,
      "rd": null,
      "sga": 647000000,
      "fcf": 149000000,
      "ocf": 149000000,
      "capex": null,
      "gross_margin": 0.1987281399046105,
      "op_margin": null,
      "fcf_margin": 0.03948065712771595,
      "rev_growth_yoy": -0.0734102627056224,
      "rev_growth_yoy_accel": 0.034865434885601065,
      "fcf_margin_change": 0.05231831425529017
    },
    {
      "date": "2024-12-31T00:00:00",
      "quarter_label": "2024-12 (Q4)",
      "revenue": 3744000000,
      "gross_profit": 763000000,
      "operating_income": null,
      "net_income": null,
      "opex": null,
      "cogs": 2981000000,
      "rd": null,
      "sga": 647000000,
      "fcf": 260000000,
      "ocf": 260000000,
      "capex": null,
      "gross_margin": 0.20379273504273504,
      "op_margin": null,
      "fcf_margin": 0.06944444444444445,
      "rev_growth_yoy": -0.04878048780487805,
      "rev_growth_yoy_accel": 0.024629774900744347,
      "fcf_margin_change": 0.029963787316728496
    },
    {
      "date": "2025-03-31T00:00:00",
      "quarter_label": "2025-03 (Q1)",
      "revenue": 3800000000,
      "gross_profit": 825000000,
      "operating_income": null,
      "net_income": null,
      "opex": null,
      "cogs": 2975000000,
      "rd": null,
      "sga": 640000000,
      "fcf": 581000000,
      "ocf": 581000000,
      "capex": null,
      "gross_margin": 0.21710526315789475,
      "op_margin": null,
      "fcf_margin": 0.15289473684210525,
      "rev_growth_yoy": -0.012987012987012988,
      "rev_growth_yoy_accel": 0.03579347481786506,
      "fcf_margin_change": 0.0834502923976608
    },
    {
      "date": "2025-06-30T00:00:00",
      "quarter_label": "2025-06 (Q2)",
      "revenue": 3743000000,
      "gross_profit": 796000000,
      "operating_income": null,
      "net_income": null,
      "opex": null,
      "cogs": 2947000000,
      "rd": null,
      "sga": 646000000,
      "fcf": -124000000,
      "ocf": -124000000,
      "capex": null,
      "gross_margin": 0.2126636387924125,
      "op_margin": null,
      "fcf_margin": -0.033128506545551696,
      "rev_growth_yoy": 0.0010698047606311847,
      "rev_growth_yoy_accel": 0.014056817747644173,
      "fcf_margin_change": -0.18602324338765694
    },
    {
      "date": "2025-09-30T00:00:00",
      "quarter_label": "2025-09 (Q3)",
      "revenue": 3721000000,
      "gross_profit": 801000000,
      "operating_income": null,
      "net_income": null,
      "opex": null,
      "cogs": 2920000000,
      "rd": null,
      "sga": 659000000,
      "fcf": 146000000,
      "ocf": 146000000,
      "capex": null,
      "gross_margin": 0.2152647137866165,
      "op_margin": null,
      "fcf_margin": 0.03923676431066918,
      "rev_growth_yoy": -0.014043455219925808,
      "rev_growth_yoy_accel": -0.015113259980556994,
      "fcf_margin_change": 0.07236527085622088
    }
  ],
  "signals": [
    {
      "quarter": "2025-09 (Q3)",
      "signal": "FCF TURNED POSITIVE",
      "detail": "FCF margin: -3.3% -> +3.9%",
      "severity": "HIGH"
    },
    {
      "quarter": "2025-03 (Q1)",
      "signal": "FCF MARGIN EXPANSION",
      "detail": "FCF margin: +6.9% -> +15.3% (+8.3%)",
      "severity": "MEDIUM"
    },
    {
      "quarter": "2024-09 (Q3)",
      "signal": "FCF TURNED POSITIVE",
      "detail": "FCF margin: -1.3% -> +3.9%",
      "severity": "HIGH"
    },
    {
      "quarter": "2024-06 (Q2)",
      "signal": "GROSS MARGIN INFLECTION",
      "detail": "GM: +19.1% -> +18.6% -> +21.5% (reversal +2.9%)",
      "severity": "MEDIUM"
    },
    {
      "quarter": "2023-12 (Q4)",
      "signal": "FCF MARGIN EXPANSION",
      "detail": "FCF margin: +1.1% -> +11.1% (+9.9%)",
      "severity": "MEDIUM"
    },
    {
      "quarter": "2023-12 (Q4)",
      "signal": "GROSS MARGIN INFLECTION",
      "detail": "GM: +17.7% -> +16.0% -> +19.1% (reversal +3.1%)",
      "severity": "MEDIUM"
    },
    {
      "quarter": "2023-12 (Q4)",
      "signal": "YoY REVENUE GROWTH DECELERATION",
      "detail": "YoY growth: -8.5% vs prior quarter YoY: -2.5% (decel: -6.0%)",
      "severity": "WARNING"
    },
    {
      "quarter": "2023-09 (Q3)",
      "signal": "FCF TURNED POSITIVE",
      "detail": "FCF margin: -4.1% -> +1.1%",
      "severity": "HIGH"
    },
    {
      "quarter": "2023-06 (Q2)",
      "signal": "GROSS MARGIN INFLECTION",
      "detail": "GM: +16.4% -> +15.1% -> +17.7% (reversal +2.6%)",
      "severity": "MEDIUM"
    },
    {
      "quarter": "2022-12 (Q4)",
      "signal": "GROSS MARGIN INFLECTION",
      "detail": "GM: +14.2% -> +13.5% -> +16.4% (reversal +2.9%)",
      "severity": "MEDIUM"
    },
    {
      "quarter": "2022-09 (Q3)",
      "signal": "FCF MARGIN EXPANSION",
      "detail": "FCF margin: +2.4% -> +9.3% (+6.8%)",
      "severity": "MEDIUM"
    },
    {
      "quarter": "2021-12 (Q4)",
      "signal": "FCF TURNED POSITIVE",
      "detail": "FCF margin: -5.2% -> +10.0%",
      "severity": "HIGH"
    },
    {
      "quarter": "2021-12 (Q4)",
      "signal": "GROSS MARGIN INFLECTION",
      "detail": "GM: +12.4% -> +8.7% -> +12.2% (reversal +3.6%)",
      "severity": "MEDIUM"
    },
    {
      "quarter": "2021-06 (Q2)",
      "signal": "FCF MARGIN EXPANSION",
      "detail": "FCF margin: -10.6% -> -3.4% (+7.3%)",
      "severity": "MEDIUM"
    },
    {
      "quarter": "2021-06 (Q2)",
      "signal": "GROSS MARGIN INFLECTION",
      "detail": "GM: +13.4% -> +9.5% -> +12.4% (reversal +2.9%)",
      "severity": "MEDIUM"
    }
  ],
  "data_quality": {
    "n_quarters": 20,
    "coverage": {
      "revenue": [
        20,
        20
      ],
      "gross_profit": [
        20,
        20
      ],
      "op_income": [
        0,
        20
      ],
      "fcf": [
        20,
        20
      ]
    },
    "gaps": [],
    "warnings": [
      "op_income: no data"
    ]
  },
  "market_cap": null,
  "source": "SEC EDGAR",
  "last_updated": "2026-02-02T20:59:52.895020",
  "sector": "Technology",
  "industry": "Information Technology Services"
}