{
  "ticker": "KDP",
  "name": "Keurig Dr Pepper Inc.",
  "quarters": [
    {
      "date": "2020-12-31T00:00:00",
      "quarter_label": "2020-12 (Q4)",
      "revenue": 3121000000,
      "gross_profit": 1768000000,
      "operating_income": 700000000,
      "net_income": 428000000,
      "opex": 1068000000,
      "cogs": 1353000000,
      "rd": null,
      "sga": 1000000000,
      "fcf": 685000000,
      "ocf": 790000000,
      "capex": -105000000,
      "gross_margin": 0.5664851009291894,
      "op_margin": 0.2242870874719641,
      "fcf_margin": 0.21948093559756487
    },
    {
      "date": "2021-03-31T00:00:00",
      "quarter_label": "2021-03 (Q1)",
      "revenue": 2902000000,
      "gross_profit": 1600000000,
      "operating_income": 640000000,
      "net_income": 325000000,
      "opex": 960000000,
      "cogs": 1302000000,
      "rd": null,
      "sga": 961000000,
      "fcf": 451000000,
      "ocf": 546000000,
      "capex": -95000000,
      "gross_margin": 0.5513439007580979,
      "op_margin": 0.22053756030323915,
      "fcf_margin": 0.15541006202618884,
      "fcf_margin_change": -0.06407087357137603
    },
    {
      "date": "2021-06-30T00:00:00",
      "quarter_label": "2021-06 (Q2)",
      "revenue": 3140000000,
      "gross_profit": 1770000000,
      "operating_income": 734000000,
      "net_income": 448000000,
      "opex": 1036000000,
      "cogs": 1370000000,
      "rd": null,
      "sga": 1039000000,
      "fcf": 484000000,
      "ocf": 593000000,
      "capex": -109000000,
      "gross_margin": 0.5636942675159236,
      "op_margin": 0.2337579617834395,
      "fcf_margin": 0.15414012738853503,
      "op_leverage_ratio": 1.035946171424426,
      "fcf_margin_change": -0.001269934637653819
    },
    {
      "date": "2021-09-30T00:00:00",
      "quarter_label": "2021-09 (Q3)",
      "revenue": 3250000000,
      "gross_profit": 1835000000,
      "operating_income": 795000000,
      "net_income": 530000000,
      "opex": 1040000000,
      "cogs": 1415000000,
      "rd": null,
      "sga": 1040000000,
      "fcf": 673000000,
      "ocf": 794000000,
      "capex": -121000000,
      "gross_margin": 0.5646153846153846,
      "op_margin": 0.24461538461538462,
      "fcf_margin": 0.20707692307692308,
      "op_leverage_ratio": 9.073248407643312,
      "fcf_margin_change": 0.05293679568838805
    },
    {
      "date": "2021-12-31T00:00:00",
      "quarter_label": "2021-12 (Q4)",
      "revenue": 3391000000,
      "gross_profit": 1772000000,
      "operating_income": 725000000,
      "net_income": 843000000,
      "opex": 1047000000,
      "cogs": 1619000000,
      "rd": null,
      "sga": 1113000000,
      "fcf": 843000000,
      "ocf": 941000000,
      "capex": -98000000,
      "gross_margin": 0.5225597168976703,
      "op_margin": 0.21380123857269243,
      "fcf_margin": 0.24859923326452374,
      "incr_op_margin_yoy": 0.09259259259259259,
      "rev_growth_yoy": 0.08651073373918616,
      "op_leverage_ratio": 6.445714285714285,
      "fcf_margin_change": 0.041522310187600664
    },
    {
      "date": "2022-03-31T00:00:00",
      "quarter_label": "2022-03 (Q1)",
      "revenue": 3078000000,
      "gross_profit": 1650000000,
      "operating_income": 966000000,
      "net_income": 585000000,
      "opex": 684000000,
      "cogs": 1428000000,
      "rd": null,
      "sga": 1018000000,
      "fcf": 554000000,
      "ocf": 663000000,
      "capex": -109000000,
      "gross_margin": 0.5360623781676414,
      "op_margin": 0.3138401559454191,
      "fcf_margin": 0.17998700454840805,
      "incr_op_margin_yoy": 1.8522727272727273,
      "rev_growth_yoy": 0.06064782908339077,
      "rev_growth_yoy_accel": -0.025862904655795396,
      "fcf_margin_change": -0.06861222871611569
    },
    {
      "date": "2022-06-30T00:00:00",
      "quarter_label": "2022-06 (Q2)",
      "revenue": 3554000000,
      "gross_profit": 1776000000,
      "operating_income": 572000000,
      "net_income": 218000000,
      "opex": 1204000000,
      "cogs": 1778000000,
      "rd": null,
      "sga": 1204000000,
      "fcf": 599000000,
      "ocf": 676000000,
      "capex": -77000000,
      "gross_margin": 0.49971862689926844,
      "op_margin": 0.16094541361845807,
      "fcf_margin": 0.16854248733821048,
      "incr_op_margin_yoy": -0.391304347826087,
      "rev_growth_yoy": 0.13184713375796178,
      "rev_growth_yoy_accel": 0.07119930467457102,
      "op_leverage_ratio": 0.20341880341880342,
      "fcf_margin_change": -0.011444517210197569
    },
    {
      "date": "2022-09-30T00:00:00",
      "quarter_label": "2022-09 (Q3)",
      "revenue": 3622000000,
      "gross_profit": 1901000000,
      "operating_income": 394000000,
      "net_income": 180000000,
      "opex": 1507000000,
      "cogs": 1721000000,
      "rd": null,
      "sga": 1196000000,
      "fcf": 685000000,
      "ocf": 759000000,
      "capex": -74000000,
      "gross_margin": 0.5248481501932634,
      "op_margin": 0.10877967973495306,
      "fcf_margin": 0.18912203202650468,
      "incr_op_margin_yoy": -1.0779569892473118,
      "rev_growth_yoy": 0.11446153846153846,
      "rev_growth_yoy_accel": -0.01738559529642332,
      "op_leverage_ratio": 0.07602831189140298,
      "fcf_margin_change": 0.020579544688294205
    },
    {
      "date": "2022-12-31T00:00:00",
      "quarter_label": "2022-12 (Q4)",
      "revenue": 3803000000,
      "gross_profit": 1996000000,
      "operating_income": 673000000,
      "net_income": 453000000,
      "opex": 1323000000,
      "cogs": 1807000000,
      "rd": null,
      "sga": 1227000000,
      "fcf": 646000000,
      "ocf": 739000000,
      "capex": -93000000,
      "gross_margin": 0.5248488035761241,
      "op_margin": 0.17696555351038654,
      "fcf_margin": 0.16986589534577964,
      "incr_op_margin_yoy": -0.1262135922330097,
      "rev_growth_yoy": 0.12149808316130935,
      "rev_growth_yoy_accel": 0.007036544699770886,
      "op_leverage_ratio": Infinity,
      "fcf_margin_change": -0.01925613668072504
    },
    {
      "date": "2023-03-31T00:00:00",
      "quarter_label": "2023-03 (Q1)",
      "revenue": 3353000000,
      "gross_profit": 1744000000,
      "operating_income": 584000000,
      "net_income": 467000000,
      "opex": 1160000000,
      "cogs": 1609000000,
      "rd": null,
      "sga": 1165000000,
      "fcf": 9000000,
      "ocf": 71000000,
      "capex": -62000000,
      "gross_margin": 0.520131225767969,
      "op_margin": 0.17417238294065016,
      "fcf_margin": 0.0026841634357291978,
      "incr_op_margin_yoy": -1.3890909090909092,
      "rev_growth_yoy": 0.08934372969460688,
      "rev_growth_yoy_accel": -0.032154353466702465,
      "fcf_margin_change": -0.16718173191005045
    },
    {
      "date": "2023-06-30T00:00:00",
      "quarter_label": "2023-06 (Q2)",
      "revenue": 3789000000,
      "gross_profit": 2041000000,
      "operating_income": 769000000,
      "net_income": 503000000,
      "opex": 1272000000,
      "cogs": 1748000000,
      "rd": null,
      "sga": 1272000000,
      "fcf": 294000000,
      "ocf": 381000000,
      "capex": -87000000,
      "gross_margin": 0.5386645552916337,
      "op_margin": 0.20295592504618634,
      "fcf_margin": 0.07759303246239113,
      "incr_op_margin_yoy": 0.8382978723404255,
      "rev_growth_yoy": 0.06612267867191897,
      "rev_growth_yoy_accel": -0.023221051022687914,
      "op_leverage_ratio": 1.3467683524349197,
      "fcf_margin_change": 0.07490886902666194
    },
    {
      "date": "2023-09-30T00:00:00",
      "quarter_label": "2023-09 (Q3)",
      "revenue": 3805000000,
      "gross_profit": 2111000000,
      "operating_income": 896000000,
      "net_income": 518000000,
      "opex": 1215000000,
      "cogs": 1694000000,
      "rd": null,
      "sga": 1217000000,
      "fcf": 458000000,
      "ocf": 580000000,
      "capex": -122000000,
      "gross_margin": 0.554796320630749,
      "op_margin": 0.2354796320630749,
      "fcf_margin": 0.12036793692509855,
      "incr_op_margin_yoy": 2.7431693989071038,
      "rev_growth_yoy": 0.05052457205963556,
      "rev_growth_yoy_accel": -0.015598106612283412,
      "fcf_margin_change": 0.042774904462707417
    },
    {
      "date": "2023-12-31T00:00:00",
      "quarter_label": "2023-12 (Q4)",
      "revenue": 3867000000,
      "gross_profit": 2184000000,
      "operating_income": 943000000,
      "net_income": 693000000,
      "opex": 1241000000,
      "cogs": 1683000000,
      "rd": null,
      "sga": 1258000000,
      "fcf": 143000000,
      "ocf": 297000000,
      "capex": -154000000,
      "gross_margin": 0.5647788983708301,
      "op_margin": 0.2438582880786139,
      "fcf_margin": 0.0369795707266615,
      "incr_op_margin_yoy": 4.21875,
      "rev_growth_yoy": 0.016828819353142257,
      "rev_growth_yoy_accel": -0.033695752706493304,
      "op_leverage_ratio": 0.7614474881229151,
      "fcf_margin_change": -0.08338836619843705
    },
    {
      "date": "2024-03-31T00:00:00",
      "quarter_label": "2024-03 (Q1)",
      "revenue": 3468000000,
      "gross_profit": 1940000000,
      "operating_income": 765000000,
      "net_income": 454000000,
      "opex": 1175000000,
      "cogs": 1528000000,
      "rd": null,
      "sga": 1176000000,
      "fcf": -73000000,
      "ocf": 85000000,
      "capex": -158000000,
      "gross_margin": 0.5594002306805075,
      "op_margin": 0.22058823529411764,
      "fcf_margin": -0.02104959630911188,
      "incr_op_margin_yoy": 1.5739130434782609,
      "rev_growth_yoy": 0.03429764390098419,
      "rev_growth_yoy_accel": 0.017468824547841936,
      "fcf_margin_change": -0.05802916703577338
    },
    {
      "date": "2024-06-30T00:00:00",
      "quarter_label": "2024-06 (Q2)",
      "revenue": 3922000000,
      "gross_profit": 2172000000,
      "operating_income": 861000000,
      "net_income": 515000000,
      "opex": 1311000000,
      "cogs": 1750000000,
      "rd": null,
      "sga": 1295000000,
      "fcf": 542000000,
      "ocf": 657000000,
      "capex": -115000000,
      "gross_margin": 0.5537990821009688,
      "op_margin": 0.2195308516063233,
      "fcf_margin": 0.13819479857215705,
      "incr_op_margin_yoy": 0.6917293233082706,
      "rev_growth_yoy": 0.03510160992346265,
      "rev_growth_yoy_accel": 0.0008039660224784598,
      "op_leverage_ratio": 1.1310341610692718,
      "fcf_margin_change": 0.15924439488126893
    },
    {
      "date": "2024-09-30T00:00:00",
      "quarter_label": "2024-09 (Q3)",
      "revenue": 3891000000,
      "gross_profit": 2140000000,
      "operating_income": 902000000,
      "net_income": 616000000,
      "opex": 1238000000,
      "cogs": 1751000000,
      "rd": null,
      "sga": 1245000000,
      "fcf": 503000000,
      "ocf": 628000000,
      "capex": -125000000,
      "gross_margin": 0.5499871498329478,
      "op_margin": 0.23181701362117707,
      "fcf_margin": 0.12927268054484709,
      "incr_op_margin_yoy": 0.06976744186046512,
      "rev_growth_yoy": 0.022601839684625494,
      "rev_growth_yoy_accel": -0.012499770238837159,
      "fcf_margin_change": -0.008922118027309967
    },
    {
      "date": "2024-12-31T00:00:00",
      "quarter_label": "2024-12 (Q4)",
      "revenue": 4070000000,
      "gross_profit": 2277000000,
      "operating_income": 63000000,
      "net_income": -144000000,
      "opex": 2214000000,
      "cogs": 1793000000,
      "rd": null,
      "sga": 1297000000,
      "fcf": 684000000,
      "ocf": 849000000,
      "capex": -165000000,
      "gross_margin": 0.5594594594594594,
      "op_margin": 0.01547911547911548,
      "fcf_margin": 0.16805896805896806,
      "incr_op_margin_yoy": -4.334975369458128,
      "rev_growth_yoy": 0.052495474528057924,
      "rev_growth_yoy_accel": 0.02989363484343243,
      "op_leverage_ratio": 0.05835292457162599,
      "fcf_margin_change": 0.03878628751412097
    },
    {
      "date": "2025-03-31T00:00:00",
      "quarter_label": "2025-03 (Q1)",
      "revenue": 3635000000,
      "gross_profit": 1985000000,
      "operating_income": 801000000,
      "net_income": 517000000,
      "opex": 1184000000,
      "cogs": 1650000000,
      "rd": null,
      "sga": 1192000000,
      "fcf": 89000000,
      "ocf": 209000000,
      "capex": -120000000,
      "gross_margin": 0.546079779917469,
      "op_margin": 0.2203576341127923,
      "fcf_margin": 0.024484181568088032,
      "incr_op_margin_yoy": 0.2155688622754491,
      "rev_growth_yoy": 0.04815455594002307,
      "rev_growth_yoy_accel": -0.004340918588034856,
      "fcf_margin_change": -0.14357478649088
    },
    {
      "date": "2025-06-30T00:00:00",
      "quarter_label": "2025-06 (Q2)",
      "revenue": 4163000000,
      "gross_profit": 2255000000,
      "operating_income": 898000000,
      "net_income": 547000000,
      "opex": 1357000000,
      "cogs": 1908000000,
      "rd": null,
      "sga": 1356000000,
      "fcf": 325000000,
      "ocf": 431000000,
      "capex": -106000000,
      "gross_margin": 0.5416766754744174,
      "op_margin": 0.2157098246456882,
      "fcf_margin": 0.07806870045640163,
      "incr_op_margin_yoy": 0.15352697095435686,
      "rev_growth_yoy": 0.06144824069352371,
      "rev_growth_yoy_accel": 0.013293684753500644,
      "op_leverage_ratio": 0.9941115201437534,
      "fcf_margin_change": 0.0535845188883136
    },
    {
      "date": "2025-09-30T00:00:00",
      "quarter_label": "2025-09 (Q3)",
      "revenue": 4306000000,
      "gross_profit": 2340000000,
      "operating_income": 995000000,
      "net_income": 662000000,
      "opex": 1345000000,
      "cogs": 1966000000,
      "rd": null,
      "sga": 1344000000,
      "fcf": 527000000,
      "ocf": 639000000,
      "capex": -112000000,
      "gross_margin": 0.5434277751973989,
      "op_margin": 0.2310729215048769,
      "fcf_margin": 0.12238736646539712,
      "incr_op_margin_yoy": 0.22409638554216868,
      "rev_growth_yoy": 0.10665638653302494,
      "rev_growth_yoy_accel": 0.045208145839501224,
      "op_leverage_ratio": Infinity,
      "fcf_margin_change": 0.04431866600899549
    }
  ],
  "signals": [
    {
      "quarter": "2025-06 (Q2)",
      "signal": "FCF MARGIN EXPANSION",
      "detail": "FCF margin: +2.4% -> +7.8% (+5.4%)",
      "severity": "MEDIUM"
    },
    {
      "quarter": "2024-06 (Q2)",
      "signal": "FCF TURNED POSITIVE",
      "detail": "FCF margin: -2.1% -> +13.8%",
      "severity": "HIGH"
    },
    {
      "quarter": "2024-06 (Q2)",
      "signal": "INCREMENTAL MARGIN (YoY)",
      "detail": "YoY Incr OPM: +69.2% vs year-ago OPM: +20.3%",
      "severity": "HIGH"
    },
    {
      "quarter": "2024-03 (Q1)",
      "signal": "INCREMENTAL MARGIN (YoY)",
      "detail": "YoY Incr OPM: +157.4% vs year-ago OPM: +17.4%",
      "severity": "HIGH"
    },
    {
      "quarter": "2023-12 (Q4)",
      "signal": "INCREMENTAL MARGIN (YoY)",
      "detail": "YoY Incr OPM: +421.9% vs year-ago OPM: +17.7%",
      "severity": "HIGH"
    },
    {
      "quarter": "2023-09 (Q3)",
      "signal": "INCREMENTAL MARGIN (YoY)",
      "detail": "YoY Incr OPM: +274.3% vs year-ago OPM: +10.9%",
      "severity": "HIGH"
    },
    {
      "quarter": "2023-06 (Q2)",
      "signal": "FCF MARGIN EXPANSION",
      "detail": "FCF margin: +0.3% -> +7.8% (+7.5%)",
      "severity": "MEDIUM"
    },
    {
      "quarter": "2023-06 (Q2)",
      "signal": "INCREMENTAL MARGIN (YoY)",
      "detail": "YoY Incr OPM: +83.8% vs year-ago OPM: +16.1%",
      "severity": "HIGH"
    },
    {
      "quarter": "2022-09 (Q3)",
      "signal": "GROSS MARGIN INFLECTION",
      "detail": "GM: +53.6% -> +50.0% -> +52.5% (reversal +2.5%)",
      "severity": "MEDIUM"
    },
    {
      "quarter": "2022-06 (Q2)",
      "signal": "YoY REVENUE GROWTH ACCELERATION",
      "detail": "YoY growth: +13.2% vs prior quarter YoY: +6.1% (accel: +7.1%)",
      "severity": "MEDIUM"
    },
    {
      "quarter": "2022-03 (Q1)",
      "signal": "INCREMENTAL MARGIN (YoY)",
      "detail": "YoY Incr OPM: +185.2% vs year-ago OPM: +22.1%",
      "severity": "HIGH"
    },
    {
      "quarter": "2021-12 (Q4)",
      "signal": "OPERATING LEVERAGE",
      "detail": "Rev growth +4.3% vs OpEx growth +0.7% (leverage: 6.4x)",
      "severity": "MEDIUM"
    },
    {
      "quarter": "2021-09 (Q3)",
      "signal": "FCF MARGIN EXPANSION",
      "detail": "FCF margin: +15.4% -> +20.7% (+5.3%)",
      "severity": "MEDIUM"
    },
    {
      "quarter": "2021-09 (Q3)",
      "signal": "OPERATING LEVERAGE",
      "detail": "Rev growth +3.5% vs OpEx growth +0.4% (leverage: 9.1x)",
      "severity": "MEDIUM"
    }
  ],
  "data_quality": {
    "n_quarters": 20,
    "coverage": {
      "revenue": [
        20,
        20
      ],
      "gross_profit": [
        20,
        20
      ],
      "op_income": [
        20,
        20
      ],
      "fcf": [
        20,
        20
      ]
    },
    "gaps": [],
    "warnings": []
  },
  "market_cap": null,
  "source": "SEC EDGAR",
  "last_updated": "2026-02-02T20:04:42.618916"
}