{
  "ticker": "KELYA",
  "name": "KELLY SERVICES, INC.",
  "sector": "Industrials",
  "industry": "Staffing & Employment Services",
  "quarters": [
    {
      "date": "2021-04-04T00:00:00",
      "quarter_label": "2021-04 (Q2)",
      "revenue": 1205900000,
      "gross_profit": 213300000,
      "operating_income": 10600000,
      "net_income": 25600000,
      "opex": 202700000,
      "cogs": 992600000,
      "rd": null,
      "sga": 202700000,
      "fcf": 10500000,
      "ocf": 10500000,
      "capex": null,
      "gross_margin": 0.17688033833651215,
      "op_margin": 0.008790115266605855,
      "fcf_margin": 0.008707189650883157
    },
    {
      "date": "2021-07-04T00:00:00",
      "quarter_label": "2021-07 (Q3)",
      "revenue": 1258100000,
      "gross_profit": 231000000,
      "operating_income": 13700000,
      "net_income": 24000000,
      "opex": 217300000,
      "cogs": 1027100000,
      "rd": null,
      "sga": 217300000,
      "fcf": 37100000,
      "ocf": 37100000,
      "capex": null,
      "gross_margin": 0.1836102058659884,
      "op_margin": 0.010889436451792385,
      "fcf_margin": 0.029488911851204197,
      "op_leverage_ratio": 0.600980112619802,
      "fcf_margin_change": 0.02078172220032104
    },
    {
      "date": "2021-10-03T00:00:00",
      "quarter_label": "2021-10 (Q4)",
      "revenue": 1195400000,
      "gross_profit": 228900000,
      "operating_income": 9000000,
      "net_income": 34800000,
      "opex": 219900000,
      "cogs": 966500000,
      "rd": null,
      "sga": 219900000,
      "fcf": -16600000,
      "ocf": -16600000,
      "capex": null,
      "gross_margin": 0.19148402208465787,
      "op_margin": 0.0075288606324242936,
      "fcf_margin": -0.013886565166471474,
      "fcf_margin_change": -0.04337547701767567
    },
    {
      "date": "2022-01-02T00:00:00",
      "quarter_label": "2022-01 (Q1)",
      "revenue": 1250300000,
      "gross_profit": 246000000,
      "operating_income": 15300000,
      "net_income": 71700000,
      "opex": 230700000,
      "cogs": 1004300000,
      "rd": null,
      "sga": 230700000,
      "fcf": 54000000,
      "ocf": 54000000,
      "capex": null,
      "gross_margin": 0.1967527793329601,
      "op_margin": 0.012237063104854834,
      "fcf_margin": 0.04318963448772295,
      "op_leverage_ratio": 0.935105404048854,
      "fcf_margin_change": 0.05707619965419442
    },
    {
      "date": "2022-04-03T00:00:00",
      "quarter_label": "2022-04 (Q2)",
      "revenue": 1296400000,
      "gross_profit": 258600000,
      "operating_income": 23400000,
      "net_income": -47600000,
      "opex": 235200000,
      "cogs": 1037800000,
      "rd": null,
      "sga": 235200000,
      "fcf": -106100000,
      "ocf": -106100000,
      "capex": null,
      "gross_margin": 0.19947547053378586,
      "op_margin": 0.01804998457266276,
      "fcf_margin": -0.08184202406664609,
      "incr_op_margin_yoy": 0.1414364640883978,
      "rev_growth_yoy": 0.07504768222904055,
      "op_leverage_ratio": 1.8902610040257004,
      "fcf_margin_change": -0.12503165855436904
    },
    {
      "date": "2022-07-03T00:00:00",
      "quarter_label": "2022-07 (Q3)",
      "revenue": 1267300000,
      "gross_profit": 262400000,
      "operating_income": 8200000,
      "net_income": 2200000,
      "opex": 254200000,
      "cogs": 1004900000,
      "rd": null,
      "sga": 240100000,
      "fcf": -1200000,
      "ocf": -1200000,
      "capex": null,
      "gross_margin": 0.20705436755306558,
      "op_margin": 0.0064704489860332995,
      "fcf_margin": -0.0009468949735658487,
      "incr_op_margin_yoy": -0.5978260869565217,
      "rev_growth_yoy": 0.007312614259597806,
      "rev_growth_yoy_accel": -0.06773506796944274,
      "fcf_margin_change": 0.08089512909308025
    },
    {
      "date": "2022-10-02T00:00:00",
      "quarter_label": "2022-10 (Q4)",
      "revenue": 1167900000,
      "gross_profit": 240600000,
      "operating_income": -21400000,
      "net_income": -16200000,
      "opex": 262000000,
      "cogs": 927300000,
      "rd": null,
      "sga": 231100000,
      "fcf": -4400000,
      "ocf": -4400000,
      "capex": null,
      "gross_margin": 0.20601078859491395,
      "op_margin": -0.018323486599880128,
      "fcf_margin": -0.0037674458429660072,
      "incr_op_margin_yoy": 1.1054545454545455,
      "rev_growth_yoy": -0.02300485193240756,
      "rev_growth_yoy_accel": -0.030317466192005368,
      "fcf_margin_change": -0.0028205508694001584
    },
    {
      "date": "2023-01-01T00:00:00",
      "quarter_label": "2023-01 (Q1)",
      "revenue": 1233800000,
      "gross_profit": 250200000,
      "operating_income": 4600000,
      "net_income": -900000,
      "opex": 245600000,
      "cogs": 983600000,
      "rd": null,
      "sga": 236200000,
      "fcf": 35400000,
      "ocf": 35400000,
      "capex": null,
      "gross_margin": 0.20278813421948452,
      "op_margin": 0.0037283190144269734,
      "fcf_margin": 0.028691846328416273,
      "incr_op_margin_yoy": 0.6484848484848484,
      "rev_growth_yoy": -0.013196832760137568,
      "rev_growth_yoy_accel": 0.009808019172269993,
      "op_leverage_ratio": null,
      "fcf_margin_change": 0.032459292171382284
    },
    {
      "date": "2023-04-02T00:00:00",
      "quarter_label": "2023-04 (Q2)",
      "revenue": 1268300000,
      "gross_profit": 254100000,
      "operating_income": 10700000,
      "net_income": 10900000,
      "opex": 243400000,
      "cogs": 1014200000,
      "rd": null,
      "sga": 243400000,
      "fcf": -13500000,
      "ocf": -13500000,
      "capex": null,
      "gross_margin": 0.20034692107545535,
      "op_margin": 0.008436489789481983,
      "fcf_margin": -0.010644169360561381,
      "incr_op_margin_yoy": 0.45195729537366547,
      "rev_growth_yoy": -0.0216754088244369,
      "rev_growth_yoy_accel": -0.008478576064299333,
      "op_leverage_ratio": null,
      "fcf_margin_change": -0.039336015688977655
    },
    {
      "date": "2023-07-02T00:00:00",
      "quarter_label": "2023-07 (Q3)",
      "revenue": 1217200000,
      "gross_profit": 240600000,
      "operating_income": 6200000,
      "net_income": 7500000,
      "opex": 234400000,
      "cogs": 976600000,
      "rd": null,
      "sga": 232000000,
      "fcf": 36900000,
      "ocf": 36900000,
      "capex": null,
      "gross_margin": 0.19766677620768977,
      "op_margin": 0.005093657574761748,
      "fcf_margin": 0.030315478146565888,
      "incr_op_margin_yoy": 0.03992015968063872,
      "rev_growth_yoy": -0.039532865146374184,
      "rev_growth_yoy_accel": -0.017857456321937283,
      "fcf_margin_change": 0.04095964750712727
    },
    {
      "date": "2023-10-01T00:00:00",
      "quarter_label": "2023-10 (Q4)",
      "revenue": 1118000000,
      "gross_profit": 228500000,
      "operating_income": 100000,
      "net_income": 6600000,
      "opex": 228400000,
      "cogs": 889500000,
      "rd": null,
      "sga": 228400000,
      "fcf": 10000000,
      "ocf": 10000000,
      "capex": null,
      "gross_margin": 0.20438282647584974,
      "op_margin": 8.944543828264758e-05,
      "fcf_margin": 0.008944543828264758,
      "incr_op_margin_yoy": -0.4308617234468938,
      "rev_growth_yoy": -0.04272626081000085,
      "rev_growth_yoy_accel": -0.003193395663626669,
      "fcf_margin_change": -0.02137093431830113
    },
    {
      "date": "2023-12-31T00:00:00",
      "quarter_label": "2023-12 (Q4)",
      "revenue": 1232200000,
      "gross_profit": 238200000,
      "operating_income": 7300000,
      "net_income": 11400000,
      "opex": 230900000,
      "cogs": 994000000,
      "rd": null,
      "sga": 230900000,
      "fcf": 43300000,
      "ocf": 43300000,
      "capex": null,
      "gross_margin": 0.19331277390034085,
      "op_margin": 0.0059243629280960886,
      "fcf_margin": 0.03514039928583022,
      "incr_op_margin_yoy": -1.6875,
      "rev_growth_yoy": -0.00129680661371373,
      "rev_growth_yoy_accel": 0.04142945419628712,
      "op_leverage_ratio": 9.332121645796065,
      "fcf_margin_change": 0.026195855457565465
    },
    {
      "date": "2024-03-31T00:00:00",
      "quarter_label": "2024-03 (Q1)",
      "revenue": 1045100000,
      "gross_profit": 205700000,
      "operating_income": 26800000,
      "net_income": 25800000,
      "opex": 178900000,
      "cogs": 839400000,
      "rd": null,
      "sga": 190500000,
      "fcf": -25500000,
      "ocf": -25500000,
      "capex": null,
      "gross_margin": 0.19682327050043058,
      "op_margin": 0.02564347909290977,
      "fcf_margin": -0.024399578987656684,
      "incr_op_margin_yoy": -0.0721326164874552,
      "rev_growth_yoy": -0.17598360009461483,
      "rev_growth_yoy_accel": -0.1746867934809011,
      "fcf_margin_change": -0.05953997827348691
    },
    {
      "date": "2024-06-30T00:00:00",
      "quarter_label": "2024-06 (Q2)",
      "revenue": 1057500000,
      "gross_profit": 213700000,
      "operating_income": 12200000,
      "net_income": 4600000,
      "opex": 201500000,
      "cogs": 843800000,
      "rd": null,
      "sga": 191500000,
      "fcf": 57700000,
      "ocf": 57700000,
      "capex": null,
      "gross_margin": 0.20208037825059103,
      "op_margin": 0.011536643026004729,
      "fcf_margin": 0.05456264775413711,
      "incr_op_margin_yoy": -0.03757044458359424,
      "rev_growth_yoy": -0.13120276043378246,
      "rev_growth_yoy_accel": 0.04478083966083238,
      "op_leverage_ratio": 0.09392165546253355,
      "fcf_margin_change": 0.07896222674179379
    },
    {
      "date": "2024-09-29T00:00:00",
      "quarter_label": "2024-09 (Q3)",
      "revenue": 1038100000,
      "gross_profit": 221700000,
      "operating_income": 2600000,
      "net_income": 800000,
      "opex": 219100000,
      "cogs": 816400000,
      "rd": null,
      "sga": 219000000,
      "fcf": -20300000,
      "ocf": -20300000,
      "capex": null,
      "gross_margin": 0.21356324053559386,
      "op_margin": 0.002504575667084096,
      "fcf_margin": -0.019554956169925825,
      "incr_op_margin_yoy": -0.03128911138923655,
      "rev_growth_yoy": -0.07146690518783543,
      "rev_growth_yoy_accel": 0.05973585524594703,
      "fcf_margin_change": -0.07411760392406294
    },
    {
      "date": "2024-12-29T00:00:00",
      "quarter_label": "2024-12 (Q4)",
      "revenue": 1191100000,
      "gross_profit": 241500000,
      "operating_income": -56700000,
      "net_income": -31800000,
      "opex": 298200000,
      "cogs": 949600000,
      "rd": null,
      "sga": 217400000,
      "fcf": 15000000,
      "ocf": 15000000,
      "capex": null,
      "gross_margin": 0.2027537570313156,
      "op_margin": -0.047603055998656704,
      "fcf_margin": 0.012593401057845689,
      "incr_op_margin_yoy": 1.5571776155717763,
      "rev_growth_yoy": -0.03335497484174647,
      "rev_growth_yoy_accel": 0.03811193034608896,
      "op_leverage_ratio": 0.4082424238291023,
      "fcf_margin_change": 0.03214835722777151
    },
    {
      "date": "2025-03-30T00:00:00",
      "quarter_label": "2025-03 (Q1)",
      "revenue": 1164900000,
      "gross_profit": 236500000,
      "operating_income": 10800000,
      "net_income": 5800000,
      "opex": 225700000,
      "cogs": 928400000,
      "rd": null,
      "sga": 225700000,
      "fcf": 23900000,
      "ocf": 23900000,
      "capex": null,
      "gross_margin": 0.20302171860245516,
      "op_margin": 0.009271182075714654,
      "fcf_margin": 0.02051678255644261,
      "incr_op_margin_yoy": -0.1335559265442404,
      "rev_growth_yoy": 0.11463017893024591,
      "rev_growth_yoy_accel": 0.14798515377199237,
      "fcf_margin_change": 0.007923381498596923
    },
    {
      "date": "2025-06-29T00:00:00",
      "quarter_label": "2025-06 (Q2)",
      "revenue": 1101800000,
      "gross_profit": 225500000,
      "operating_income": 22200000,
      "net_income": 19000000,
      "opex": 203300000,
      "cogs": 876300000,
      "rd": null,
      "sga": 207300000,
      "fcf": 95400000,
      "ocf": 95400000,
      "capex": null,
      "gross_margin": 0.20466509348339082,
      "op_margin": 0.020148847340715193,
      "fcf_margin": 0.08658558722091124,
      "incr_op_margin_yoy": 0.22573363431151242,
      "rev_growth_yoy": 0.04189125295508274,
      "rev_growth_yoy_accel": -0.07273892597516317,
      "fcf_margin_change": 0.06606880466446863
    },
    {
      "date": "2025-09-28T00:00:00",
      "quarter_label": "2025-09 (Q3)",
      "revenue": 935000000,
      "gross_profit": 194000000,
      "operating_income": -102100000,
      "net_income": -150100000,
      "opex": 296100000,
      "cogs": 741000000,
      "rd": null,
      "sga": 194400000,
      "fcf": -25300000,
      "ocf": -25300000,
      "capex": null,
      "gross_margin": 0.20748663101604278,
      "op_margin": -0.10919786096256684,
      "fcf_margin": -0.027058823529411764,
      "incr_op_margin_yoy": 1.0155189136760427,
      "rev_growth_yoy": -0.09931605818321934,
      "rev_growth_yoy_accel": -0.1412073111383021,
      "fcf_margin_change": -0.113644410750323
    },
    {
      "date": "2025-12-28T00:00:00",
      "quarter_label": "2025-12 (Q4)",
      "revenue": 1049200000,
      "gross_profit": 197000000,
      "operating_income": -700000,
      "net_income": -128800000,
      "opex": 197700000,
      "cogs": 852200000,
      "rd": null,
      "sga": 198500000,
      "fcf": 28600000,
      "ocf": 28600000,
      "capex": null,
      "gross_margin": 0.18776210446054137,
      "op_margin": -0.0006671749904689287,
      "fcf_margin": 0.027258863896301944,
      "incr_op_margin_yoy": -0.39464411557434814,
      "rev_growth_yoy": -0.11913357400722022,
      "rev_growth_yoy_accel": -0.019817515824000875,
      "op_leverage_ratio": null,
      "fcf_margin_change": 0.054317687425713704
    }
  ],
  "signals": [
    {
      "quarter": "2025-12 (Q4)",
      "signal": "FCF TURNED POSITIVE",
      "detail": "FCF margin: -2.7% -> +2.7%",
      "severity": "HIGH"
    },
    {
      "quarter": "2025-09 (Q3)",
      "signal": "YoY REVENUE GROWTH DECELERATION",
      "detail": "YoY growth: -9.9% vs prior quarter YoY: +4.2% (decel: -14.1%)",
      "severity": "WARNING"
    },
    {
      "quarter": "2025-06 (Q2)",
      "signal": "FCF MARGIN EXPANSION",
      "detail": "FCF margin: +2.1% -> +8.7% (+6.6%)",
      "severity": "MEDIUM"
    },
    {
      "quarter": "2025-06 (Q2)",
      "signal": "YoY REVENUE GROWTH DECELERATION",
      "detail": "YoY growth: +4.2% vs prior quarter YoY: +11.5% (decel: -7.3%)",
      "severity": "WARNING"
    },
    {
      "quarter": "2025-06 (Q2)",
      "signal": "INCREMENTAL MARGIN (YoY)",
      "detail": "YoY Incr OPM: +22.6% vs year-ago OPM: +1.2%",
      "severity": "HIGH"
    },
    {
      "quarter": "2025-03 (Q1)",
      "signal": "YoY REVENUE GROWTH ACCELERATION",
      "detail": "YoY growth: +11.5% vs prior quarter YoY: -3.3% (accel: +14.8%)",
      "severity": "MEDIUM"
    },
    {
      "quarter": "2025-03 (Q1)",
      "signal": "OP MARGIN TURNED POSITIVE (QoQ)",
      "detail": "Op margin: -4.8% -> +0.9%",
      "severity": "HIGH"
    },
    {
      "quarter": "2024-12 (Q4)",
      "signal": "FCF TURNED POSITIVE",
      "detail": "FCF margin: -2.0% -> +1.3%",
      "severity": "HIGH"
    },
    {
      "quarter": "2024-09 (Q3)",
      "signal": "YoY REVENUE GROWTH ACCELERATION",
      "detail": "YoY growth: -7.1% vs prior quarter YoY: -13.1% (accel: +6.0%)",
      "severity": "MEDIUM"
    },
    {
      "quarter": "2024-06 (Q2)",
      "signal": "FCF TURNED POSITIVE",
      "detail": "FCF margin: -2.4% -> +5.5%",
      "severity": "HIGH"
    },
    {
      "quarter": "2024-03 (Q1)",
      "signal": "YoY REVENUE GROWTH DECELERATION",
      "detail": "YoY growth: -17.6% vs prior quarter YoY: -0.1% (decel: -17.5%)",
      "severity": "WARNING"
    },
    {
      "quarter": "2023-12 (Q4)",
      "signal": "OPERATING LEVERAGE",
      "detail": "Rev growth +10.2% vs OpEx growth +1.1% (leverage: 9.3x)",
      "severity": "MEDIUM"
    },
    {
      "quarter": "2023-10 (Q4)",
      "signal": "OP MARGIN TURNED POSITIVE (YoY)",
      "detail": "Op margin: -1.8% (year-ago) -> +0.0%",
      "severity": "HIGH"
    },
    {
      "quarter": "2023-07 (Q3)",
      "signal": "FCF TURNED POSITIVE",
      "detail": "FCF margin: -1.1% -> +3.0%",
      "severity": "HIGH"
    },
    {
      "quarter": "2023-04 (Q2)",
      "signal": "INCREMENTAL MARGIN (YoY)",
      "detail": "YoY Incr OPM: +45.2% vs year-ago OPM: +1.8%",
      "severity": "HIGH"
    },
    {
      "quarter": "2023-01 (Q1)",
      "signal": "FCF TURNED POSITIVE",
      "detail": "FCF margin: -0.4% -> +2.9%",
      "severity": "HIGH"
    },
    {
      "quarter": "2023-01 (Q1)",
      "signal": "INCREMENTAL MARGIN (YoY)",
      "detail": "YoY Incr OPM: +64.8% vs year-ago OPM: +1.2%",
      "severity": "HIGH"
    },
    {
      "quarter": "2023-01 (Q1)",
      "signal": "OP MARGIN TURNED POSITIVE (QoQ)",
      "detail": "Op margin: -1.8% -> +0.4%",
      "severity": "HIGH"
    },
    {
      "quarter": "2022-07 (Q3)",
      "signal": "FCF MARGIN EXPANSION",
      "detail": "FCF margin: -8.2% -> -0.1% (+8.1%)",
      "severity": "MEDIUM"
    },
    {
      "quarter": "2022-07 (Q3)",
      "signal": "YoY REVENUE GROWTH DECELERATION",
      "detail": "YoY growth: +0.7% vs prior quarter YoY: +7.5% (decel: -6.8%)",
      "severity": "WARNING"
    },
    {
      "quarter": "2022-04 (Q2)",
      "signal": "OPERATING LEVERAGE",
      "detail": "Rev growth +3.7% vs OpEx growth +2.0% (leverage: 1.9x)",
      "severity": "MEDIUM"
    },
    {
      "quarter": "2022-04 (Q2)",
      "signal": "INCREMENTAL MARGIN (YoY)",
      "detail": "YoY Incr OPM: +14.1% vs year-ago OPM: +0.9%",
      "severity": "MEDIUM"
    },
    {
      "quarter": "2022-01 (Q1)",
      "signal": "FCF TURNED POSITIVE",
      "detail": "FCF margin: -1.4% -> +4.3%",
      "severity": "HIGH"
    }
  ],
  "data_quality": {
    "n_quarters": 20,
    "coverage": {
      "revenue": [
        20,
        20
      ],
      "gross_profit": [
        20,
        20
      ],
      "op_income": [
        20,
        20
      ],
      "fcf": [
        20,
        20
      ]
    },
    "gaps": [],
    "warnings": []
  },
  "market_cap": null,
  "source": "SEC EDGAR",
  "last_updated": "2026-02-13T11:36:14.445222"
}