{
  "ticker": "KEX",
  "name": "KIRBY CORPORATION",
  "quarters": [
    {
      "date": "2020-12-31T00:00:00",
      "quarter_label": "2020-12 (Q4)",
      "revenue": 489756000,
      "gross_profit": null,
      "operating_income": 24774000,
      "net_income": 22204000,
      "opex": 464982000,
      "cogs": null,
      "rd": null,
      "sga": 58860000,
      "fcf": 85177000,
      "ocf": 85177000,
      "capex": null,
      "gross_margin": null,
      "op_margin": 0.05058437262636905,
      "fcf_margin": 0.17391721591976414
    },
    {
      "date": "2021-03-31T00:00:00",
      "quarter_label": "2021-03 (Q1)",
      "revenue": 496850000,
      "gross_profit": null,
      "operating_income": 3164000,
      "net_income": -3375000,
      "opex": 493686000,
      "cogs": null,
      "rd": null,
      "sga": 69629000,
      "fcf": 102558000,
      "ocf": 102558000,
      "capex": null,
      "gross_margin": null,
      "op_margin": 0.006368119150649089,
      "fcf_margin": 0.20641642346784744,
      "op_leverage_ratio": 0.23464166877747136,
      "fcf_margin_change": 0.0324992075480833
    },
    {
      "date": "2021-06-30T00:00:00",
      "quarter_label": "2021-06 (Q2)",
      "revenue": 559624000,
      "gross_profit": null,
      "operating_income": 24028000,
      "net_income": 10190000,
      "opex": 535596000,
      "cogs": null,
      "rd": null,
      "sga": 62740000,
      "fcf": 95260000,
      "ocf": 95260000,
      "capex": null,
      "gross_margin": null,
      "op_margin": 0.042935971295012365,
      "fcf_margin": 0.17022143439166298,
      "op_leverage_ratio": 1.4882903290011251,
      "fcf_margin_change": -0.03619498907618446
    },
    {
      "date": "2021-09-30T00:00:00",
      "quarter_label": "2021-09 (Q3)",
      "revenue": 598920000,
      "gross_profit": null,
      "operating_income": -316926000,
      "net_income": -264730000,
      "opex": 915846000,
      "cogs": null,
      "rd": null,
      "sga": 66065000,
      "fcf": 82544000,
      "ocf": 82544000,
      "capex": null,
      "gross_margin": null,
      "op_margin": -0.5291624924864756,
      "fcf_margin": 0.1378214118747078,
      "op_leverage_ratio": 0.09890542556736673,
      "fcf_margin_change": -0.032400022516955174
    },
    {
      "date": "2021-12-31T00:00:00",
      "quarter_label": "2021-12 (Q4)",
      "revenue": 591266000,
      "gross_profit": null,
      "operating_income": 31601000,
      "net_income": 10961000,
      "opex": 559665000,
      "cogs": null,
      "rd": null,
      "sga": 68477000,
      "fcf": 41214000,
      "ocf": 41214000,
      "capex": null,
      "gross_margin": null,
      "op_margin": 0.05344633379900079,
      "fcf_margin": 0.06970466761153186,
      "incr_op_margin_yoy": 0.06725445768889765,
      "rev_growth_yoy": 0.20726647555109073,
      "fcf_margin_change": -0.06811674426317595
    },
    {
      "date": "2022-03-31T00:00:00",
      "quarter_label": "2022-03 (Q1)",
      "revenue": 610782000,
      "gross_profit": null,
      "operating_income": 29694000,
      "net_income": 17434000,
      "opex": 581088000,
      "cogs": null,
      "rd": null,
      "sga": 75765000,
      "fcf": 32222000,
      "ocf": 32222000,
      "capex": null,
      "gross_margin": null,
      "op_margin": 0.048616363939998235,
      "fcf_margin": 0.052755320228821415,
      "incr_op_margin_yoy": 0.23285819611698205,
      "rev_growth_yoy": 0.22930864446009863,
      "rev_growth_yoy_accel": 0.022042168909007898,
      "op_leverage_ratio": 0.8622947929598422,
      "fcf_margin_change": -0.01694934738271045
    },
    {
      "date": "2022-06-30T00:00:00",
      "quarter_label": "2022-06 (Q2)",
      "revenue": 697964000,
      "gross_profit": null,
      "operating_income": 46536000,
      "net_income": 28457000,
      "opex": 651428000,
      "cogs": null,
      "rd": null,
      "sga": 70575000,
      "fcf": 63422000,
      "ocf": 63422000,
      "capex": null,
      "gross_margin": null,
      "op_margin": 0.06667392587583314,
      "fcf_margin": 0.09086715074129897,
      "incr_op_margin_yoy": 0.16270059274251844,
      "rev_growth_yoy": 0.24720169256500793,
      "rev_growth_yoy_accel": 0.017893048104909298,
      "op_leverage_ratio": 1.1791800989335097,
      "fcf_margin_change": 0.03811183051247756
    },
    {
      "date": "2022-09-30T00:00:00",
      "quarter_label": "2022-09 (Q3)",
      "revenue": 745843000,
      "gross_profit": null,
      "operating_income": 58907000,
      "net_income": 39091000,
      "opex": 686936000,
      "cogs": null,
      "rd": null,
      "sga": 75381000,
      "fcf": 65541000,
      "ocf": 65541000,
      "capex": null,
      "gross_margin": null,
      "op_margin": 0.07898042885701147,
      "fcf_margin": 0.08787506217796506,
      "incr_op_margin_yoy": 2.5580269937314104,
      "rev_growth_yoy": 0.24531323048153342,
      "rev_growth_yoy_accel": -0.0018884620834745125,
      "op_leverage_ratio": 1.2584972147964115,
      "fcf_margin_change": -0.002992088563333911
    },
    {
      "date": "2022-12-31T00:00:00",
      "quarter_label": "2022-12 (Q4)",
      "revenue": 730165000,
      "gross_profit": null,
      "operating_income": 57749000,
      "net_income": 37309000,
      "opex": 672416000,
      "cogs": null,
      "rd": null,
      "sga": 80971000,
      "fcf": 132943000,
      "ocf": 132943000,
      "capex": null,
      "gross_margin": null,
      "op_margin": 0.0790903425937973,
      "fcf_margin": 0.18207254524662234,
      "incr_op_margin_yoy": 0.18825189526202493,
      "rev_growth_yoy": 0.23491795570859816,
      "rev_growth_yoy_accel": -0.010395274772935253,
      "fcf_margin_change": 0.09419748306865727
    },
    {
      "date": "2023-03-31T00:00:00",
      "quarter_label": "2023-03 (Q1)",
      "revenue": 750444000,
      "gross_profit": null,
      "operating_income": 61450000,
      "net_income": 40698000,
      "opex": 688994000,
      "cogs": null,
      "rd": null,
      "sga": 88849000,
      "fcf": 16480000,
      "ocf": 16480000,
      "capex": null,
      "gross_margin": null,
      "op_margin": 0.0818848574976947,
      "fcf_margin": 0.02196033281630608,
      "incr_op_margin_yoy": 0.22737752574071687,
      "rev_growth_yoy": 0.2286609625038066,
      "rev_growth_yoy_accel": -0.006256993204791561,
      "op_leverage_ratio": 1.1265005997430562,
      "fcf_margin_change": -0.16011221243031626
    },
    {
      "date": "2023-06-30T00:00:00",
      "quarter_label": "2023-06 (Q2)",
      "revenue": 777248000,
      "gross_profit": null,
      "operating_income": 87300000,
      "net_income": 57367000,
      "opex": 689948000,
      "cogs": null,
      "rd": null,
      "sga": 82896000,
      "fcf": 211469000,
      "ocf": 211469000,
      "capex": null,
      "gross_margin": null,
      "op_margin": 0.11231936267446169,
      "fcf_margin": 0.27207403557165794,
      "incr_op_margin_yoy": 0.5141516573331315,
      "rev_growth_yoy": 0.11359325122785702,
      "rev_growth_yoy_accel": -0.11506771127594959,
      "op_leverage_ratio": 25.79576339584045,
      "fcf_margin_change": 0.25011370275535183
    },
    {
      "date": "2023-09-30T00:00:00",
      "quarter_label": "2023-09 (Q3)",
      "revenue": 764772000,
      "gross_profit": null,
      "operating_income": 93523000,
      "net_income": 62964000,
      "opex": 671249000,
      "cogs": null,
      "rd": null,
      "sga": 79125000,
      "fcf": 96278000,
      "ocf": 96278000,
      "capex": null,
      "gross_margin": null,
      "op_margin": 0.12228873442019321,
      "fcf_margin": 0.12589111526049593,
      "incr_op_margin_yoy": 1.8287284061492948,
      "rev_growth_yoy": 0.025379335865591015,
      "rev_growth_yoy_accel": -0.088213915362266,
      "fcf_margin_change": -0.146182920311162
    },
    {
      "date": "2023-12-31T00:00:00",
      "quarter_label": "2023-12 (Q4)",
      "revenue": 799176000,
      "gross_profit": null,
      "operating_income": 92819000,
      "net_income": 61906000,
      "opex": 706357000,
      "cogs": null,
      "rd": null,
      "sga": 84343000,
      "fcf": 216001000,
      "ocf": 216001000,
      "capex": null,
      "gross_margin": null,
      "op_margin": 0.11614337767900938,
      "fcf_margin": 0.270279638027168,
      "incr_op_margin_yoy": 0.5081798553853734,
      "rev_growth_yoy": 0.09451425362760472,
      "rev_growth_yoy_accel": 0.0691349177620137,
      "op_leverage_ratio": 0.8601110396777849,
      "fcf_margin_change": 0.14438852276667205
    },
    {
      "date": "2024-03-31T00:00:00",
      "quarter_label": "2024-03 (Q1)",
      "revenue": 808022000,
      "gross_profit": null,
      "operating_income": 101523000,
      "net_income": 70068000,
      "opex": 706499000,
      "cogs": null,
      "rd": null,
      "sga": 90206000,
      "fcf": 123288000,
      "ocf": 123288000,
      "capex": null,
      "gross_margin": null,
      "op_margin": 0.12564385623163726,
      "fcf_margin": 0.15258000400979183,
      "incr_op_margin_yoy": 0.6959776303449234,
      "rev_growth_yoy": 0.07672524532143637,
      "rev_growth_yoy_accel": -0.01778900830616835,
      "op_leverage_ratio": Infinity,
      "fcf_margin_change": -0.11769963401737615
    },
    {
      "date": "2024-06-30T00:00:00",
      "quarter_label": "2024-06 (Q2)",
      "revenue": 824390000,
      "gross_profit": null,
      "operating_income": 120498000,
      "net_income": 83854000,
      "opex": 703892000,
      "cogs": null,
      "rd": null,
      "sga": 80383000,
      "fcf": 179319000,
      "ocf": 179319000,
      "capex": null,
      "gross_margin": null,
      "op_margin": 0.146166256262206,
      "fcf_margin": 0.21751719453171436,
      "incr_op_margin_yoy": 0.7042128038691613,
      "rev_growth_yoy": 0.060652455844209315,
      "rev_growth_yoy_accel": -0.01607278947722706,
      "op_leverage_ratio": Infinity,
      "fcf_margin_change": 0.06493719052192254
    },
    {
      "date": "2024-09-30T00:00:00",
      "quarter_label": "2024-09 (Q3)",
      "revenue": 831149000,
      "gross_profit": null,
      "operating_income": 126930000,
      "net_income": 89968000,
      "opex": 704219000,
      "cogs": null,
      "rd": null,
      "sga": 84119000,
      "fcf": 206503000,
      "ocf": 206503000,
      "capex": null,
      "gross_margin": null,
      "op_margin": 0.15271629996546948,
      "fcf_margin": 0.24845484985243318,
      "incr_op_margin_yoy": 0.5032918028835289,
      "rev_growth_yoy": 0.08679318803512681,
      "rev_growth_yoy_accel": 0.026140732190917497,
      "fcf_margin_change": 0.03093765532071882
    },
    {
      "date": "2024-12-31T00:00:00",
      "quarter_label": "2024-12 (Q4)",
      "revenue": 802315000,
      "gross_profit": null,
      "operating_income": 50146000,
      "net_income": 42817000,
      "opex": 752169000,
      "cogs": null,
      "rd": null,
      "sga": 82389000,
      "fcf": 247384000,
      "ocf": 247384000,
      "capex": null,
      "gross_margin": null,
      "op_margin": 0.06250163589114001,
      "fcf_margin": 0.3083377476427588,
      "incr_op_margin_yoy": -13.59445683338643,
      "rev_growth_yoy": 0.0039277956294983835,
      "rev_growth_yoy_accel": -0.08286539240562843,
      "fcf_margin_change": 0.0598828977903256
    },
    {
      "date": "2025-03-31T00:00:00",
      "quarter_label": "2025-03 (Q1)",
      "revenue": 785659000,
      "gross_profit": null,
      "operating_income": 105546000,
      "net_income": 75986000,
      "opex": 680113000,
      "cogs": null,
      "rd": null,
      "sga": 95287000,
      "fcf": 36541000,
      "ocf": 36541000,
      "capex": null,
      "gross_margin": null,
      "op_margin": 0.13434072542922565,
      "fcf_margin": 0.04650999988544648,
      "incr_op_margin_yoy": -0.1798953628761794,
      "rev_growth_yoy": -0.027676226637393535,
      "rev_growth_yoy_accel": -0.03160402226689192,
      "fcf_margin_change": -0.2618277477573123
    },
    {
      "date": "2025-06-30T00:00:00",
      "quarter_label": "2025-06 (Q2)",
      "revenue": 855455000,
      "gross_profit": null,
      "operating_income": 131846000,
      "net_income": 94277000,
      "opex": 723609000,
      "cogs": null,
      "rd": null,
      "sga": 85846000,
      "fcf": 93922000,
      "ocf": 93922000,
      "capex": null,
      "gross_margin": null,
      "op_margin": 0.15412382883962336,
      "fcf_margin": 0.10979186514778685,
      "incr_op_margin_yoy": 0.36529856751971673,
      "rev_growth_yoy": 0.037682407598345444,
      "rev_growth_yoy_accel": 0.06535863423573898,
      "op_leverage_ratio": 1.3890830128734082,
      "fcf_margin_change": 0.06328186526234036
    },
    {
      "date": "2025-09-30T00:00:00",
      "quarter_label": "2025-09 (Q3)",
      "revenue": 871161000,
      "gross_profit": null,
      "operating_income": 129219000,
      "net_income": 92496000,
      "opex": 741942000,
      "cogs": null,
      "rd": null,
      "sga": 87812000,
      "fcf": 227531000,
      "ocf": 227531000,
      "capex": null,
      "gross_margin": null,
      "op_margin": 0.14832964285591296,
      "fcf_margin": 0.2611813430582866,
      "incr_op_margin_yoy": 0.057207837648705386,
      "rev_growth_yoy": 0.048140586104296584,
      "rev_growth_yoy_accel": 0.01045817850595114,
      "op_leverage_ratio": 0.7246676018242991,
      "fcf_margin_change": 0.15138947791049975
    }
  ],
  "signals": [
    {
      "quarter": "2025-09 (Q3)",
      "signal": "FCF MARGIN EXPANSION",
      "detail": "FCF margin: +11.0% -> +26.1% (+15.1%)",
      "severity": "MEDIUM"
    },
    {
      "quarter": "2025-06 (Q2)",
      "signal": "FCF MARGIN EXPANSION",
      "detail": "FCF margin: +4.7% -> +11.0% (+6.3%)",
      "severity": "MEDIUM"
    },
    {
      "quarter": "2025-06 (Q2)",
      "signal": "YoY REVENUE GROWTH ACCELERATION",
      "detail": "YoY growth: +3.8% vs prior quarter YoY: -2.8% (accel: +6.5%)",
      "severity": "MEDIUM"
    },
    {
      "quarter": "2025-06 (Q2)",
      "signal": "INCREMENTAL MARGIN (YoY)",
      "detail": "YoY Incr OPM: +36.5% vs year-ago OPM: +14.6%",
      "severity": "HIGH"
    },
    {
      "quarter": "2024-12 (Q4)",
      "signal": "FCF MARGIN EXPANSION",
      "detail": "FCF margin: +24.8% -> +30.8% (+6.0%)",
      "severity": "MEDIUM"
    },
    {
      "quarter": "2024-12 (Q4)",
      "signal": "YoY REVENUE GROWTH DECELERATION",
      "detail": "YoY growth: +0.4% vs prior quarter YoY: +8.7% (decel: -8.3%)",
      "severity": "WARNING"
    },
    {
      "quarter": "2024-09 (Q3)",
      "signal": "INCREMENTAL MARGIN (YoY)",
      "detail": "YoY Incr OPM: +50.3% vs year-ago OPM: +12.2%",
      "severity": "HIGH"
    },
    {
      "quarter": "2024-06 (Q2)",
      "signal": "FCF MARGIN EXPANSION",
      "detail": "FCF margin: +15.3% -> +21.8% (+6.5%)",
      "severity": "MEDIUM"
    },
    {
      "quarter": "2024-06 (Q2)",
      "signal": "INCREMENTAL MARGIN (YoY)",
      "detail": "YoY Incr OPM: +70.4% vs year-ago OPM: +11.2%",
      "severity": "HIGH"
    },
    {
      "quarter": "2024-03 (Q1)",
      "signal": "OPERATING LEVERAGE",
      "detail": "Rev growth +1.1% vs OpEx growth +0.0% (leverage: 55.1x)",
      "severity": "MEDIUM"
    },
    {
      "quarter": "2024-03 (Q1)",
      "signal": "INCREMENTAL MARGIN (YoY)",
      "detail": "YoY Incr OPM: +69.6% vs year-ago OPM: +8.2%",
      "severity": "HIGH"
    },
    {
      "quarter": "2023-12 (Q4)",
      "signal": "FCF MARGIN EXPANSION",
      "detail": "FCF margin: +12.6% -> +27.0% (+14.4%)",
      "severity": "MEDIUM"
    },
    {
      "quarter": "2023-12 (Q4)",
      "signal": "YoY REVENUE GROWTH ACCELERATION",
      "detail": "YoY growth: +9.5% vs prior quarter YoY: +2.5% (accel: +6.9%)",
      "severity": "MEDIUM"
    },
    {
      "quarter": "2023-12 (Q4)",
      "signal": "INCREMENTAL MARGIN (YoY)",
      "detail": "YoY Incr OPM: +50.8% vs year-ago OPM: +7.9%",
      "severity": "HIGH"
    },
    {
      "quarter": "2023-09 (Q3)",
      "signal": "YoY REVENUE GROWTH DECELERATION",
      "detail": "YoY growth: +2.5% vs prior quarter YoY: +11.4% (decel: -8.8%)",
      "severity": "WARNING"
    },
    {
      "quarter": "2023-09 (Q3)",
      "signal": "INCREMENTAL MARGIN (YoY)",
      "detail": "YoY Incr OPM: +182.9% vs year-ago OPM: +7.9%",
      "severity": "HIGH"
    },
    {
      "quarter": "2023-06 (Q2)",
      "signal": "FCF MARGIN EXPANSION",
      "detail": "FCF margin: +2.2% -> +27.2% (+25.0%)",
      "severity": "MEDIUM"
    },
    {
      "quarter": "2023-06 (Q2)",
      "signal": "OPERATING LEVERAGE",
      "detail": "Rev growth +3.6% vs OpEx growth +0.1% (leverage: 25.8x)",
      "severity": "MEDIUM"
    },
    {
      "quarter": "2023-06 (Q2)",
      "signal": "YoY REVENUE GROWTH DECELERATION",
      "detail": "YoY growth: +11.4% vs prior quarter YoY: +22.9% (decel: -11.5%)",
      "severity": "WARNING"
    },
    {
      "quarter": "2023-06 (Q2)",
      "signal": "INCREMENTAL MARGIN (YoY)",
      "detail": "YoY Incr OPM: +51.4% vs year-ago OPM: +6.7%",
      "severity": "HIGH"
    },
    {
      "quarter": "2023-03 (Q1)",
      "signal": "INCREMENTAL MARGIN (YoY)",
      "detail": "YoY Incr OPM: +22.7% vs year-ago OPM: +4.9%",
      "severity": "MEDIUM"
    },
    {
      "quarter": "2022-12 (Q4)",
      "signal": "FCF MARGIN EXPANSION",
      "detail": "FCF margin: +8.8% -> +18.2% (+9.4%)",
      "severity": "MEDIUM"
    },
    {
      "quarter": "2022-12 (Q4)",
      "signal": "INCREMENTAL MARGIN (YoY)",
      "detail": "YoY Incr OPM: +18.8% vs year-ago OPM: +5.3%",
      "severity": "MEDIUM"
    },
    {
      "quarter": "2022-09 (Q3)",
      "signal": "OP MARGIN TURNED POSITIVE (YoY)",
      "detail": "Op margin: -52.9% (year-ago) -> +7.9%",
      "severity": "HIGH"
    },
    {
      "quarter": "2022-06 (Q2)",
      "signal": "INCREMENTAL MARGIN (YoY)",
      "detail": "YoY Incr OPM: +16.3% vs year-ago OPM: +4.3%",
      "severity": "MEDIUM"
    },
    {
      "quarter": "2022-03 (Q1)",
      "signal": "INCREMENTAL MARGIN (YoY)",
      "detail": "YoY Incr OPM: +23.3% vs year-ago OPM: +0.6%",
      "severity": "HIGH"
    },
    {
      "quarter": "2021-12 (Q4)",
      "signal": "OP MARGIN TURNED POSITIVE (QoQ)",
      "detail": "Op margin: -52.9% -> +5.3%",
      "severity": "HIGH"
    }
  ],
  "data_quality": {
    "n_quarters": 20,
    "coverage": {
      "revenue": [
        20,
        20
      ],
      "gross_profit": [
        0,
        20
      ],
      "op_income": [
        20,
        20
      ],
      "fcf": [
        20,
        20
      ]
    },
    "gaps": [],
    "warnings": [
      "gross_profit: no data"
    ]
  },
  "market_cap": null,
  "source": "SEC EDGAR",
  "last_updated": "2026-02-02T20:50:04.156630",
  "sector": "Industrials",
  "industry": "Marine Shipping"
}