{
  "ticker": "KEY",
  "name": "KeyCorp",
  "sector": "Financial Services",
  "industry": "Banks - Regional",
  "quarters": [
    {
      "date": "2021-03-31T00:00:00",
      "quarter_label": "2021-03 (Q1)",
      "revenue": 1750000000,
      "gross_profit": null,
      "operating_income": null,
      "net_income": 622000000,
      "opex": null,
      "cogs": null,
      "rd": null,
      "sga": null,
      "fcf": -205000000,
      "ocf": -205000000,
      "capex": null,
      "gross_margin": null,
      "op_margin": null,
      "fcf_margin": -0.11714285714285715
    },
    {
      "date": "2021-06-30T00:00:00",
      "quarter_label": "2021-06 (Q2)",
      "revenue": 1773000000,
      "gross_profit": null,
      "operating_income": null,
      "net_income": 729000000,
      "opex": null,
      "cogs": null,
      "rd": null,
      "sga": null,
      "fcf": 453000000,
      "ocf": 453000000,
      "capex": null,
      "gross_margin": null,
      "op_margin": null,
      "fcf_margin": 0.25549915397631134,
      "fcf_margin_change": 0.3726420111191685
    },
    {
      "date": "2021-09-30T00:00:00",
      "quarter_label": "2021-09 (Q3)",
      "revenue": 1822000000,
      "gross_profit": null,
      "operating_income": null,
      "net_income": 645000000,
      "opex": null,
      "cogs": null,
      "rd": null,
      "sga": null,
      "fcf": 915000000,
      "ocf": 915000000,
      "capex": null,
      "gross_margin": null,
      "op_margin": null,
      "fcf_margin": 0.5021953896816685,
      "fcf_margin_change": 0.2466962357053572
    },
    {
      "date": "2021-12-31T00:00:00",
      "quarter_label": "2021-12 (Q4)",
      "revenue": 1947000000,
      "gross_profit": null,
      "operating_income": null,
      "net_income": 629000000,
      "opex": null,
      "cogs": null,
      "rd": null,
      "sga": null,
      "fcf": -10000000,
      "ocf": -10000000,
      "capex": null,
      "gross_margin": null,
      "op_margin": null,
      "fcf_margin": -0.005136106831022085,
      "fcf_margin_change": -0.5073314965126906
    },
    {
      "date": "2022-03-31T00:00:00",
      "quarter_label": "2022-03 (Q1)",
      "revenue": 1696000000,
      "gross_profit": null,
      "operating_income": null,
      "net_income": 448000000,
      "opex": null,
      "cogs": null,
      "rd": null,
      "sga": null,
      "fcf": 881000000,
      "ocf": 881000000,
      "capex": null,
      "gross_margin": null,
      "op_margin": null,
      "fcf_margin": 0.5194575471698113,
      "rev_growth_yoy": -0.030857142857142857,
      "fcf_margin_change": 0.5245936540008334
    },
    {
      "date": "2022-06-30T00:00:00",
      "quarter_label": "2022-06 (Q2)",
      "revenue": 1792000000,
      "gross_profit": null,
      "operating_income": null,
      "net_income": 533000000,
      "opex": null,
      "cogs": null,
      "rd": null,
      "sga": null,
      "fcf": -78000000,
      "ocf": -78000000,
      "capex": null,
      "gross_margin": null,
      "op_margin": null,
      "fcf_margin": -0.04352678571428571,
      "rev_growth_yoy": 0.01071630005640158,
      "rev_growth_yoy_accel": 0.04157344291354444,
      "fcf_margin_change": -0.562984332884097
    },
    {
      "date": "2022-09-30T00:00:00",
      "quarter_label": "2022-09 (Q3)",
      "revenue": 1886000000,
      "gross_profit": null,
      "operating_income": null,
      "net_income": 542000000,
      "opex": null,
      "cogs": null,
      "rd": null,
      "sga": null,
      "fcf": 2081000000,
      "ocf": 2081000000,
      "capex": null,
      "gross_margin": null,
      "op_margin": null,
      "fcf_margin": 1.1033934252386002,
      "rev_growth_yoy": 0.03512623490669594,
      "rev_growth_yoy_accel": 0.02440993485029436,
      "fcf_margin_change": 1.146920210952886
    },
    {
      "date": "2022-12-31T00:00:00",
      "quarter_label": "2022-12 (Q4)",
      "revenue": 1898000000,
      "gross_profit": null,
      "operating_income": null,
      "net_income": 394000000,
      "opex": null,
      "cogs": null,
      "rd": null,
      "sga": null,
      "fcf": 1585000000,
      "ocf": 1585000000,
      "capex": null,
      "gross_margin": null,
      "op_margin": null,
      "fcf_margin": 0.8350895679662803,
      "rev_growth_yoy": -0.025166923472008218,
      "rev_growth_yoy_accel": -0.06029315837870416,
      "fcf_margin_change": -0.26830385727231987
    },
    {
      "date": "2023-03-31T00:00:00",
      "quarter_label": "2023-03 (Q1)",
      "revenue": 1714000000,
      "gross_profit": null,
      "operating_income": null,
      "net_income": 312000000,
      "opex": null,
      "cogs": null,
      "rd": null,
      "sga": null,
      "fcf": 718000000,
      "ocf": 718000000,
      "capex": null,
      "gross_margin": null,
      "op_margin": null,
      "fcf_margin": 0.41890315052508753,
      "rev_growth_yoy": 0.01061320754716981,
      "rev_growth_yoy_accel": 0.03578013101917803,
      "fcf_margin_change": -0.4161864174411928
    },
    {
      "date": "2023-06-30T00:00:00",
      "quarter_label": "2023-06 (Q2)",
      "revenue": 1595000000,
      "gross_profit": null,
      "operating_income": null,
      "net_income": 287000000,
      "opex": null,
      "cogs": null,
      "rd": null,
      "sga": null,
      "fcf": 582000000,
      "ocf": 582000000,
      "capex": null,
      "gross_margin": null,
      "op_margin": null,
      "fcf_margin": 0.36489028213166147,
      "rev_growth_yoy": -0.10993303571428571,
      "rev_growth_yoy_accel": -0.12054624326145552,
      "fcf_margin_change": -0.05401286839342606
    },
    {
      "date": "2023-09-30T00:00:00",
      "quarter_label": "2023-09 (Q3)",
      "revenue": 1566000000,
      "gross_profit": null,
      "operating_income": null,
      "net_income": 303000000,
      "opex": null,
      "cogs": null,
      "rd": null,
      "sga": null,
      "fcf": 566000000,
      "ocf": 566000000,
      "capex": null,
      "gross_margin": null,
      "op_margin": null,
      "fcf_margin": 0.3614303959131545,
      "rev_growth_yoy": -0.16967126193001061,
      "rev_growth_yoy_accel": -0.0597382262157249,
      "fcf_margin_change": -0.003459886218506958
    },
    {
      "date": "2023-12-31T00:00:00",
      "quarter_label": "2023-12 (Q4)",
      "revenue": 1538000000,
      "gross_profit": null,
      "operating_income": null,
      "net_income": 65000000,
      "opex": null,
      "cogs": null,
      "rd": null,
      "sga": null,
      "fcf": 1037000000,
      "ocf": 1037000000,
      "capex": null,
      "gross_margin": null,
      "op_margin": null,
      "fcf_margin": 0.6742522756827048,
      "rev_growth_yoy": -0.18967334035827185,
      "rev_growth_yoy_accel": -0.02000207842826124,
      "fcf_margin_change": 0.31282187976955034
    },
    {
      "date": "2024-03-31T00:00:00",
      "quarter_label": "2024-03 (Q1)",
      "revenue": 1533000000,
      "gross_profit": null,
      "operating_income": null,
      "net_income": 219000000,
      "opex": null,
      "cogs": null,
      "rd": null,
      "sga": null,
      "fcf": 359000000,
      "ocf": 359000000,
      "capex": null,
      "gross_margin": null,
      "op_margin": null,
      "fcf_margin": 0.23418134377038485,
      "rev_growth_yoy": -0.10560093348891482,
      "rev_growth_yoy_accel": 0.08407240686935703,
      "fcf_margin_change": -0.44007093191232
    },
    {
      "date": "2024-06-30T00:00:00",
      "quarter_label": "2024-06 (Q2)",
      "revenue": 1526000000,
      "gross_profit": null,
      "operating_income": null,
      "net_income": 274000000,
      "opex": null,
      "cogs": null,
      "rd": null,
      "sga": null,
      "fcf": -217000000,
      "ocf": -217000000,
      "capex": null,
      "gross_margin": null,
      "op_margin": null,
      "fcf_margin": -0.14220183486238533,
      "rev_growth_yoy": -0.04326018808777429,
      "rev_growth_yoy_accel": 0.06234074540114053,
      "fcf_margin_change": -0.37638317863277015
    },
    {
      "date": "2024-09-30T00:00:00",
      "quarter_label": "2024-09 (Q3)",
      "revenue": 695000000,
      "gross_profit": null,
      "operating_income": null,
      "net_income": -410000000,
      "opex": null,
      "cogs": null,
      "rd": null,
      "sga": null,
      "fcf": -1205000000,
      "ocf": -1205000000,
      "capex": null,
      "gross_margin": null,
      "op_margin": null,
      "fcf_margin": -1.7338129496402879,
      "rev_growth_yoy": -0.5561941251596424,
      "rev_growth_yoy_accel": -0.5129339370718681,
      "fcf_margin_change": -1.5916111147779026
    },
    {
      "date": "2024-12-31T00:00:00",
      "quarter_label": "2024-12 (Q4)",
      "revenue": 865000000,
      "gross_profit": null,
      "operating_income": null,
      "net_income": -244000000,
      "opex": null,
      "cogs": null,
      "rd": null,
      "sga": null,
      "fcf": 1727000000,
      "ocf": 1727000000,
      "capex": null,
      "gross_margin": null,
      "op_margin": null,
      "fcf_margin": 1.9965317919075145,
      "rev_growth_yoy": -0.4375812743823147,
      "rev_growth_yoy_accel": 0.1186128507773277,
      "fcf_margin_change": 3.7303447415478024
    },
    {
      "date": "2025-03-31T00:00:00",
      "quarter_label": "2025-03 (Q1)",
      "revenue": 1773000000,
      "gross_profit": null,
      "operating_income": null,
      "net_income": 405000000,
      "opex": null,
      "cogs": null,
      "rd": null,
      "sga": null,
      "fcf": -140000000,
      "ocf": -140000000,
      "capex": null,
      "gross_margin": null,
      "op_margin": null,
      "fcf_margin": -0.07896221094190638,
      "rev_growth_yoy": 0.15655577299412915,
      "rev_growth_yoy_accel": 0.5941370473764438,
      "fcf_margin_change": -2.075494002849421
    },
    {
      "date": "2025-06-30T00:00:00",
      "quarter_label": "2025-06 (Q2)",
      "revenue": 1840000000,
      "gross_profit": null,
      "operating_income": null,
      "net_income": 425000000,
      "opex": null,
      "cogs": null,
      "rd": null,
      "sga": null,
      "fcf": 1234000000,
      "ocf": 1234000000,
      "capex": null,
      "gross_margin": null,
      "op_margin": null,
      "fcf_margin": 0.6706521739130434,
      "rev_growth_yoy": 0.20576671035386632,
      "rev_growth_yoy_accel": 0.04921093735973717,
      "fcf_margin_change": 0.7496143848549498
    },
    {
      "date": "2025-09-30T00:00:00",
      "quarter_label": "2025-09 (Q3)",
      "revenue": 1895000000,
      "gross_profit": null,
      "operating_income": null,
      "net_income": 489000000,
      "opex": null,
      "cogs": null,
      "rd": null,
      "sga": null,
      "fcf": 396000000,
      "ocf": 396000000,
      "capex": null,
      "gross_margin": null,
      "op_margin": null,
      "fcf_margin": 0.20897097625329816,
      "rev_growth_yoy": 1.7266187050359711,
      "rev_growth_yoy_accel": 1.5208519946821049,
      "fcf_margin_change": -0.46168119765974525
    },
    {
      "date": "2025-12-31T00:00:00",
      "quarter_label": "2025-12 (Q4)",
      "revenue": 2005000000,
      "gross_profit": null,
      "operating_income": null,
      "net_income": 510000000,
      "opex": null,
      "cogs": null,
      "rd": null,
      "sga": null,
      "fcf": 718000000,
      "ocf": 718000000,
      "capex": null,
      "gross_margin": null,
      "op_margin": null,
      "fcf_margin": 0.35810473815461347,
      "rev_growth_yoy": 1.3179190751445087,
      "rev_growth_yoy_accel": -0.40869962989146247,
      "fcf_margin_change": 0.1491337619013153
    }
  ],
  "signals": [
    {
      "quarter": "2025-12 (Q4)",
      "signal": "FCF MARGIN EXPANSION",
      "detail": "FCF margin: +20.9% -> +35.8% (+14.9%)",
      "severity": "MEDIUM"
    },
    {
      "quarter": "2025-12 (Q4)",
      "signal": "YoY REVENUE GROWTH DECELERATION",
      "detail": "YoY growth: +131.8% vs prior quarter YoY: +172.7% (decel: -40.9%)",
      "severity": "WARNING"
    },
    {
      "quarter": "2025-09 (Q3)",
      "signal": "YoY REVENUE GROWTH ACCELERATION",
      "detail": "YoY growth: +172.7% vs prior quarter YoY: +20.6% (accel: +152.1%)",
      "severity": "HIGH"
    },
    {
      "quarter": "2025-06 (Q2)",
      "signal": "FCF TURNED POSITIVE",
      "detail": "FCF margin: -7.9% -> +67.1%",
      "severity": "HIGH"
    },
    {
      "quarter": "2025-03 (Q1)",
      "signal": "YoY REVENUE GROWTH ACCELERATION",
      "detail": "YoY growth: +15.7% vs prior quarter YoY: -43.8% (accel: +59.4%)",
      "severity": "HIGH"
    },
    {
      "quarter": "2024-12 (Q4)",
      "signal": "FCF TURNED POSITIVE",
      "detail": "FCF margin: -173.4% -> +199.7%",
      "severity": "HIGH"
    },
    {
      "quarter": "2024-12 (Q4)",
      "signal": "YoY REVENUE GROWTH ACCELERATION",
      "detail": "YoY growth: -43.8% vs prior quarter YoY: -55.6% (accel: +11.9%)",
      "severity": "MEDIUM"
    },
    {
      "quarter": "2024-09 (Q3)",
      "signal": "YoY REVENUE GROWTH DECELERATION",
      "detail": "YoY growth: -55.6% vs prior quarter YoY: -4.3% (decel: -51.3%)",
      "severity": "WARNING"
    },
    {
      "quarter": "2024-06 (Q2)",
      "signal": "YoY REVENUE GROWTH ACCELERATION",
      "detail": "YoY growth: -4.3% vs prior quarter YoY: -10.6% (accel: +6.2%)",
      "severity": "MEDIUM"
    },
    {
      "quarter": "2024-03 (Q1)",
      "signal": "YoY REVENUE GROWTH ACCELERATION",
      "detail": "YoY growth: -10.6% vs prior quarter YoY: -19.0% (accel: +8.4%)",
      "severity": "MEDIUM"
    },
    {
      "quarter": "2023-12 (Q4)",
      "signal": "FCF MARGIN EXPANSION",
      "detail": "FCF margin: +36.1% -> +67.4% (+31.3%)",
      "severity": "MEDIUM"
    },
    {
      "quarter": "2023-09 (Q3)",
      "signal": "YoY REVENUE GROWTH DECELERATION",
      "detail": "YoY growth: -17.0% vs prior quarter YoY: -11.0% (decel: -6.0%)",
      "severity": "WARNING"
    },
    {
      "quarter": "2023-06 (Q2)",
      "signal": "YoY REVENUE GROWTH DECELERATION",
      "detail": "YoY growth: -11.0% vs prior quarter YoY: +1.1% (decel: -12.1%)",
      "severity": "WARNING"
    },
    {
      "quarter": "2022-12 (Q4)",
      "signal": "YoY REVENUE GROWTH DECELERATION",
      "detail": "YoY growth: -2.5% vs prior quarter YoY: +3.5% (decel: -6.0%)",
      "severity": "WARNING"
    },
    {
      "quarter": "2022-09 (Q3)",
      "signal": "FCF TURNED POSITIVE",
      "detail": "FCF margin: -4.4% -> +110.3%",
      "severity": "HIGH"
    },
    {
      "quarter": "2022-03 (Q1)",
      "signal": "FCF TURNED POSITIVE",
      "detail": "FCF margin: -0.5% -> +51.9%",
      "severity": "HIGH"
    },
    {
      "quarter": "2021-09 (Q3)",
      "signal": "FCF MARGIN EXPANSION",
      "detail": "FCF margin: +25.5% -> +50.2% (+24.7%)",
      "severity": "MEDIUM"
    },
    {
      "quarter": "2021-06 (Q2)",
      "signal": "FCF TURNED POSITIVE",
      "detail": "FCF margin: -11.7% -> +25.5%",
      "severity": "HIGH"
    }
  ],
  "data_quality": {
    "n_quarters": 20,
    "coverage": {
      "revenue": [
        20,
        20
      ],
      "gross_profit": [
        0,
        20
      ],
      "op_income": [
        0,
        20
      ],
      "fcf": [
        20,
        20
      ]
    },
    "gaps": [],
    "warnings": [
      "gross_profit: no data",
      "op_income: no data"
    ]
  },
  "market_cap": null,
  "source": "SEC EDGAR",
  "last_updated": "2026-02-24T10:08:50.200395"
}