{
  "ticker": "KFRC",
  "name": "Kforce Inc",
  "quarters": [
    {
      "date": "2020-12-31T00:00:00",
      "quarter_label": "2020-12 (Q4)",
      "revenue": 354048000,
      "gross_profit": 100461000,
      "operating_income": 24188000,
      "net_income": 18285000,
      "opex": 77571000,
      "cogs": 253587000,
      "rd": null,
      "sga": 75099000,
      "fcf": 14109000,
      "ocf": 15288000,
      "capex": -1179000,
      "gross_margin": 0.2837496610629067,
      "op_margin": 0.06831842010122921,
      "fcf_margin": 0.03985052874186551
    },
    {
      "date": "2021-03-31T00:00:00",
      "quarter_label": "2021-03 (Q1)",
      "revenue": 363225000,
      "gross_profit": 98682000,
      "operating_income": 19451000,
      "net_income": 13261000,
      "opex": 80516000,
      "cogs": 264543000,
      "rd": null,
      "sga": 78029000,
      "fcf": 21076000,
      "ocf": 22426000,
      "capex": -1350000,
      "gross_margin": 0.27168284121412345,
      "op_margin": 0.053550829375731294,
      "fcf_margin": 0.058024640374423564,
      "op_leverage_ratio": 0.6827358018158282,
      "fcf_margin_change": 0.018174111632558054
    },
    {
      "date": "2021-06-30T00:00:00",
      "quarter_label": "2021-06 (Q2)",
      "revenue": 403614000,
      "gross_profit": 118931000,
      "operating_income": 33123000,
      "net_income": 21188000,
      "opex": 88920000,
      "cogs": 284683000,
      "rd": null,
      "sga": 84616000,
      "fcf": 12579000,
      "ocf": 14148000,
      "capex": -1569000,
      "gross_margin": 0.29466519991873424,
      "op_margin": 0.08206603338833639,
      "fcf_margin": 0.031165915949397195,
      "op_leverage_ratio": 1.0653284263425093,
      "fcf_margin_change": -0.02685872442502637
    },
    {
      "date": "2021-09-30T00:00:00",
      "quarter_label": "2021-09 (Q3)",
      "revenue": 402725000,
      "gross_profit": 119264000,
      "operating_income": 29266000,
      "net_income": 20168000,
      "opex": 91446000,
      "cogs": 283461000,
      "rd": null,
      "sga": 88972000,
      "fcf": 21262000,
      "ocf": 23369000,
      "capex": -2107000,
      "gross_margin": 0.29614252902104415,
      "op_margin": 0.07266993606058725,
      "fcf_margin": 0.05279533180209821,
      "fcf_margin_change": 0.021629415852701013
    },
    {
      "date": "2021-12-31T00:00:00",
      "quarter_label": "2021-12 (Q4)",
      "revenue": 410358000,
      "gross_profit": 119987000,
      "operating_income": 24803000,
      "net_income": 20560000,
      "opex": 96715000,
      "cogs": 290371000,
      "rd": null,
      "sga": 94104000,
      "fcf": 11540000,
      "ocf": 12955000,
      "capex": -1415000,
      "gross_margin": 0.29239590796329057,
      "op_margin": 0.060442345464204426,
      "fcf_margin": 0.0281217863426569,
      "incr_op_margin_yoy": 0.010921683537559936,
      "rev_growth_yoy": 0.15904623101952278,
      "op_leverage_ratio": 0.32894492246141394,
      "fcf_margin_change": -0.02467354545944131
    },
    {
      "date": "2022-03-31T00:00:00",
      "quarter_label": "2022-03 (Q1)",
      "revenue": 416967000,
      "gross_profit": 123886000,
      "operating_income": 27744000,
      "net_income": 19181000,
      "opex": 97575000,
      "cogs": 293081000,
      "rd": null,
      "sga": 95049000,
      "fcf": 36521000,
      "ocf": 38742000,
      "capex": -2221000,
      "gross_margin": 0.2971122414963294,
      "op_margin": 0.06653763966932635,
      "fcf_margin": 0.08758726709787586,
      "incr_op_margin_yoy": 0.15431133936213762,
      "rev_growth_yoy": 0.14795787734875077,
      "rev_growth_yoy_accel": -0.011088353670772017,
      "op_leverage_ratio": 1.811207601825156,
      "fcf_margin_change": 0.05946548075521896
    },
    {
      "date": "2022-06-30T00:00:00",
      "quarter_label": "2022-06 (Q2)",
      "revenue": 436516000,
      "gross_profit": 131072000,
      "operating_income": 33849000,
      "net_income": 26916000,
      "opex": 94551000,
      "cogs": 305444000,
      "rd": null,
      "sga": 96147000,
      "fcf": 30781000,
      "ocf": 32018000,
      "capex": -1237000,
      "gross_margin": 0.30026848958571967,
      "op_margin": 0.07754354937734241,
      "fcf_margin": 0.07051517011976652,
      "incr_op_margin_yoy": 0.022065527931432738,
      "rev_growth_yoy": 0.08151848052842567,
      "rev_growth_yoy_accel": -0.0664393968203251,
      "op_leverage_ratio": Infinity,
      "fcf_margin_change": -0.01707209697810934
    },
    {
      "date": "2022-09-30T00:00:00",
      "quarter_label": "2022-09 (Q3)",
      "revenue": 437620000,
      "gross_profit": 126670000,
      "operating_income": 31319000,
      "net_income": 22262000,
      "opex": 96257000,
      "cogs": 310950000,
      "rd": null,
      "sga": 94306000,
      "fcf": 6105000,
      "ocf": 7303000,
      "capex": -1198000,
      "gross_margin": 0.2894520360129793,
      "op_margin": 0.07156665600292492,
      "fcf_margin": 0.013950459302591289,
      "incr_op_margin_yoy": 0.05883364378850838,
      "rev_growth_yoy": 0.08664721584207585,
      "rev_growth_yoy_accel": 0.0051287353136501845,
      "fcf_margin_change": -0.05656471081717523
    },
    {
      "date": "2022-12-31T00:00:00",
      "quarter_label": "2022-12 (Q4)",
      "revenue": 419662000,
      "gross_profit": 119479000,
      "operating_income": 23953000,
      "net_income": 7072000,
      "opex": 110282000,
      "cogs": 300183000,
      "rd": null,
      "sga": 94313000,
      "fcf": 9289000,
      "ocf": 12742000,
      "capex": -3453000,
      "gross_margin": 0.2847029275941115,
      "op_margin": 0.05707688568419347,
      "fcf_margin": 0.022134479652672866,
      "incr_op_margin_yoy": -0.0913585554600172,
      "rev_growth_yoy": 0.022672885626696688,
      "rev_growth_yoy_accel": -0.06397433021537917,
      "fcf_margin_change": 0.008184020350081577
    },
    {
      "date": "2023-03-31T00:00:00",
      "quarter_label": "2023-03 (Q1)",
      "revenue": 405997000,
      "gross_profit": 113976000,
      "operating_income": 23403000,
      "net_income": 16210000,
      "opex": 91618000,
      "cogs": 292021000,
      "rd": null,
      "sga": 89339000,
      "fcf": 17184000,
      "ocf": 19056000,
      "capex": -1872000,
      "gross_margin": 0.28073113840742664,
      "op_margin": 0.05764328307844639,
      "fcf_margin": 0.04232543590223573,
      "incr_op_margin_yoy": 0.3957155879671832,
      "rev_growth_yoy": -0.026309036446529342,
      "rev_growth_yoy_accel": -0.048981922073226034,
      "fcf_margin_change": 0.020190956249562866
    },
    {
      "date": "2023-06-30T00:00:00",
      "quarter_label": "2023-06 (Q2)",
      "revenue": 389190000,
      "gross_profit": 110266000,
      "operating_income": 25933000,
      "net_income": 18574000,
      "opex": 84646000,
      "cogs": 278924000,
      "rd": null,
      "sga": 82993000,
      "fcf": 18297000,
      "ocf": 21375000,
      "capex": -3078000,
      "gross_margin": 0.28332177085742183,
      "op_margin": 0.06663326395847786,
      "fcf_margin": 0.04701302705619363,
      "incr_op_margin_yoy": 0.16726535096986858,
      "rev_growth_yoy": -0.10841756086833014,
      "rev_growth_yoy_accel": -0.0821085244218008,
      "fcf_margin_change": 0.0046875911539579
    },
    {
      "date": "2023-09-30T00:00:00",
      "quarter_label": "2023-09 (Q3)",
      "revenue": 373122000,
      "gross_profit": 103461000,
      "operating_income": 16033000,
      "net_income": 10575000,
      "opex": 87609000,
      "cogs": 269661000,
      "rd": null,
      "sga": 86226000,
      "fcf": 27499000,
      "ocf": 28625000,
      "capex": -1126000,
      "gross_margin": 0.2772846414845547,
      "op_margin": 0.04296985972416529,
      "fcf_margin": 0.07369975503990651,
      "incr_op_margin_yoy": 0.23699959688672517,
      "rev_growth_yoy": -0.1473835747909145,
      "rev_growth_yoy_accel": -0.03896601392258435,
      "fcf_margin_change": 0.026686727983712882
    },
    {
      "date": "2023-12-31T00:00:00",
      "quarter_label": "2023-12 (Q4)",
      "revenue": 363447000,
      "gross_profit": 99363000,
      "operating_income": 21752000,
      "net_income": 15716000,
      "opex": 77943000,
      "cogs": 264084000,
      "rd": null,
      "sga": 76375000,
      "fcf": 20722000,
      "ocf": 22409000,
      "capex": -1687000,
      "gross_margin": 0.2733906181644091,
      "op_margin": 0.05984916645343062,
      "fcf_margin": 0.05701519066053647,
      "incr_op_margin_yoy": 0.03915325091167838,
      "rev_growth_yoy": -0.13395303839756756,
      "rev_growth_yoy_accel": 0.013430536393346931,
      "fcf_margin_change": -0.01668456437937004
    },
    {
      "date": "2024-03-31T00:00:00",
      "quarter_label": "2024-03 (Q1)",
      "revenue": 351889000,
      "gross_profit": 95250000,
      "operating_income": 15727000,
      "net_income": 10987000,
      "opex": 80179000,
      "cogs": 256639000,
      "rd": null,
      "sga": 78190000,
      "fcf": 11294000,
      "ocf": 13169000,
      "capex": -1875000,
      "gross_margin": 0.27068194800064793,
      "op_margin": 0.04469307082631171,
      "fcf_margin": 0.03209534824902171,
      "incr_op_margin_yoy": 0.1418644193095291,
      "rev_growth_yoy": -0.1332719207284783,
      "rev_growth_yoy_accel": 0.0006811176690892651,
      "fcf_margin_change": -0.024919842411514764
    },
    {
      "date": "2024-06-30T00:00:00",
      "quarter_label": "2024-06 (Q2)",
      "revenue": 356318000,
      "gross_profit": 98973000,
      "operating_income": 19700000,
      "net_income": 14157000,
      "opex": 79777000,
      "cogs": 257345000,
      "rd": null,
      "sga": 77718000,
      "fcf": 17832000,
      "ocf": 20936000,
      "capex": -3104000,
      "gross_margin": 0.27776592818774243,
      "op_margin": 0.055287692454492894,
      "fcf_margin": 0.05004518435779276,
      "incr_op_margin_yoy": 0.1896142613774641,
      "rev_growth_yoy": -0.084462601814024,
      "rev_growth_yoy_accel": 0.048809318914454294,
      "op_leverage_ratio": Infinity,
      "fcf_margin_change": 0.01794983610877105
    },
    {
      "date": "2024-09-30T00:00:00",
      "quarter_label": "2024-09 (Q3)",
      "revenue": 353319000,
      "gross_profit": 98567000,
      "operating_income": 18716000,
      "net_income": 14209000,
      "opex": 80280000,
      "cogs": 254752000,
      "rd": null,
      "sga": 78308000,
      "fcf": 27457000,
      "ocf": 30979000,
      "capex": -3522000,
      "gross_margin": 0.2789745244382555,
      "op_margin": 0.05297196018329046,
      "fcf_margin": 0.07771164301948098,
      "incr_op_margin_yoy": -0.13548452254708881,
      "rev_growth_yoy": -0.05307379355813916,
      "rev_growth_yoy_accel": 0.03138880825588484,
      "fcf_margin_change": 0.027666458661688223
    },
    {
      "date": "2024-12-31T00:00:00",
      "quarter_label": "2024-12 (Q4)",
      "revenue": 343782000,
      "gross_profit": 92655000,
      "operating_income": 15578000,
      "net_income": 11061000,
      "opex": 77077000,
      "cogs": 251127000,
      "rd": null,
      "sga": 75586000,
      "fcf": 22718000,
      "ocf": 21790000,
      "capex": 928000,
      "gross_margin": 0.2695167286245353,
      "op_margin": 0.04531359989760953,
      "fcf_margin": 0.06608257558569093,
      "incr_op_margin_yoy": 0.3139588100686499,
      "rev_growth_yoy": -0.05410692618180918,
      "rev_growth_yoy_accel": -0.0010331326236700175,
      "fcf_margin_change": -0.011629067433790052
    },
    {
      "date": "2025-03-31T00:00:00",
      "quarter_label": "2025-03 (Q1)",
      "revenue": 330028000,
      "gross_profit": 88260000,
      "operating_income": 11631000,
      "net_income": 8145000,
      "opex": 76629000,
      "cogs": 241768000,
      "rd": null,
      "sga": 75165000,
      "fcf": -3900000,
      "ocf": 249000,
      "capex": -4149000,
      "gross_margin": 0.2674318542669107,
      "op_margin": 0.03524246427575842,
      "fcf_margin": -0.011817179148435891,
      "incr_op_margin_yoy": 0.1873656282878185,
      "rev_growth_yoy": -0.062124704097030595,
      "rev_growth_yoy_accel": -0.008017777915221416,
      "fcf_margin_change": -0.07789975473412682
    },
    {
      "date": "2025-06-30T00:00:00",
      "quarter_label": "2025-06 (Q2)",
      "revenue": 334316000,
      "gross_profit": 90648000,
      "operating_income": 14888000,
      "net_income": 10449000,
      "opex": 75760000,
      "cogs": 243668000,
      "rd": null,
      "sga": 74370000,
      "fcf": 14224000,
      "ocf": 18365000,
      "capex": -4141000,
      "gross_margin": 0.2711446655260293,
      "op_margin": 0.04453271754866653,
      "fcf_margin": 0.04254657270366958,
      "incr_op_margin_yoy": 0.21870739023725116,
      "rev_growth_yoy": -0.061748213674302166,
      "rev_growth_yoy_accel": 0.0003764904227284288,
      "op_leverage_ratio": Infinity,
      "fcf_margin_change": 0.05436375185210547
    },
    {
      "date": "2025-09-30T00:00:00",
      "quarter_label": "2025-09 (Q3)",
      "revenue": 332645000,
      "gross_profit": 92257000,
      "operating_income": 15002000,
      "net_income": 11068000,
      "opex": 77255000,
      "cogs": 240388000,
      "rd": null,
      "sga": 75884000,
      "fcf": 19815000,
      "ocf": 23323000,
      "capex": -3508000,
      "gross_margin": 0.2773437147710021,
      "op_margin": 0.04509912970283636,
      "fcf_margin": 0.05956800793638864,
      "incr_op_margin_yoy": 0.1796459320886137,
      "rev_growth_yoy": -0.05851369442345303,
      "rev_growth_yoy_accel": 0.0032345192508491383,
      "fcf_margin_change": 0.01702143523271906
    }
  ],
  "signals": [
    {
      "quarter": "2025-09 (Q3)",
      "signal": "INCREMENTAL MARGIN (YoY)",
      "detail": "YoY Incr OPM: +18.0% vs year-ago OPM: +5.3%",
      "severity": "MEDIUM"
    },
    {
      "quarter": "2025-06 (Q2)",
      "signal": "FCF TURNED POSITIVE",
      "detail": "FCF margin: -1.2% -> +4.3%",
      "severity": "HIGH"
    },
    {
      "quarter": "2025-06 (Q2)",
      "signal": "INCREMENTAL MARGIN (YoY)",
      "detail": "YoY Incr OPM: +21.9% vs year-ago OPM: +5.5%",
      "severity": "MEDIUM"
    },
    {
      "quarter": "2025-03 (Q1)",
      "signal": "INCREMENTAL MARGIN (YoY)",
      "detail": "YoY Incr OPM: +18.7% vs year-ago OPM: +4.5%",
      "severity": "MEDIUM"
    },
    {
      "quarter": "2024-12 (Q4)",
      "signal": "INCREMENTAL MARGIN (YoY)",
      "detail": "YoY Incr OPM: +31.4% vs year-ago OPM: +6.0%",
      "severity": "HIGH"
    },
    {
      "quarter": "2024-06 (Q2)",
      "signal": "INCREMENTAL MARGIN (YoY)",
      "detail": "YoY Incr OPM: +19.0% vs year-ago OPM: +6.7%",
      "severity": "MEDIUM"
    },
    {
      "quarter": "2023-09 (Q3)",
      "signal": "INCREMENTAL MARGIN (YoY)",
      "detail": "YoY Incr OPM: +23.7% vs year-ago OPM: +7.2%",
      "severity": "MEDIUM"
    },
    {
      "quarter": "2023-06 (Q2)",
      "signal": "YoY REVENUE GROWTH DECELERATION",
      "detail": "YoY growth: -10.8% vs prior quarter YoY: -2.6% (decel: -8.2%)",
      "severity": "WARNING"
    },
    {
      "quarter": "2023-03 (Q1)",
      "signal": "INCREMENTAL MARGIN (YoY)",
      "detail": "YoY Incr OPM: +39.6% vs year-ago OPM: +6.7%",
      "severity": "HIGH"
    },
    {
      "quarter": "2022-12 (Q4)",
      "signal": "YoY REVENUE GROWTH DECELERATION",
      "detail": "YoY growth: +2.3% vs prior quarter YoY: +8.7% (decel: -6.4%)",
      "severity": "WARNING"
    },
    {
      "quarter": "2022-06 (Q2)",
      "signal": "YoY REVENUE GROWTH DECELERATION",
      "detail": "YoY growth: +8.2% vs prior quarter YoY: +14.8% (decel: -6.6%)",
      "severity": "WARNING"
    },
    {
      "quarter": "2022-03 (Q1)",
      "signal": "FCF MARGIN EXPANSION",
      "detail": "FCF margin: +2.8% -> +8.8% (+5.9%)",
      "severity": "MEDIUM"
    },
    {
      "quarter": "2022-03 (Q1)",
      "signal": "OPERATING LEVERAGE",
      "detail": "Rev growth +1.6% vs OpEx growth +0.9% (leverage: 1.8x)",
      "severity": "MEDIUM"
    },
    {
      "quarter": "2022-03 (Q1)",
      "signal": "INCREMENTAL MARGIN (YoY)",
      "detail": "YoY Incr OPM: +15.4% vs year-ago OPM: +5.4%",
      "severity": "MEDIUM"
    },
    {
      "quarter": "2021-06 (Q2)",
      "signal": "GROSS MARGIN INFLECTION",
      "detail": "GM: +28.4% -> +27.2% -> +29.5% (reversal +2.3%)",
      "severity": "MEDIUM"
    }
  ],
  "data_quality": {
    "n_quarters": 20,
    "coverage": {
      "revenue": [
        20,
        20
      ],
      "gross_profit": [
        20,
        20
      ],
      "op_income": [
        20,
        20
      ],
      "fcf": [
        20,
        20
      ]
    },
    "gaps": [],
    "warnings": []
  },
  "market_cap": null,
  "source": "SEC EDGAR",
  "last_updated": "2026-02-02T22:16:27.116826",
  "sector": "Industrials",
  "industry": "Staffing & Employment Services"
}