{
  "ticker": "KFS",
  "name": "KINGSWAY FINANCIAL SERVICES INC",
  "quarters": [
    {
      "date": "2020-12-31T00:00:00",
      "quarter_label": "2020-12 (Q4)",
      "revenue": 17399000,
      "gross_profit": null,
      "operating_income": -2703000,
      "net_income": null,
      "opex": 20102000,
      "cogs": null,
      "rd": null,
      "sga": null,
      "fcf": 1197000,
      "ocf": 1264000,
      "capex": -67000,
      "gross_margin": null,
      "op_margin": -0.15535375596298637,
      "fcf_margin": 0.0687970573021438
    },
    {
      "date": "2021-03-31T00:00:00",
      "quarter_label": "2021-03 (Q1)",
      "revenue": 22020000,
      "gross_profit": null,
      "operating_income": 927000,
      "net_income": null,
      "opex": 21093000,
      "cogs": null,
      "rd": null,
      "sga": null,
      "fcf": -2097000,
      "ocf": -1869000,
      "capex": -228000,
      "gross_margin": null,
      "op_margin": 0.04209809264305177,
      "fcf_margin": -0.0952316076294278,
      "op_leverage_ratio": 5.387376091125085,
      "fcf_margin_change": -0.1640286649315716
    },
    {
      "date": "2021-06-30T00:00:00",
      "quarter_label": "2021-06 (Q2)",
      "revenue": 22096000,
      "gross_profit": null,
      "operating_income": 778000,
      "net_income": null,
      "opex": 21318000,
      "cogs": null,
      "rd": null,
      "sga": null,
      "fcf": -9917000,
      "ocf": -9639000,
      "capex": -278000,
      "gross_margin": null,
      "op_margin": 0.035209992758870386,
      "fcf_margin": -0.44881426502534394,
      "fcf_margin_change": -0.35358265739591616
    },
    {
      "date": "2021-09-30T00:00:00",
      "quarter_label": "2021-09 (Q3)",
      "revenue": 20968000,
      "gross_profit": null,
      "operating_income": -114000,
      "net_income": null,
      "opex": 21082000,
      "cogs": null,
      "rd": null,
      "sga": null,
      "fcf": 3281000,
      "ocf": 3464000,
      "capex": -183000,
      "gross_margin": null,
      "op_margin": -0.005436856161770317,
      "fcf_margin": 0.1564765356734071,
      "fcf_margin_change": 0.6052908006987511
    },
    {
      "date": "2021-12-31T00:00:00",
      "quarter_label": "2021-12 (Q4)",
      "revenue": 26787000,
      "gross_profit": null,
      "operating_income": 1753000,
      "net_income": null,
      "opex": 25034000,
      "cogs": null,
      "rd": null,
      "sga": null,
      "fcf": 1995000,
      "ocf": 2136000,
      "capex": -141000,
      "gross_margin": null,
      "op_margin": 0.06544219210811214,
      "fcf_margin": 0.07447642513159368,
      "incr_op_margin_yoy": 0.47464848743076266,
      "rev_growth_yoy": 0.5395712397264211,
      "op_leverage_ratio": 1.4804243588070196,
      "fcf_margin_change": -0.08200011054181343
    },
    {
      "date": "2022-03-31T00:00:00",
      "quarter_label": "2022-03 (Q1)",
      "revenue": 26123000,
      "gross_profit": null,
      "operating_income": 799000,
      "net_income": null,
      "opex": 25324000,
      "cogs": null,
      "rd": null,
      "sga": null,
      "fcf": 3729000,
      "ocf": 3841000,
      "capex": -112000,
      "gross_margin": null,
      "op_margin": 0.030586073575010527,
      "fcf_margin": 0.1427477701642231,
      "incr_op_margin_yoy": -0.03119668535218133,
      "rev_growth_yoy": 0.186330608537693,
      "rev_growth_yoy_accel": -0.35324063118872806,
      "fcf_margin_change": 0.06827134503262942
    },
    {
      "date": "2022-06-30T00:00:00",
      "quarter_label": "2022-06 (Q2)",
      "revenue": 27223000,
      "gross_profit": null,
      "operating_income": 2377000,
      "net_income": null,
      "opex": 24846000,
      "cogs": null,
      "rd": null,
      "sga": null,
      "fcf": 2340000,
      "ocf": 2405000,
      "capex": -65000,
      "gross_margin": null,
      "op_margin": 0.08731587260772142,
      "fcf_margin": 0.08595672776696175,
      "incr_op_margin_yoy": 0.31187829139847867,
      "rev_growth_yoy": 0.2320329471397538,
      "rev_growth_yoy_accel": 0.0457023386020608,
      "op_leverage_ratio": Infinity,
      "fcf_margin_change": -0.05679104239726135
    },
    {
      "date": "2022-09-30T00:00:00",
      "quarter_label": "2022-09 (Q3)",
      "revenue": 26029000,
      "gross_profit": null,
      "operating_income": -3404000,
      "net_income": null,
      "opex": 29433000,
      "cogs": null,
      "rd": null,
      "sga": null,
      "fcf": 3097000,
      "ocf": 3097000,
      "capex": null,
      "gross_margin": null,
      "op_margin": -0.130777210034961,
      "fcf_margin": 0.11898267317223098,
      "incr_op_margin_yoy": -0.6500691562932227,
      "rev_growth_yoy": 0.24136779855017168,
      "rev_growth_yoy_accel": 0.009334851410417871,
      "fcf_margin_change": 0.03302594540526922
    },
    {
      "date": "2022-12-31T00:00:00",
      "quarter_label": "2022-12 (Q4)",
      "revenue": 13905000,
      "gross_profit": null,
      "operating_income": -3345000,
      "net_income": null,
      "opex": 17250000,
      "cogs": null,
      "rd": null,
      "sga": null,
      "fcf": -23917000,
      "ocf": -23917000,
      "capex": null,
      "gross_margin": null,
      "op_margin": -0.2405609492988134,
      "fcf_margin": -1.7200287666307084,
      "incr_op_margin_yoy": 0.39574600217357553,
      "rev_growth_yoy": -0.4809049165640049,
      "rev_growth_yoy_accel": -0.7222727151141766,
      "fcf_margin_change": -1.8390114398029394
    },
    {
      "date": "2023-03-31T00:00:00",
      "quarter_label": "2023-03 (Q1)",
      "revenue": 26389000,
      "gross_profit": null,
      "operating_income": 514000,
      "net_income": null,
      "opex": 25875000,
      "cogs": null,
      "rd": null,
      "sga": null,
      "fcf": -22787000,
      "ocf": -22787000,
      "capex": null,
      "gross_margin": null,
      "op_margin": 0.01947781272499905,
      "fcf_margin": -0.8635037326158627,
      "rev_growth_yoy": 0.010182597710829537,
      "rev_growth_yoy_accel": 0.49108751427483444,
      "op_leverage_ratio": 1.7956130888169723,
      "fcf_margin_change": 0.8565250340148457
    },
    {
      "date": "2023-06-30T00:00:00",
      "quarter_label": "2023-06 (Q2)",
      "revenue": 26197000,
      "gross_profit": null,
      "operating_income": 393000,
      "net_income": null,
      "opex": 25804000,
      "cogs": null,
      "rd": null,
      "sga": null,
      "fcf": -1636000,
      "ocf": -1636000,
      "capex": null,
      "gross_margin": null,
      "op_margin": 0.01500171775394129,
      "fcf_margin": -0.062449898843379016,
      "incr_op_margin_yoy": 1.9337231968810915,
      "rev_growth_yoy": -0.0376887190978217,
      "rev_growth_yoy_accel": -0.04787131680865123,
      "fcf_margin_change": 0.8010538337724836
    },
    {
      "date": "2023-09-30T00:00:00",
      "quarter_label": "2023-09 (Q3)",
      "revenue": 24790000,
      "gross_profit": null,
      "operating_income": -208000,
      "net_income": null,
      "opex": 24998000,
      "cogs": null,
      "rd": null,
      "sga": null,
      "fcf": -835000,
      "ocf": -835000,
      "capex": null,
      "gross_margin": null,
      "op_margin": -0.008390480032271077,
      "fcf_margin": -0.033682936668011296,
      "incr_op_margin_yoy": -2.579499596448749,
      "rev_growth_yoy": -0.04760075300626224,
      "rev_growth_yoy_accel": -0.009912033908440546,
      "fcf_margin_change": 0.02876696217536772
    },
    {
      "date": "2023-12-31T00:00:00",
      "quarter_label": "2023-12 (Q4)",
      "revenue": 25868000,
      "gross_profit": null,
      "operating_income": -119000,
      "net_income": null,
      "opex": 25987000,
      "cogs": null,
      "rd": null,
      "sga": null,
      "fcf": -928000,
      "ocf": -928000,
      "capex": null,
      "gross_margin": null,
      "op_margin": -0.004600278336168238,
      "fcf_margin": -0.03587443946188341,
      "incr_op_margin_yoy": 0.2696647997993814,
      "rev_growth_yoy": 0.8603380079108235,
      "rev_growth_yoy_accel": 0.9079387609170857,
      "op_leverage_ratio": 1.0991354271736988,
      "fcf_margin_change": -0.002191502793872112
    },
    {
      "date": "2024-03-31T00:00:00",
      "quarter_label": "2024-03 (Q1)",
      "revenue": 26160000,
      "gross_profit": null,
      "operating_income": 767000,
      "net_income": null,
      "opex": 25393000,
      "cogs": null,
      "rd": null,
      "sga": null,
      "fcf": 249000,
      "ocf": 249000,
      "capex": null,
      "gross_margin": null,
      "op_margin": 0.029319571865443424,
      "fcf_margin": 0.009518348623853212,
      "rev_growth_yoy": -0.008677858198491796,
      "rev_growth_yoy_accel": -0.8690158661093152,
      "op_leverage_ratio": Infinity,
      "fcf_margin_change": 0.045392788085736616
    },
    {
      "date": "2024-06-30T00:00:00",
      "quarter_label": "2024-06 (Q2)",
      "revenue": 26446000,
      "gross_profit": null,
      "operating_income": 126000,
      "net_income": null,
      "opex": 26320000,
      "cogs": null,
      "rd": null,
      "sga": null,
      "fcf": 557000,
      "ocf": 557000,
      "capex": null,
      "gross_margin": null,
      "op_margin": 0.004764425622022234,
      "fcf_margin": 0.02106178628147924,
      "rev_growth_yoy": 0.00950490514181013,
      "rev_growth_yoy_accel": 0.018182763340301927,
      "op_leverage_ratio": 0.29947637804367117,
      "fcf_margin_change": 0.01154343765762603
    },
    {
      "date": "2024-09-30T00:00:00",
      "quarter_label": "2024-09 (Q3)",
      "revenue": 27136000,
      "gross_profit": null,
      "operating_income": -672000,
      "net_income": null,
      "opex": 27808000,
      "cogs": null,
      "rd": null,
      "sga": null,
      "fcf": 368000,
      "ocf": 368000,
      "capex": null,
      "gross_margin": null,
      "op_margin": -0.024764150943396228,
      "fcf_margin": 0.013561320754716982,
      "incr_op_margin_yoy": -0.1977834612105712,
      "rev_growth_yoy": 0.0946349334409036,
      "rev_growth_yoy_accel": 0.08513002829909347,
      "op_leverage_ratio": 0.4615003671510784,
      "fcf_margin_change": -0.00750046552676226
    },
    {
      "date": "2024-12-31T00:00:00",
      "quarter_label": "2024-12 (Q4)",
      "revenue": 29640000,
      "gross_profit": null,
      "operating_income": 1788000,
      "net_income": null,
      "opex": 27852000,
      "cogs": null,
      "rd": null,
      "sga": null,
      "fcf": -107000,
      "ocf": -107000,
      "capex": null,
      "gross_margin": null,
      "op_margin": 0.06032388663967611,
      "fcf_margin": -0.003609986504723347,
      "incr_op_margin_yoy": 0.5055673382820784,
      "rev_growth_yoy": 0.1458172259161899,
      "rev_growth_yoy_accel": 0.0511822924752863,
      "op_leverage_ratio": 58.318396226415096,
      "fcf_margin_change": -0.017171307259440327
    },
    {
      "date": "2025-03-31T00:00:00",
      "quarter_label": "2025-03 (Q1)",
      "revenue": 28349000,
      "gross_profit": null,
      "operating_income": -714000,
      "net_income": null,
      "opex": 29063000,
      "cogs": null,
      "rd": null,
      "sga": null,
      "fcf": -1798000,
      "ocf": -1798000,
      "capex": null,
      "gross_margin": null,
      "op_margin": -0.025186073582842427,
      "fcf_margin": -0.06342375392430068,
      "incr_op_margin_yoy": -0.676564641388762,
      "rev_growth_yoy": 0.08367737003058104,
      "rev_growth_yoy_accel": -0.06213985588560886,
      "fcf_margin_change": -0.05981376741957733
    },
    {
      "date": "2025-06-30T00:00:00",
      "quarter_label": "2025-06 (Q2)",
      "revenue": 30919000,
      "gross_profit": null,
      "operating_income": -1126000,
      "net_income": null,
      "opex": 32045000,
      "cogs": null,
      "rd": null,
      "sga": null,
      "fcf": 337000,
      "ocf": 337000,
      "capex": null,
      "gross_margin": null,
      "op_margin": -0.036417736666774475,
      "fcf_margin": 0.010899446942009767,
      "incr_op_margin_yoy": -0.27990163201430807,
      "rev_growth_yoy": 0.16913710958178932,
      "rev_growth_yoy_accel": 0.08545973955120828,
      "op_leverage_ratio": 0.8835440003715308,
      "fcf_margin_change": 0.07432320086631045
    },
    {
      "date": "2025-09-30T00:00:00",
      "quarter_label": "2025-09 (Q3)",
      "revenue": 37173000,
      "gross_profit": null,
      "operating_income": -865000,
      "net_income": null,
      "opex": 38038000,
      "cogs": null,
      "rd": null,
      "sga": null,
      "fcf": 1468000,
      "ocf": 1468000,
      "capex": null,
      "gross_margin": null,
      "op_margin": -0.02326957738143276,
      "fcf_margin": 0.03949102843461652,
      "incr_op_margin_yoy": -0.019228853243000898,
      "rev_growth_yoy": 0.36987765330188677,
      "rev_growth_yoy_accel": 0.20074054372009745,
      "op_leverage_ratio": 1.0815545678481573,
      "fcf_margin_change": 0.028591581492606752
    }
  ],
  "signals": [
    {
      "quarter": "2025-09 (Q3)",
      "signal": "YoY REVENUE GROWTH ACCELERATION",
      "detail": "YoY growth: +37.0% vs prior quarter YoY: +16.9% (accel: +20.1%)",
      "severity": "HIGH"
    },
    {
      "quarter": "2025-06 (Q2)",
      "signal": "FCF TURNED POSITIVE",
      "detail": "FCF margin: -6.3% -> +1.1%",
      "severity": "HIGH"
    },
    {
      "quarter": "2025-06 (Q2)",
      "signal": "YoY REVENUE GROWTH ACCELERATION",
      "detail": "YoY growth: +16.9% vs prior quarter YoY: +8.4% (accel: +8.5%)",
      "severity": "MEDIUM"
    },
    {
      "quarter": "2025-03 (Q1)",
      "signal": "YoY REVENUE GROWTH DECELERATION",
      "detail": "YoY growth: +8.4% vs prior quarter YoY: +14.6% (decel: -6.2%)",
      "severity": "WARNING"
    },
    {
      "quarter": "2024-12 (Q4)",
      "signal": "OPERATING LEVERAGE",
      "detail": "Rev growth +9.2% vs OpEx growth +0.2% (leverage: 58.3x)",
      "severity": "MEDIUM"
    },
    {
      "quarter": "2024-12 (Q4)",
      "signal": "YoY REVENUE GROWTH ACCELERATION",
      "detail": "YoY growth: +14.6% vs prior quarter YoY: +9.5% (accel: +5.1%)",
      "severity": "MEDIUM"
    },
    {
      "quarter": "2024-12 (Q4)",
      "signal": "OP MARGIN TURNED POSITIVE (YoY)",
      "detail": "Op margin: -0.5% (year-ago) -> +6.0%",
      "severity": "HIGH"
    },
    {
      "quarter": "2024-12 (Q4)",
      "signal": "OP MARGIN TURNED POSITIVE (QoQ)",
      "detail": "Op margin: -2.5% -> +6.0%",
      "severity": "HIGH"
    },
    {
      "quarter": "2024-09 (Q3)",
      "signal": "YoY REVENUE GROWTH ACCELERATION",
      "detail": "YoY growth: +9.5% vs prior quarter YoY: +1.0% (accel: +8.5%)",
      "severity": "MEDIUM"
    },
    {
      "quarter": "2024-03 (Q1)",
      "signal": "FCF TURNED POSITIVE",
      "detail": "FCF margin: -3.6% -> +1.0%",
      "severity": "HIGH"
    },
    {
      "quarter": "2024-03 (Q1)",
      "signal": "YoY REVENUE GROWTH DECELERATION",
      "detail": "YoY growth: -0.9% vs prior quarter YoY: +86.0% (decel: -86.9%)",
      "severity": "WARNING"
    },
    {
      "quarter": "2024-03 (Q1)",
      "signal": "OP MARGIN TURNED POSITIVE (QoQ)",
      "detail": "Op margin: -0.5% -> +2.9%",
      "severity": "HIGH"
    },
    {
      "quarter": "2023-12 (Q4)",
      "signal": "YoY REVENUE GROWTH ACCELERATION",
      "detail": "YoY growth: +86.0% vs prior quarter YoY: -4.8% (accel: +90.8%)",
      "severity": "HIGH"
    },
    {
      "quarter": "2023-06 (Q2)",
      "signal": "FCF MARGIN EXPANSION",
      "detail": "FCF margin: -86.4% -> -6.2% (+80.1%)",
      "severity": "MEDIUM"
    },
    {
      "quarter": "2023-06 (Q2)",
      "signal": "INCREMENTAL MARGIN (YoY)",
      "detail": "YoY Incr OPM: +193.4% vs year-ago OPM: +8.7%",
      "severity": "HIGH"
    },
    {
      "quarter": "2023-03 (Q1)",
      "signal": "FCF MARGIN EXPANSION",
      "detail": "FCF margin: -172.0% -> -86.4% (+85.7%)",
      "severity": "MEDIUM"
    },
    {
      "quarter": "2023-03 (Q1)",
      "signal": "OPERATING LEVERAGE",
      "detail": "Rev growth +89.8% vs OpEx growth +50.0% (leverage: 1.8x)",
      "severity": "MEDIUM"
    },
    {
      "quarter": "2023-03 (Q1)",
      "signal": "YoY REVENUE GROWTH ACCELERATION",
      "detail": "YoY growth: +1.0% vs prior quarter YoY: -48.1% (accel: +49.1%)",
      "severity": "HIGH"
    },
    {
      "quarter": "2023-03 (Q1)",
      "signal": "OP MARGIN TURNED POSITIVE (QoQ)",
      "detail": "Op margin: -24.1% -> +1.9%",
      "severity": "HIGH"
    },
    {
      "quarter": "2022-12 (Q4)",
      "signal": "YoY REVENUE GROWTH DECELERATION",
      "detail": "YoY growth: -48.1% vs prior quarter YoY: +24.1% (decel: -72.2%)",
      "severity": "WARNING"
    },
    {
      "quarter": "2022-06 (Q2)",
      "signal": "INCREMENTAL MARGIN (YoY)",
      "detail": "YoY Incr OPM: +31.2% vs year-ago OPM: +3.5%",
      "severity": "HIGH"
    },
    {
      "quarter": "2022-03 (Q1)",
      "signal": "FCF MARGIN EXPANSION",
      "detail": "FCF margin: +7.4% -> +14.3% (+6.8%)",
      "severity": "MEDIUM"
    },
    {
      "quarter": "2022-03 (Q1)",
      "signal": "YoY REVENUE GROWTH DECELERATION",
      "detail": "YoY growth: +18.6% vs prior quarter YoY: +54.0% (decel: -35.3%)",
      "severity": "WARNING"
    },
    {
      "quarter": "2021-12 (Q4)",
      "signal": "OP MARGIN TURNED POSITIVE (YoY)",
      "detail": "Op margin: -15.5% (year-ago) -> +6.5%",
      "severity": "HIGH"
    },
    {
      "quarter": "2021-12 (Q4)",
      "signal": "OP MARGIN TURNED POSITIVE (QoQ)",
      "detail": "Op margin: -0.5% -> +6.5%",
      "severity": "HIGH"
    },
    {
      "quarter": "2021-09 (Q3)",
      "signal": "FCF TURNED POSITIVE",
      "detail": "FCF margin: -44.9% -> +15.6%",
      "severity": "HIGH"
    },
    {
      "quarter": "2021-03 (Q1)",
      "signal": "OPERATING LEVERAGE",
      "detail": "Rev growth +26.6% vs OpEx growth +4.9% (leverage: 5.4x)",
      "severity": "MEDIUM"
    },
    {
      "quarter": "2021-03 (Q1)",
      "signal": "OP MARGIN TURNED POSITIVE (QoQ)",
      "detail": "Op margin: -15.5% -> +4.2%",
      "severity": "HIGH"
    }
  ],
  "data_quality": {
    "n_quarters": 20,
    "coverage": {
      "revenue": [
        20,
        20
      ],
      "gross_profit": [
        0,
        20
      ],
      "op_income": [
        20,
        20
      ],
      "fcf": [
        20,
        20
      ]
    },
    "gaps": [],
    "warnings": [
      "gross_profit: no data"
    ]
  },
  "market_cap": null,
  "source": "SEC EDGAR",
  "last_updated": "2026-02-02T22:36:15.119123",
  "sector": "Consumer Cyclical",
  "industry": "Auto & Truck Dealerships"
}