{
  "ticker": "KFY",
  "name": "KORN FERRY",
  "quarters": [
    {
      "date": "2021-01-31T00:00:00",
      "quarter_label": "2021-01 (Q1)",
      "revenue": 477880000,
      "gross_profit": null,
      "operating_income": 65155000,
      "net_income": 51319000,
      "opex": 412725000,
      "cogs": null,
      "rd": null,
      "sga": null,
      "fcf": 138842000,
      "ocf": 146355000,
      "capex": -7513000,
      "gross_margin": null,
      "op_margin": 0.1363417594375157,
      "fcf_margin": 0.29053737339917973
    },
    {
      "date": "2021-04-30T00:00:00",
      "quarter_label": "2021-04 (Q2)",
      "revenue": 557394000,
      "gross_profit": null,
      "operating_income": 86252000,
      "net_income": 66190000,
      "opex": 471142000,
      "cogs": null,
      "rd": null,
      "sga": null,
      "fcf": 188848000,
      "ocf": 197128000,
      "capex": -8280000,
      "gross_margin": null,
      "op_margin": 0.1547415293311374,
      "fcf_margin": 0.33880522574695815,
      "op_leverage_ratio": 1.1755639854851392,
      "fcf_margin_change": 0.04826785234777842
    },
    {
      "date": "2021-07-31T00:00:00",
      "quarter_label": "2021-07 (Q3)",
      "revenue": 588098000,
      "gross_profit": null,
      "operating_income": 101255000,
      "net_income": 74823000,
      "opex": 486843000,
      "cogs": null,
      "rd": null,
      "sga": null,
      "fcf": -169555000,
      "ocf": -160545000,
      "capex": -9010000,
      "gross_margin": null,
      "op_margin": 0.17217368533815794,
      "fcf_margin": -0.2883107917387918,
      "op_leverage_ratio": 1.6529403275852976,
      "fcf_margin_change": -0.62711601748575
    },
    {
      "date": "2021-10-31T00:00:00",
      "quarter_label": "2021-10 (Q4)",
      "revenue": 643398000,
      "gross_profit": null,
      "operating_income": 103776000,
      "net_income": 75772000,
      "opex": 539622000,
      "cogs": null,
      "rd": null,
      "sga": null,
      "fcf": 108043000,
      "ocf": 118021000,
      "capex": -9978000,
      "gross_margin": null,
      "op_margin": 0.16129363162459318,
      "fcf_margin": 0.16792560747779756,
      "op_leverage_ratio": 0.8673676121336112,
      "fcf_margin_change": 0.45623639921658937
    },
    {
      "date": "2022-01-31T00:00:00",
      "quarter_label": "2022-01 (Q1)",
      "revenue": 684956000,
      "gross_profit": null,
      "operating_income": 126290000,
      "net_income": 84101000,
      "opex": 558666000,
      "cogs": null,
      "rd": null,
      "sga": null,
      "fcf": 250330000,
      "ocf": 264001000,
      "capex": -13671000,
      "gross_margin": null,
      "op_margin": 0.18437680668539294,
      "fcf_margin": 0.3654687308381852,
      "incr_op_margin_yoy": 0.2952297707122023,
      "rev_growth_yoy": 0.4333221729304428,
      "op_leverage_ratio": 1.8302331052796237,
      "fcf_margin_change": 0.19754312336038765
    },
    {
      "date": "2022-04-30T00:00:00",
      "quarter_label": "2022-04 (Q2)",
      "revenue": 727003000,
      "gross_profit": null,
      "operating_income": 138753000,
      "net_income": 91664000,
      "opex": 588250000,
      "cogs": null,
      "rd": null,
      "sga": null,
      "fcf": 263434000,
      "ocf": 280181000,
      "capex": -16747000,
      "gross_margin": null,
      "op_margin": 0.19085615877788675,
      "fcf_margin": 0.36235613883298967,
      "incr_op_margin_yoy": 0.30954135688554263,
      "rev_growth_yoy": 0.3042892460270473,
      "rev_growth_yoy_accel": -0.12903292690339546,
      "op_leverage_ratio": 1.159224865106114,
      "fcf_margin_change": -0.003112592005195536
    },
    {
      "date": "2022-07-31T00:00:00",
      "quarter_label": "2022-07 (Q3)",
      "revenue": 703148000,
      "gross_profit": null,
      "operating_income": 111599000,
      "net_income": 77247000,
      "opex": 591549000,
      "cogs": null,
      "rd": null,
      "sga": null,
      "fcf": -248532000,
      "ocf": -231886000,
      "capex": -16646000,
      "gross_margin": null,
      "op_margin": 0.15871338608657068,
      "fcf_margin": -0.3534561713892381,
      "incr_op_margin_yoy": 0.08990873533246414,
      "rev_growth_yoy": 0.19563066019608977,
      "rev_growth_yoy_accel": -0.10865858583095755,
      "fcf_margin_change": -0.7158123102222278
    },
    {
      "date": "2022-10-31T00:00:00",
      "quarter_label": "2022-10 (Q4)",
      "revenue": 735719000,
      "gross_profit": null,
      "operating_income": 119647000,
      "net_income": 73541000,
      "opex": 616072000,
      "cogs": null,
      "rd": null,
      "sga": null,
      "fcf": 112947000,
      "ocf": 133168000,
      "capex": -20221000,
      "gross_margin": null,
      "op_margin": 0.16262594822207935,
      "fcf_margin": 0.15351921045942812,
      "incr_op_margin_yoy": 0.17191104949036515,
      "rev_growth_yoy": 0.14348972175853827,
      "rev_growth_yoy_accel": -0.05214093843755149,
      "op_leverage_ratio": 1.1173814909176818,
      "fcf_margin_change": 0.5069753818486662
    },
    {
      "date": "2023-01-31T00:00:00",
      "quarter_label": "2023-01 (Q1)",
      "revenue": 686845000,
      "gross_profit": null,
      "operating_income": 12513000,
      "net_income": 11247000,
      "opex": 674332000,
      "cogs": null,
      "rd": null,
      "sga": null,
      "fcf": 174320000,
      "ocf": 191502000,
      "capex": -17182000,
      "gross_margin": null,
      "op_margin": 0.01821808413834271,
      "fcf_margin": 0.2537981640690403,
      "incr_op_margin_yoy": -60.23133933298041,
      "rev_growth_yoy": 0.0027578413795922656,
      "rev_growth_yoy_accel": -0.14073188037894602,
      "fcf_margin_change": 0.1002789536096122
    },
    {
      "date": "2023-04-30T00:00:00",
      "quarter_label": "2023-04 (Q2)",
      "revenue": 738124000,
      "gross_profit": null,
      "operating_income": 72581000,
      "net_income": 47494000,
      "opex": 665543000,
      "cogs": null,
      "rd": null,
      "sga": null,
      "fcf": 234777000,
      "ocf": 251110000,
      "capex": -16333000,
      "gross_margin": null,
      "op_margin": 0.09833171662213937,
      "fcf_margin": 0.31807257317198734,
      "incr_op_margin_yoy": -5.950184335941013,
      "rev_growth_yoy": 0.015297048292785586,
      "rev_growth_yoy_accel": 0.01253920691319332,
      "op_leverage_ratio": Infinity,
      "fcf_margin_change": 0.06427440910294702
    },
    {
      "date": "2023-07-31T00:00:00",
      "quarter_label": "2023-07 (Q3)",
      "revenue": 706262000,
      "gross_profit": null,
      "operating_income": 56768000,
      "net_income": 46605000,
      "opex": 649494000,
      "cogs": null,
      "rd": null,
      "sga": null,
      "fcf": -290146000,
      "ocf": -274487000,
      "capex": -15659000,
      "gross_margin": null,
      "op_margin": 0.08037810331010305,
      "fcf_margin": -0.41081921439918895,
      "incr_op_margin_yoy": -17.607899807321772,
      "rev_growth_yoy": 0.004428655133769847,
      "rev_growth_yoy_accel": -0.010868393159015739,
      "fcf_margin_change": -0.7288917875711762
    },
    {
      "date": "2023-10-31T00:00:00",
      "quarter_label": "2023-10 (Q4)",
      "revenue": 712447000,
      "gross_profit": null,
      "operating_income": 22816000,
      "net_income": -1711000,
      "opex": 689631000,
      "cogs": null,
      "rd": null,
      "sga": null,
      "fcf": 116712000,
      "ocf": 132591000,
      "capex": -15879000,
      "gross_margin": null,
      "op_margin": 0.03202483833885187,
      "fcf_margin": 0.1638185015867847,
      "incr_op_margin_yoy": 4.160837057408044,
      "rev_growth_yoy": -0.0316316419720029,
      "rev_growth_yoy_accel": -0.03606029710577274,
      "fcf_margin_change": 0.5746377159859737
    },
    {
      "date": "2024-01-31T00:00:00",
      "quarter_label": "2024-01 (Q1)",
      "revenue": 676873000,
      "gross_profit": null,
      "operating_income": 49867000,
      "net_income": 59071000,
      "opex": 627006000,
      "cogs": null,
      "rd": null,
      "sga": null,
      "fcf": 152252000,
      "ocf": 164001000,
      "capex": -11749000,
      "gross_margin": null,
      "op_margin": 0.07367260918961165,
      "fcf_margin": 0.22493436730376304,
      "incr_op_margin_yoy": -3.745888487765744,
      "rev_growth_yoy": -0.014518559500323946,
      "rev_growth_yoy_accel": 0.01711308247167895,
      "fcf_margin_change": 0.06111586571697833
    },
    {
      "date": "2024-04-30T00:00:00",
      "quarter_label": "2024-04 (Q2)",
      "revenue": 699923000,
      "gross_profit": null,
      "operating_income": 83478000,
      "net_income": 65189000,
      "opex": 616445000,
      "cogs": null,
      "rd": null,
      "sga": null,
      "fcf": 249996000,
      "ocf": 261856000,
      "capex": -11860000,
      "gross_margin": null,
      "op_margin": 0.11926740512884988,
      "fcf_margin": 0.357176432264692,
      "incr_op_margin_yoy": -0.28525431271432683,
      "rev_growth_yoy": -0.051754176804981275,
      "rev_growth_yoy_accel": -0.037235617304657326,
      "op_leverage_ratio": Infinity,
      "fcf_margin_change": 0.13224206496092894
    },
    {
      "date": "2024-07-31T00:00:00",
      "quarter_label": "2024-07 (Q3)",
      "revenue": 682761000,
      "gross_profit": null,
      "operating_income": 76050000,
      "net_income": 62604000,
      "opex": 606711000,
      "cogs": null,
      "rd": null,
      "sga": null,
      "fcf": -237682000,
      "ocf": -227185000,
      "capex": -10497000,
      "gross_margin": null,
      "op_margin": 0.11138597547311578,
      "fcf_margin": -0.3481188878685221,
      "incr_op_margin_yoy": -0.820475724437258,
      "rev_growth_yoy": -0.033275186828683974,
      "rev_growth_yoy_accel": 0.0184789899762973,
      "fcf_margin_change": -0.705295320133214
    },
    {
      "date": "2024-10-31T00:00:00",
      "quarter_label": "2024-10 (Q4)",
      "revenue": 681960000,
      "gross_profit": null,
      "operating_income": 87476000,
      "net_income": 60800000,
      "opex": 594484000,
      "cogs": null,
      "rd": null,
      "sga": null,
      "fcf": 107688000,
      "ocf": 121998000,
      "capex": -14310000,
      "gross_margin": null,
      "op_margin": 0.12827145287113614,
      "fcf_margin": 0.15790955481259897,
      "incr_op_margin_yoy": -2.120903991865385,
      "rev_growth_yoy": -0.04279195505069149,
      "rev_growth_yoy_accel": -0.009516768222007518,
      "fcf_margin_change": 0.506028442681121
    },
    {
      "date": "2025-01-31T00:00:00",
      "quarter_label": "2025-01 (Q1)",
      "revenue": 676538000,
      "gross_profit": null,
      "operating_income": 78232000,
      "net_income": 58414000,
      "opex": 598306000,
      "cogs": null,
      "rd": null,
      "sga": null,
      "fcf": 196352000,
      "ocf": 213736000,
      "capex": -17384000,
      "gross_margin": null,
      "op_margin": 0.11563578099086821,
      "fcf_margin": 0.29023055615501275,
      "rev_growth_yoy": -0.0004949229766883891,
      "rev_growth_yoy_accel": 0.0422970320740031,
      "fcf_margin_change": 0.13232100134241379
    },
    {
      "date": "2025-04-30T00:00:00",
      "quarter_label": "2025-04 (Q2)",
      "revenue": 719827000,
      "gross_profit": null,
      "operating_income": 104564000,
      "net_income": 64244000,
      "opex": 615263000,
      "cogs": null,
      "rd": null,
      "sga": null,
      "fcf": 235520000,
      "ocf": 255813000,
      "capex": -20293000,
      "gross_margin": null,
      "op_margin": 0.14526268117200383,
      "fcf_margin": 0.3271897275317542,
      "incr_op_margin_yoy": 1.0593850482315113,
      "rev_growth_yoy": 0.028437413829806992,
      "rev_growth_yoy_accel": 0.02893233680649538,
      "op_leverage_ratio": 2.2576660185578996,
      "fcf_margin_change": 0.03695917137674143
    },
    {
      "date": "2025-07-31T00:00:00",
      "quarter_label": "2025-07 (Q3)",
      "revenue": 715543000,
      "gross_profit": null,
      "operating_income": 83448000,
      "net_income": 66636000,
      "opex": 632095000,
      "cogs": null,
      "rd": null,
      "sga": null,
      "fcf": -259966000,
      "ocf": -237367000,
      "capex": -22599000,
      "gross_margin": null,
      "op_margin": 0.11662192209273237,
      "fcf_margin": -0.3633128966393354,
      "incr_op_margin_yoy": 0.22567262522115794,
      "rev_growth_yoy": 0.04801387308296754,
      "rev_growth_yoy_accel": 0.01957645925316055,
      "fcf_margin_change": -0.6905026241710897
    },
    {
      "date": "2025-10-31T00:00:00",
      "quarter_label": "2025-10 (Q4)",
      "revenue": 729800000,
      "gross_profit": null,
      "operating_income": 98755000,
      "net_income": 72399000,
      "opex": 631045000,
      "cogs": null,
      "rd": null,
      "sga": null,
      "fcf": 100662000,
      "ocf": 121415000,
      "capex": -20753000,
      "gross_margin": null,
      "op_margin": 0.1353178953137846,
      "fcf_margin": 0.13793093998355713,
      "incr_op_margin_yoy": 0.23576505016722407,
      "rev_growth_yoy": 0.0701507419790017,
      "rev_growth_yoy_accel": 0.02213686889603416,
      "op_leverage_ratio": Infinity,
      "fcf_margin_change": 0.5012438366228925
    }
  ],
  "signals": [
    {
      "quarter": "2025-10 (Q4)",
      "signal": "FCF TURNED POSITIVE",
      "detail": "FCF margin: -36.3% -> +13.8%",
      "severity": "HIGH"
    },
    {
      "quarter": "2025-10 (Q4)",
      "signal": "INCREMENTAL MARGIN (YoY)",
      "detail": "YoY Incr OPM: +23.6% vs year-ago OPM: +12.8%",
      "severity": "MEDIUM"
    },
    {
      "quarter": "2025-07 (Q3)",
      "signal": "INCREMENTAL MARGIN (YoY)",
      "detail": "YoY Incr OPM: +22.6% vs year-ago OPM: +11.1%",
      "severity": "MEDIUM"
    },
    {
      "quarter": "2025-04 (Q2)",
      "signal": "OPERATING LEVERAGE",
      "detail": "Rev growth +6.4% vs OpEx growth +2.8% (leverage: 2.3x)",
      "severity": "MEDIUM"
    },
    {
      "quarter": "2025-04 (Q2)",
      "signal": "INCREMENTAL MARGIN (YoY)",
      "detail": "YoY Incr OPM: +105.9% vs year-ago OPM: +11.9%",
      "severity": "HIGH"
    },
    {
      "quarter": "2025-01 (Q1)",
      "signal": "FCF MARGIN EXPANSION",
      "detail": "FCF margin: +15.8% -> +29.0% (+13.2%)",
      "severity": "MEDIUM"
    },
    {
      "quarter": "2024-10 (Q4)",
      "signal": "FCF TURNED POSITIVE",
      "detail": "FCF margin: -34.8% -> +15.8%",
      "severity": "HIGH"
    },
    {
      "quarter": "2024-04 (Q2)",
      "signal": "FCF MARGIN EXPANSION",
      "detail": "FCF margin: +22.5% -> +35.7% (+13.2%)",
      "severity": "MEDIUM"
    },
    {
      "quarter": "2024-01 (Q1)",
      "signal": "FCF MARGIN EXPANSION",
      "detail": "FCF margin: +16.4% -> +22.5% (+6.1%)",
      "severity": "MEDIUM"
    },
    {
      "quarter": "2023-10 (Q4)",
      "signal": "FCF TURNED POSITIVE",
      "detail": "FCF margin: -41.1% -> +16.4%",
      "severity": "HIGH"
    },
    {
      "quarter": "2023-10 (Q4)",
      "signal": "INCREMENTAL MARGIN (YoY)",
      "detail": "YoY Incr OPM: +416.1% vs year-ago OPM: +16.3%",
      "severity": "HIGH"
    },
    {
      "quarter": "2023-04 (Q2)",
      "signal": "FCF MARGIN EXPANSION",
      "detail": "FCF margin: +25.4% -> +31.8% (+6.4%)",
      "severity": "MEDIUM"
    },
    {
      "quarter": "2023-01 (Q1)",
      "signal": "FCF MARGIN EXPANSION",
      "detail": "FCF margin: +15.4% -> +25.4% (+10.0%)",
      "severity": "MEDIUM"
    },
    {
      "quarter": "2023-01 (Q1)",
      "signal": "YoY REVENUE GROWTH DECELERATION",
      "detail": "YoY growth: +0.3% vs prior quarter YoY: +14.3% (decel: -14.1%)",
      "severity": "WARNING"
    },
    {
      "quarter": "2022-10 (Q4)",
      "signal": "FCF TURNED POSITIVE",
      "detail": "FCF margin: -35.3% -> +15.4%",
      "severity": "HIGH"
    },
    {
      "quarter": "2022-10 (Q4)",
      "signal": "YoY REVENUE GROWTH DECELERATION",
      "detail": "YoY growth: +14.3% vs prior quarter YoY: +19.6% (decel: -5.2%)",
      "severity": "WARNING"
    },
    {
      "quarter": "2022-07 (Q3)",
      "signal": "YoY REVENUE GROWTH DECELERATION",
      "detail": "YoY growth: +19.6% vs prior quarter YoY: +30.4% (decel: -10.9%)",
      "severity": "WARNING"
    },
    {
      "quarter": "2022-04 (Q2)",
      "signal": "YoY REVENUE GROWTH DECELERATION",
      "detail": "YoY growth: +30.4% vs prior quarter YoY: +43.3% (decel: -12.9%)",
      "severity": "WARNING"
    },
    {
      "quarter": "2022-04 (Q2)",
      "signal": "INCREMENTAL MARGIN (YoY)",
      "detail": "YoY Incr OPM: +31.0% vs year-ago OPM: +15.5%",
      "severity": "MEDIUM"
    },
    {
      "quarter": "2022-01 (Q1)",
      "signal": "FCF MARGIN EXPANSION",
      "detail": "FCF margin: +16.8% -> +36.5% (+19.8%)",
      "severity": "MEDIUM"
    },
    {
      "quarter": "2022-01 (Q1)",
      "signal": "OPERATING LEVERAGE",
      "detail": "Rev growth +6.5% vs OpEx growth +3.5% (leverage: 1.8x)",
      "severity": "MEDIUM"
    },
    {
      "quarter": "2022-01 (Q1)",
      "signal": "INCREMENTAL MARGIN (YoY)",
      "detail": "YoY Incr OPM: +29.5% vs year-ago OPM: +13.6%",
      "severity": "MEDIUM"
    },
    {
      "quarter": "2021-10 (Q4)",
      "signal": "FCF TURNED POSITIVE",
      "detail": "FCF margin: -28.8% -> +16.8%",
      "severity": "HIGH"
    },
    {
      "quarter": "2021-07 (Q3)",
      "signal": "OPERATING LEVERAGE",
      "detail": "Rev growth +5.5% vs OpEx growth +3.3% (leverage: 1.7x)",
      "severity": "MEDIUM"
    }
  ],
  "data_quality": {
    "n_quarters": 20,
    "coverage": {
      "revenue": [
        20,
        20
      ],
      "gross_profit": [
        0,
        20
      ],
      "op_income": [
        20,
        20
      ],
      "fcf": [
        20,
        20
      ]
    },
    "gaps": [],
    "warnings": [
      "gross_profit: no data"
    ]
  },
  "market_cap": null,
  "source": "SEC EDGAR",
  "last_updated": "2026-02-02T21:17:13.836604"
}