{
  "ticker": "KIM",
  "name": "KIMCO REALTY CORPORATION",
  "quarters": [
    {
      "date": "2020-12-31T00:00:00",
      "quarter_label": "2020-12 (Q4)",
      "revenue": 269441000,
      "gross_profit": null,
      "operating_income": 80302000,
      "net_income": 201234000,
      "opex": 189926000,
      "cogs": null,
      "rd": null,
      "sga": null,
      "fcf": 123971000,
      "ocf": 123971000,
      "capex": null,
      "gross_margin": null,
      "op_margin": 0.2980318511288186,
      "fcf_margin": 0.4601044384484915
    },
    {
      "date": "2021-03-31T00:00:00",
      "quarter_label": "2021-03 (Q1)",
      "revenue": 282308000,
      "gross_profit": null,
      "operating_income": 104468000,
      "net_income": 137942000,
      "opex": 187845000,
      "cogs": null,
      "rd": null,
      "sga": null,
      "fcf": 148371000,
      "ocf": 148371000,
      "capex": null,
      "gross_margin": null,
      "op_margin": 0.37004973291582244,
      "fcf_margin": 0.5255642773141391,
      "op_leverage_ratio": Infinity,
      "fcf_margin_change": 0.0654598388656476
    },
    {
      "date": "2021-06-30T00:00:00",
      "quarter_label": "2021-06 (Q2)",
      "revenue": 289016000,
      "gross_profit": null,
      "operating_income": 117769000,
      "net_income": 116697000,
      "opex": 190108000,
      "cogs": null,
      "rd": null,
      "sga": null,
      "fcf": 145300000,
      "ocf": 145300000,
      "capex": null,
      "gross_margin": null,
      "op_margin": 0.40748263071940655,
      "fcf_margin": 0.5027403327151438,
      "op_leverage_ratio": 1.9723544047950536,
      "fcf_margin_change": -0.022823944598995283
    },
    {
      "date": "2021-09-30T00:00:00",
      "quarter_label": "2021-09 (Q3)",
      "revenue": 368607000,
      "gross_profit": null,
      "operating_income": 76257000,
      "net_income": 507739000,
      "opex": 294325000,
      "cogs": null,
      "rd": null,
      "sga": null,
      "fcf": 123599000,
      "ocf": 123599000,
      "capex": null,
      "gross_margin": null,
      "op_margin": 0.20687887099268326,
      "fcf_margin": 0.33531376235394333,
      "op_leverage_ratio": 0.5023471015602117,
      "fcf_margin_change": -0.1674265703612005
    },
    {
      "date": "2021-12-31T00:00:00",
      "quarter_label": "2021-12 (Q4)",
      "revenue": 424654000,
      "gross_profit": null,
      "operating_income": 125792000,
      "net_income": 81681000,
      "opex": 298862000,
      "cogs": null,
      "rd": null,
      "sga": null,
      "fcf": 201605000,
      "ocf": 201605000,
      "capex": null,
      "gross_margin": null,
      "op_margin": 0.2962223363020247,
      "fcf_margin": 0.47475120921974123,
      "incr_op_margin_yoy": 0.29308112078240867,
      "rev_growth_yoy": 0.5760556114325586,
      "op_leverage_ratio": 9.863866058000626,
      "fcf_margin_change": 0.1394374468657979
    },
    {
      "date": "2022-03-31T00:00:00",
      "quarter_label": "2022-03 (Q1)",
      "revenue": 427249000,
      "gross_profit": null,
      "operating_income": 143308000,
      "net_income": 237302000,
      "opex": 288134000,
      "cogs": null,
      "rd": null,
      "sga": null,
      "fcf": 194551000,
      "ocf": 194551000,
      "capex": null,
      "gross_margin": null,
      "op_margin": 0.33542032866080435,
      "fcf_margin": 0.45535741452876427,
      "incr_op_margin_yoy": 0.26797110548430053,
      "rev_growth_yoy": 0.513414426796265,
      "rev_growth_yoy_accel": -0.06264118463629353,
      "fcf_margin_change": -0.019393794690976962
    },
    {
      "date": "2022-06-30T00:00:00",
      "quarter_label": "2022-06 (Q2)",
      "revenue": 427198000,
      "gross_profit": null,
      "operating_income": 133202000,
      "net_income": -119501000,
      "opex": 296940000,
      "cogs": null,
      "rd": null,
      "sga": null,
      "fcf": 247782000,
      "ocf": 247782000,
      "capex": null,
      "gross_margin": null,
      "op_margin": 0.3118038942129879,
      "fcf_margin": 0.5800167603780917,
      "incr_op_margin_yoy": 0.11168603725521414,
      "rev_growth_yoy": 0.47811193843939437,
      "rev_growth_yoy_accel": -0.035302488356870665,
      "fcf_margin_change": 0.12465934584932742
    },
    {
      "date": "2022-09-30T00:00:00",
      "quarter_label": "2022-09 (Q3)",
      "revenue": 433403000,
      "gross_profit": null,
      "operating_income": 144323000,
      "net_income": 57954000,
      "opex": 292901000,
      "cogs": null,
      "rd": null,
      "sga": null,
      "fcf": 263423000,
      "ocf": 263423000,
      "capex": null,
      "gross_margin": null,
      "op_margin": 0.33299954084304906,
      "fcf_margin": 0.6078015149872059,
      "incr_op_margin_yoy": 1.0504660781529724,
      "rev_growth_yoy": 0.17578613536910584,
      "rev_growth_yoy_accel": -0.30232580307028856,
      "op_leverage_ratio": Infinity,
      "fcf_margin_change": 0.027784754609114226
    },
    {
      "date": "2022-12-31T00:00:00",
      "quarter_label": "2022-12 (Q4)",
      "revenue": 439834000,
      "gross_profit": null,
      "operating_income": 144631000,
      "net_income": -49779000,
      "opex": 299424000,
      "cogs": null,
      "rd": null,
      "sga": null,
      "fcf": 155358000,
      "ocf": 155358000,
      "capex": null,
      "gross_margin": null,
      "op_margin": 0.32883087710363457,
      "fcf_margin": 0.3532196237671485,
      "incr_op_margin_yoy": 1.2410408432147562,
      "rev_growth_yoy": 0.03574674911810556,
      "rev_growth_yoy_accel": -0.14003938625100026,
      "op_leverage_ratio": 0.6662850554746962,
      "fcf_margin_change": -0.2545818912200574
    },
    {
      "date": "2023-03-31T00:00:00",
      "quarter_label": "2023-03 (Q1)",
      "revenue": 442892000,
      "gross_profit": null,
      "operating_income": 172481000,
      "net_income": 289763000,
      "opex": 309617000,
      "cogs": null,
      "rd": null,
      "sga": null,
      "fcf": 345233000,
      "ocf": 345233000,
      "capex": null,
      "gross_margin": null,
      "op_margin": 0.3894425729071647,
      "fcf_margin": 0.7794970331367467,
      "incr_op_margin_yoy": 1.8649236080035798,
      "rev_growth_yoy": 0.036613309802948635,
      "rev_growth_yoy_accel": 0.0008665606848430735,
      "fcf_margin_change": 0.4262774093695982
    },
    {
      "date": "2023-06-30T00:00:00",
      "quarter_label": "2023-06 (Q2)",
      "revenue": 442840000,
      "gross_profit": null,
      "operating_income": 157192000,
      "net_income": 106626000,
      "opex": 298818000,
      "cogs": null,
      "rd": null,
      "sga": null,
      "fcf": 255046000,
      "ocf": 255046000,
      "capex": null,
      "gross_margin": null,
      "op_margin": 0.3549634179387589,
      "fcf_margin": 0.5759326167464547,
      "incr_op_margin_yoy": 1.533691343817926,
      "rev_growth_yoy": 0.03661533995945674,
      "rev_growth_yoy_accel": 2.0301565081051742e-06,
      "fcf_margin_change": -0.203564416390292
    },
    {
      "date": "2023-09-30T00:00:00",
      "quarter_label": "2023-09 (Q3)",
      "revenue": 446065000,
      "gross_profit": null,
      "operating_income": 140526000,
      "net_income": 118239000,
      "opex": 305539000,
      "cogs": null,
      "rd": null,
      "sga": null,
      "fcf": 281130000,
      "ocf": 281130000,
      "capex": null,
      "gross_margin": null,
      "op_margin": 0.3150348043446583,
      "fcf_margin": 0.6302444710972616,
      "incr_op_margin_yoy": -0.2998736376559785,
      "rev_growth_yoy": 0.02921530307819743,
      "rev_growth_yoy_accel": -0.007400036881259311,
      "fcf_margin_change": 0.054311854350806876
    },
    {
      "date": "2023-12-31T00:00:00",
      "quarter_label": "2023-12 (Q4)",
      "revenue": 451603000,
      "gross_profit": null,
      "operating_income": 168578000,
      "net_income": 139645000,
      "opex": 305625000,
      "cogs": null,
      "rd": null,
      "sga": null,
      "fcf": 190198000,
      "ocf": 190198000,
      "capex": null,
      "gross_margin": null,
      "op_margin": 0.37328804281636746,
      "fcf_margin": 0.4211619497656127,
      "incr_op_margin_yoy": 2.034752315404877,
      "rev_growth_yoy": 0.026757822269310696,
      "rev_growth_yoy_accel": -0.0024574808088867334,
      "op_leverage_ratio": Infinity,
      "fcf_margin_change": -0.20908252133164884
    },
    {
      "date": "2024-03-31T00:00:00",
      "quarter_label": "2024-03 (Q1)",
      "revenue": 503754000,
      "gross_profit": null,
      "operating_income": 130695000,
      "net_income": -10974000,
      "opex": 373377000,
      "cogs": null,
      "rd": null,
      "sga": null,
      "fcf": 176091000,
      "ocf": 176091000,
      "capex": null,
      "gross_margin": null,
      "op_margin": 0.2594421086482688,
      "fcf_margin": 0.3495575221238938,
      "incr_op_margin_yoy": -0.6865696165094805,
      "rev_growth_yoy": 0.13741950633563035,
      "rev_growth_yoy_accel": 0.11066168406631965,
      "op_leverage_ratio": 0.5209218554736903,
      "fcf_margin_change": -0.07160442764171893
    },
    {
      "date": "2024-06-30T00:00:00",
      "quarter_label": "2024-06 (Q2)",
      "revenue": 500231000,
      "gross_profit": null,
      "operating_income": 160710000,
      "net_income": 119738000,
      "opex": 339596000,
      "cogs": null,
      "rd": null,
      "sga": null,
      "fcf": 294059000,
      "ocf": 294059000,
      "capex": null,
      "gross_margin": null,
      "op_margin": 0.32127157253348954,
      "fcf_margin": 0.5878464149562902,
      "incr_op_margin_yoy": 0.061298809917931386,
      "rev_growth_yoy": 0.12959759732634812,
      "rev_growth_yoy_accel": -0.00782190900928223,
      "fcf_margin_change": 0.2382888928323964
    },
    {
      "date": "2024-09-30T00:00:00",
      "quarter_label": "2024-09 (Q3)",
      "revenue": 507632000,
      "gross_profit": null,
      "operating_income": 171291000,
      "net_income": 135983000,
      "opex": 336892000,
      "cogs": null,
      "rd": null,
      "sga": null,
      "fcf": 295930000,
      "ocf": 295930000,
      "capex": null,
      "gross_margin": null,
      "op_margin": 0.3374314464021181,
      "fcf_margin": 0.5829616730229773,
      "incr_op_margin_yoy": 0.4996995143502201,
      "rev_growth_yoy": 0.13802248551220114,
      "rev_growth_yoy_accel": 0.008424888185853019,
      "op_leverage_ratio": Infinity,
      "fcf_margin_change": -0.004884741933312897
    },
    {
      "date": "2024-12-31T00:00:00",
      "quarter_label": "2024-12 (Q4)",
      "revenue": 525397000,
      "gross_profit": null,
      "operating_income": 166392000,
      "net_income": 166038000,
      "opex": 359335000,
      "cogs": null,
      "rd": null,
      "sga": null,
      "fcf": 239541000,
      "ocf": 239541000,
      "capex": null,
      "gross_margin": null,
      "op_margin": 0.31669765910349695,
      "fcf_margin": 0.4559238061884632,
      "incr_op_margin_yoy": -0.029623004580318184,
      "rev_growth_yoy": 0.16340458322907508,
      "rev_growth_yoy_accel": 0.02538209771687394,
      "op_leverage_ratio": 0.5253225082899168,
      "fcf_margin_change": -0.12703786683451412
    },
    {
      "date": "2025-03-31T00:00:00",
      "quarter_label": "2025-03 (Q1)",
      "revenue": 536624000,
      "gross_profit": null,
      "operating_income": 180484000,
      "net_income": 132817000,
      "opex": 357027000,
      "cogs": null,
      "rd": null,
      "sga": null,
      "fcf": 205413000,
      "ocf": 223813000,
      "capex": -18400000,
      "gross_margin": null,
      "op_margin": 0.3363323295268195,
      "fcf_margin": 0.382787575658189,
      "incr_op_margin_yoy": 1.5147246729540615,
      "rev_growth_yoy": 0.06525010223243885,
      "rev_growth_yoy_accel": -0.09815448099663623,
      "op_leverage_ratio": Infinity,
      "fcf_margin_change": -0.07313623053027418
    },
    {
      "date": "2025-06-30T00:00:00",
      "quarter_label": "2025-06 (Q2)",
      "revenue": 525175000,
      "gross_profit": null,
      "operating_income": 205812000,
      "net_income": 162986000,
      "opex": 358285000,
      "cogs": null,
      "rd": null,
      "sga": null,
      "fcf": 305403000,
      "ocf": 305403000,
      "capex": null,
      "gross_margin": null,
      "op_margin": 0.3918922264007236,
      "fcf_margin": 0.5815261579473509,
      "incr_op_margin_yoy": 1.80813021167415,
      "rev_growth_yoy": 0.04986496238737703,
      "rev_growth_yoy_accel": -0.015385139845061818,
      "fcf_margin_change": 0.19873858228916186
    },
    {
      "date": "2025-09-30T00:00:00",
      "quarter_label": "2025-09 (Q3)",
      "revenue": 535861000,
      "gross_profit": null,
      "operating_income": 187229000,
      "net_income": 137775000,
      "opex": 352337000,
      "cogs": null,
      "rd": null,
      "sga": null,
      "fcf": 332428000,
      "ocf": 332428000,
      "capex": null,
      "gross_margin": null,
      "op_margin": 0.34939844474593224,
      "fcf_margin": 0.620362370092244,
      "incr_op_margin_yoy": 0.5645966913457792,
      "rev_growth_yoy": 0.05560918145428184,
      "rev_growth_yoy_accel": 0.00574421906690481,
      "op_leverage_ratio": Infinity,
      "fcf_margin_change": 0.03883621214489319
    }
  ],
  "signals": [
    {
      "quarter": "2025-09 (Q3)",
      "signal": "INCREMENTAL MARGIN (YoY)",
      "detail": "YoY Incr OPM: +56.5% vs year-ago OPM: +33.7%",
      "severity": "HIGH"
    },
    {
      "quarter": "2025-06 (Q2)",
      "signal": "FCF MARGIN EXPANSION",
      "detail": "FCF margin: +38.3% -> +58.2% (+19.9%)",
      "severity": "MEDIUM"
    },
    {
      "quarter": "2025-06 (Q2)",
      "signal": "INCREMENTAL MARGIN (YoY)",
      "detail": "YoY Incr OPM: +180.8% vs year-ago OPM: +32.1%",
      "severity": "HIGH"
    },
    {
      "quarter": "2025-03 (Q1)",
      "signal": "YoY REVENUE GROWTH DECELERATION",
      "detail": "YoY growth: +6.5% vs prior quarter YoY: +16.3% (decel: -9.8%)",
      "severity": "WARNING"
    },
    {
      "quarter": "2025-03 (Q1)",
      "signal": "INCREMENTAL MARGIN (YoY)",
      "detail": "YoY Incr OPM: +151.5% vs year-ago OPM: +25.9%",
      "severity": "HIGH"
    },
    {
      "quarter": "2024-09 (Q3)",
      "signal": "INCREMENTAL MARGIN (YoY)",
      "detail": "YoY Incr OPM: +50.0% vs year-ago OPM: +31.5%",
      "severity": "MEDIUM"
    },
    {
      "quarter": "2024-06 (Q2)",
      "signal": "FCF MARGIN EXPANSION",
      "detail": "FCF margin: +35.0% -> +58.8% (+23.8%)",
      "severity": "MEDIUM"
    },
    {
      "quarter": "2024-03 (Q1)",
      "signal": "YoY REVENUE GROWTH ACCELERATION",
      "detail": "YoY growth: +13.7% vs prior quarter YoY: +2.7% (accel: +11.1%)",
      "severity": "MEDIUM"
    },
    {
      "quarter": "2023-12 (Q4)",
      "signal": "OPERATING LEVERAGE",
      "detail": "Rev growth +1.2% vs OpEx growth +0.0% (leverage: 44.1x)",
      "severity": "MEDIUM"
    },
    {
      "quarter": "2023-12 (Q4)",
      "signal": "INCREMENTAL MARGIN (YoY)",
      "detail": "YoY Incr OPM: +203.5% vs year-ago OPM: +32.9%",
      "severity": "HIGH"
    },
    {
      "quarter": "2023-09 (Q3)",
      "signal": "FCF MARGIN EXPANSION",
      "detail": "FCF margin: +57.6% -> +63.0% (+5.4%)",
      "severity": "MEDIUM"
    },
    {
      "quarter": "2023-06 (Q2)",
      "signal": "INCREMENTAL MARGIN (YoY)",
      "detail": "YoY Incr OPM: +153.4% vs year-ago OPM: +31.2%",
      "severity": "HIGH"
    },
    {
      "quarter": "2023-03 (Q1)",
      "signal": "FCF MARGIN EXPANSION",
      "detail": "FCF margin: +35.3% -> +77.9% (+42.6%)",
      "severity": "MEDIUM"
    },
    {
      "quarter": "2023-03 (Q1)",
      "signal": "INCREMENTAL MARGIN (YoY)",
      "detail": "YoY Incr OPM: +186.5% vs year-ago OPM: +33.5%",
      "severity": "HIGH"
    },
    {
      "quarter": "2022-12 (Q4)",
      "signal": "YoY REVENUE GROWTH DECELERATION",
      "detail": "YoY growth: +3.6% vs prior quarter YoY: +17.6% (decel: -14.0%)",
      "severity": "WARNING"
    },
    {
      "quarter": "2022-12 (Q4)",
      "signal": "INCREMENTAL MARGIN (YoY)",
      "detail": "YoY Incr OPM: +124.1% vs year-ago OPM: +29.6%",
      "severity": "HIGH"
    },
    {
      "quarter": "2022-09 (Q3)",
      "signal": "YoY REVENUE GROWTH DECELERATION",
      "detail": "YoY growth: +17.6% vs prior quarter YoY: +47.8% (decel: -30.2%)",
      "severity": "WARNING"
    },
    {
      "quarter": "2022-09 (Q3)",
      "signal": "INCREMENTAL MARGIN (YoY)",
      "detail": "YoY Incr OPM: +105.0% vs year-ago OPM: +20.7%",
      "severity": "HIGH"
    },
    {
      "quarter": "2022-06 (Q2)",
      "signal": "FCF MARGIN EXPANSION",
      "detail": "FCF margin: +45.5% -> +58.0% (+12.5%)",
      "severity": "MEDIUM"
    },
    {
      "quarter": "2022-03 (Q1)",
      "signal": "YoY REVENUE GROWTH DECELERATION",
      "detail": "YoY growth: +51.3% vs prior quarter YoY: +57.6% (decel: -6.3%)",
      "severity": "WARNING"
    },
    {
      "quarter": "2021-12 (Q4)",
      "signal": "FCF MARGIN EXPANSION",
      "detail": "FCF margin: +33.5% -> +47.5% (+13.9%)",
      "severity": "MEDIUM"
    },
    {
      "quarter": "2021-12 (Q4)",
      "signal": "OPERATING LEVERAGE",
      "detail": "Rev growth +15.2% vs OpEx growth +1.5% (leverage: 9.9x)",
      "severity": "MEDIUM"
    },
    {
      "quarter": "2021-06 (Q2)",
      "signal": "OPERATING LEVERAGE",
      "detail": "Rev growth +2.4% vs OpEx growth +1.2% (leverage: 2.0x)",
      "severity": "MEDIUM"
    },
    {
      "quarter": "2021-03 (Q1)",
      "signal": "FCF MARGIN EXPANSION",
      "detail": "FCF margin: +46.0% -> +52.6% (+6.5%)",
      "severity": "MEDIUM"
    }
  ],
  "data_quality": {
    "n_quarters": 20,
    "coverage": {
      "revenue": [
        20,
        20
      ],
      "gross_profit": [
        0,
        20
      ],
      "op_income": [
        20,
        20
      ],
      "fcf": [
        20,
        20
      ]
    },
    "gaps": [],
    "warnings": [
      "gross_profit: no data"
    ]
  },
  "market_cap": null,
  "source": "SEC EDGAR",
  "last_updated": "2026-02-02T20:27:56.474509"
}