{
  "ticker": "KINS",
  "name": "KINGSTONE COMPANIES, INC",
  "quarters": [
    {
      "date": "2020-12-31T00:00:00",
      "quarter_label": "2020-12 (Q4)",
      "revenue": 35604343,
      "gross_profit": null,
      "operating_income": null,
      "net_income": 3036259,
      "opex": 33448706,
      "cogs": null,
      "rd": null,
      "sga": null,
      "fcf": -1858258,
      "ocf": -769620,
      "capex": -1088638,
      "gross_margin": null,
      "op_margin": null,
      "fcf_margin": -0.052191891309439416
    },
    {
      "date": "2021-03-31T00:00:00",
      "quarter_label": "2021-03 (Q1)",
      "revenue": 39503202,
      "gross_profit": null,
      "operating_income": null,
      "net_income": -311097,
      "opex": 39882744,
      "cogs": null,
      "rd": null,
      "sga": null,
      "fcf": 358736,
      "ocf": 1392800,
      "capex": -1034064,
      "gross_margin": null,
      "op_margin": null,
      "fcf_margin": 0.009081187899654312,
      "op_leverage_ratio": 0.5692856713277683,
      "fcf_margin_change": 0.06127307920909373
    },
    {
      "date": "2021-06-30T00:00:00",
      "quarter_label": "2021-06 (Q2)",
      "revenue": 39600449,
      "gross_profit": null,
      "operating_income": null,
      "net_income": 1323361,
      "opex": 37964942,
      "cogs": null,
      "rd": null,
      "sga": null,
      "fcf": 11809594,
      "ocf": 12971515,
      "capex": -1161921,
      "gross_margin": null,
      "op_margin": null,
      "fcf_margin": 0.2982186893891026,
      "fcf_margin_change": 0.28913750148944833
    },
    {
      "date": "2021-09-30T00:00:00",
      "quarter_label": "2021-09 (Q3)",
      "revenue": 38957974,
      "gross_profit": null,
      "operating_income": null,
      "net_income": -10618265,
      "opex": 52637048,
      "cogs": null,
      "rd": null,
      "sga": null,
      "fcf": 13988333,
      "ocf": 14715472,
      "capex": -727139,
      "gross_margin": null,
      "op_margin": null,
      "fcf_margin": 0.35906212679334915,
      "fcf_margin_change": 0.060843437404246525
    },
    {
      "date": "2021-12-31T00:00:00",
      "quarter_label": "2021-12 (Q4)",
      "revenue": 43169616,
      "gross_profit": null,
      "operating_income": null,
      "net_income": 2227700,
      "opex": 40155944,
      "cogs": null,
      "rd": null,
      "sga": null,
      "fcf": -6309345,
      "ocf": -4733550,
      "capex": -1575795,
      "gross_margin": null,
      "op_margin": null,
      "fcf_margin": -0.1461524466652657,
      "rev_growth_yoy": 0.21248174695991442,
      "op_leverage_ratio": Infinity,
      "fcf_margin_change": -0.5052145734586149
    },
    {
      "date": "2022-03-31T00:00:00",
      "quarter_label": "2022-03 (Q1)",
      "revenue": 28551295,
      "gross_profit": null,
      "operating_income": null,
      "net_income": -9197532,
      "opex": 40216843,
      "cogs": null,
      "rd": null,
      "sga": null,
      "fcf": -18953206,
      "ocf": -17388078,
      "capex": -1565128,
      "gross_margin": null,
      "op_margin": null,
      "fcf_margin": -0.6638299944013047,
      "rev_growth_yoy": -0.2772409942869948,
      "rev_growth_yoy_accel": -0.4897227412469092,
      "fcf_margin_change": -0.517677547736039
    },
    {
      "date": "2022-06-30T00:00:00",
      "quarter_label": "2022-06 (Q2)",
      "revenue": 28979250,
      "gross_profit": null,
      "operating_income": null,
      "net_income": -5379619,
      "opex": 35761692,
      "cogs": null,
      "rd": null,
      "sga": null,
      "fcf": 2695702,
      "ocf": 3671448,
      "capex": -975746,
      "gross_margin": null,
      "op_margin": null,
      "fcf_margin": 0.09302180008109251,
      "rev_growth_yoy": -0.26820905490238256,
      "rev_growth_yoy_accel": 0.00903193938461222,
      "op_leverage_ratio": Infinity,
      "fcf_margin_change": 0.7568517944823973
    },
    {
      "date": "2022-09-30T00:00:00",
      "quarter_label": "2022-09 (Q3)",
      "revenue": 35537635,
      "gross_profit": null,
      "operating_income": null,
      "net_income": -3997621,
      "opex": 40096924,
      "cogs": null,
      "rd": null,
      "sga": null,
      "fcf": 4993808,
      "ocf": 5795192,
      "capex": -801384,
      "gross_margin": null,
      "op_margin": null,
      "fcf_margin": 0.14052167511991162,
      "rev_growth_yoy": -0.08779560764633192,
      "rev_growth_yoy_accel": 0.18041344725605063,
      "op_leverage_ratio": 1.8668760359990788,
      "fcf_margin_change": 0.04749987503881911
    },
    {
      "date": "2022-12-31T00:00:00",
      "quarter_label": "2022-12 (Q4)",
      "revenue": 37091110,
      "gross_profit": null,
      "operating_income": null,
      "net_income": -3950022,
      "opex": 42026171,
      "cogs": null,
      "rd": null,
      "sga": null,
      "fcf": 5797392,
      "ocf": 7005917,
      "capex": -1208525,
      "gross_margin": null,
      "op_margin": null,
      "fcf_margin": 0.15630138866159574,
      "rev_growth_yoy": -0.14080519039131598,
      "rev_growth_yoy_accel": -0.05300958274498406,
      "op_leverage_ratio": 0.9085293670052553,
      "fcf_margin_change": 0.015779713541684115
    },
    {
      "date": "2023-03-31T00:00:00",
      "quarter_label": "2023-03 (Q1)",
      "revenue": 36627763,
      "gross_profit": null,
      "operating_income": null,
      "net_income": -5054710,
      "opex": 42931446,
      "cogs": null,
      "rd": null,
      "sga": null,
      "fcf": -3832878,
      "ocf": -3366805,
      "capex": -466073,
      "gross_margin": null,
      "op_margin": null,
      "fcf_margin": -0.10464406466755832,
      "rev_growth_yoy": 0.2828757154447811,
      "rev_growth_yoy_accel": 0.4236809058360971,
      "fcf_margin_change": -0.2609454533291541
    },
    {
      "date": "2023-06-30T00:00:00",
      "quarter_label": "2023-06 (Q2)",
      "revenue": 36719988,
      "gross_profit": null,
      "operating_income": null,
      "net_income": -522017,
      "opex": 37283412,
      "cogs": null,
      "rd": null,
      "sga": null,
      "fcf": -14075645,
      "ocf": -13643190,
      "capex": -432455,
      "gross_margin": null,
      "op_margin": null,
      "fcf_margin": -0.38332379084655477,
      "rev_growth_yoy": 0.26711312404565335,
      "rev_growth_yoy_accel": -0.015762591399127723,
      "fcf_margin_change": -0.27867972617899645
    },
    {
      "date": "2023-09-30T00:00:00",
      "quarter_label": "2023-09 (Q3)",
      "revenue": 34236671,
      "gross_profit": null,
      "operating_income": null,
      "net_income": -3537571,
      "opex": 38633229,
      "cogs": null,
      "rd": null,
      "sga": null,
      "fcf": 773923,
      "ocf": 1255651,
      "capex": -481728,
      "gross_margin": null,
      "op_margin": null,
      "fcf_margin": 0.022605089145495482,
      "rev_growth_yoy": -0.036608063536023146,
      "rev_growth_yoy_accel": -0.3037211875816765,
      "fcf_margin_change": 0.40592887999205024
    },
    {
      "date": "2023-12-31T00:00:00",
      "quarter_label": "2023-12 (Q4)",
      "revenue": 36606292,
      "gross_profit": null,
      "operating_income": null,
      "net_income": 2945952,
      "opex": 32708158,
      "cogs": null,
      "rd": null,
      "sga": null,
      "fcf": 3980548,
      "ocf": 4427494,
      "capex": -446946,
      "gross_margin": null,
      "op_margin": null,
      "fcf_margin": 0.10873944839865234,
      "rev_growth_yoy": -0.013071002728146987,
      "rev_growth_yoy_accel": 0.02353706080787616,
      "op_leverage_ratio": Infinity,
      "fcf_margin_change": 0.08613435925315685
    },
    {
      "date": "2024-03-31T00:00:00",
      "quarter_label": "2024-03 (Q1)",
      "revenue": 35765177,
      "gross_profit": null,
      "operating_income": null,
      "net_income": 1426679,
      "opex": 33960474,
      "cogs": null,
      "rd": null,
      "sga": null,
      "fcf": 5557245,
      "ocf": 6098220,
      "capex": -540975,
      "gross_margin": null,
      "op_margin": null,
      "fcf_margin": 0.15538144827299472,
      "rev_growth_yoy": -0.023550059554551556,
      "rev_growth_yoy_accel": -0.010479056826404569,
      "fcf_margin_change": 0.04664199987434238
    },
    {
      "date": "2024-06-30T00:00:00",
      "quarter_label": "2024-06 (Q2)",
      "revenue": 36502115,
      "gross_profit": null,
      "operating_income": null,
      "net_income": 4514937,
      "opex": 30781936,
      "cogs": null,
      "rd": null,
      "sga": null,
      "fcf": 6619164,
      "ocf": 7116668,
      "capex": -497504,
      "gross_margin": null,
      "op_margin": null,
      "fcf_margin": 0.18133645132617657,
      "rev_growth_yoy": -0.005933362505456156,
      "rev_growth_yoy_accel": 0.0176166970490954,
      "op_leverage_ratio": Infinity,
      "fcf_margin_change": 0.025955003053181852
    },
    {
      "date": "2024-09-30T00:00:00",
      "quarter_label": "2024-09 (Q3)",
      "revenue": 40771728,
      "gross_profit": null,
      "operating_income": null,
      "net_income": 6978145,
      "opex": 31687652,
      "cogs": null,
      "rd": null,
      "sga": null,
      "fcf": 21044200,
      "ocf": 21744690,
      "capex": -700490,
      "gross_margin": null,
      "op_margin": null,
      "fcf_margin": 0.5161468751091443,
      "rev_growth_yoy": 0.1908788678665633,
      "rev_growth_yoy_accel": 0.19681223037201945,
      "op_leverage_ratio": 3.9753408743436354,
      "fcf_margin_change": 0.33481042378296766
    },
    {
      "date": "2024-12-31T00:00:00",
      "quarter_label": "2024-12 (Q4)",
      "revenue": 42103083,
      "gross_profit": null,
      "operating_income": null,
      "net_income": 5438675,
      "opex": 35423884,
      "cogs": null,
      "rd": null,
      "sga": null,
      "fcf": 22389957,
      "ocf": 22988193,
      "capex": -598236,
      "gross_margin": null,
      "op_margin": null,
      "fcf_margin": 0.5317890141204149,
      "rev_growth_yoy": 0.1501597321028855,
      "rev_growth_yoy_accel": -0.040719135763677805,
      "op_leverage_ratio": 0.27694337441420386,
      "fcf_margin_change": 0.01564213901127065
    },
    {
      "date": "2025-03-31T00:00:00",
      "quarter_label": "2025-03 (Q1)",
      "revenue": 50498775,
      "gross_profit": null,
      "operating_income": null,
      "net_income": 3882660,
      "opex": 45780434,
      "cogs": null,
      "rd": null,
      "sga": null,
      "fcf": 16993839,
      "ocf": 17857307,
      "capex": -863468,
      "gross_margin": null,
      "op_margin": null,
      "fcf_margin": 0.3365198264710382,
      "rev_growth_yoy": 0.4119537280634736,
      "rev_growth_yoy_accel": 0.26179399596058806,
      "op_leverage_ratio": 0.6820617115124987,
      "fcf_margin_change": -0.19526918764937673
    },
    {
      "date": "2025-06-30T00:00:00",
      "quarter_label": "2025-06 (Q2)",
      "revenue": 52294779,
      "gross_profit": null,
      "operating_income": null,
      "net_income": 11252332,
      "opex": 38128076,
      "cogs": null,
      "rd": null,
      "sga": null,
      "fcf": 8697438,
      "ocf": 9274430,
      "capex": -576992,
      "gross_margin": null,
      "op_margin": null,
      "fcf_margin": 0.1663156086767285,
      "rev_growth_yoy": 0.43265065599623476,
      "rev_growth_yoy_accel": 0.020696927932761178,
      "op_leverage_ratio": Infinity,
      "fcf_margin_change": -0.17020421779430966
    },
    {
      "date": "2025-09-30T00:00:00",
      "quarter_label": "2025-09 (Q3)",
      "revenue": 55652490,
      "gross_profit": null,
      "operating_income": null,
      "net_income": 10872475,
      "opex": 41946368,
      "cogs": null,
      "rd": null,
      "sga": null,
      "fcf": 25277338,
      "ocf": 25929806,
      "capex": -652468,
      "gross_margin": null,
      "op_margin": null,
      "fcf_margin": 0.4541995874757805,
      "rev_growth_yoy": 0.3649774667387166,
      "rev_growth_yoy_accel": -0.06767318925751814,
      "op_leverage_ratio": 0.6411516061806716,
      "fcf_margin_change": 0.287883978799052
    }
  ],
  "signals": [
    {
      "quarter": "2025-09 (Q3)",
      "signal": "FCF MARGIN EXPANSION",
      "detail": "FCF margin: +16.6% -> +45.4% (+28.8%)",
      "severity": "MEDIUM"
    },
    {
      "quarter": "2025-09 (Q3)",
      "signal": "YoY REVENUE GROWTH DECELERATION",
      "detail": "YoY growth: +36.5% vs prior quarter YoY: +43.3% (decel: -6.8%)",
      "severity": "WARNING"
    },
    {
      "quarter": "2025-03 (Q1)",
      "signal": "YoY REVENUE GROWTH ACCELERATION",
      "detail": "YoY growth: +41.2% vs prior quarter YoY: +15.0% (accel: +26.2%)",
      "severity": "HIGH"
    },
    {
      "quarter": "2024-09 (Q3)",
      "signal": "FCF MARGIN EXPANSION",
      "detail": "FCF margin: +18.1% -> +51.6% (+33.5%)",
      "severity": "MEDIUM"
    },
    {
      "quarter": "2024-09 (Q3)",
      "signal": "OPERATING LEVERAGE",
      "detail": "Rev growth +11.7% vs OpEx growth +2.9% (leverage: 4.0x)",
      "severity": "MEDIUM"
    },
    {
      "quarter": "2024-09 (Q3)",
      "signal": "YoY REVENUE GROWTH ACCELERATION",
      "detail": "YoY growth: +19.1% vs prior quarter YoY: -0.6% (accel: +19.7%)",
      "severity": "HIGH"
    },
    {
      "quarter": "2023-12 (Q4)",
      "signal": "FCF MARGIN EXPANSION",
      "detail": "FCF margin: +2.3% -> +10.9% (+8.6%)",
      "severity": "MEDIUM"
    },
    {
      "quarter": "2023-09 (Q3)",
      "signal": "FCF TURNED POSITIVE",
      "detail": "FCF margin: -38.3% -> +2.3%",
      "severity": "HIGH"
    },
    {
      "quarter": "2023-09 (Q3)",
      "signal": "YoY REVENUE GROWTH DECELERATION",
      "detail": "YoY growth: -3.7% vs prior quarter YoY: +26.7% (decel: -30.4%)",
      "severity": "WARNING"
    },
    {
      "quarter": "2023-03 (Q1)",
      "signal": "YoY REVENUE GROWTH ACCELERATION",
      "detail": "YoY growth: +28.3% vs prior quarter YoY: -14.1% (accel: +42.4%)",
      "severity": "HIGH"
    },
    {
      "quarter": "2022-12 (Q4)",
      "signal": "YoY REVENUE GROWTH DECELERATION",
      "detail": "YoY growth: -14.1% vs prior quarter YoY: -8.8% (decel: -5.3%)",
      "severity": "WARNING"
    },
    {
      "quarter": "2022-09 (Q3)",
      "signal": "OPERATING LEVERAGE",
      "detail": "Rev growth +22.6% vs OpEx growth +12.1% (leverage: 1.9x)",
      "severity": "MEDIUM"
    },
    {
      "quarter": "2022-09 (Q3)",
      "signal": "YoY REVENUE GROWTH ACCELERATION",
      "detail": "YoY growth: -8.8% vs prior quarter YoY: -26.8% (accel: +18.0%)",
      "severity": "HIGH"
    },
    {
      "quarter": "2022-06 (Q2)",
      "signal": "FCF TURNED POSITIVE",
      "detail": "FCF margin: -66.4% -> +9.3%",
      "severity": "HIGH"
    },
    {
      "quarter": "2022-03 (Q1)",
      "signal": "YoY REVENUE GROWTH DECELERATION",
      "detail": "YoY growth: -27.7% vs prior quarter YoY: +21.2% (decel: -49.0%)",
      "severity": "WARNING"
    },
    {
      "quarter": "2021-09 (Q3)",
      "signal": "FCF MARGIN EXPANSION",
      "detail": "FCF margin: +29.8% -> +35.9% (+6.1%)",
      "severity": "MEDIUM"
    },
    {
      "quarter": "2021-06 (Q2)",
      "signal": "FCF MARGIN EXPANSION",
      "detail": "FCF margin: +0.9% -> +29.8% (+28.9%)",
      "severity": "MEDIUM"
    },
    {
      "quarter": "2021-03 (Q1)",
      "signal": "FCF TURNED POSITIVE",
      "detail": "FCF margin: -5.2% -> +0.9%",
      "severity": "HIGH"
    }
  ],
  "data_quality": {
    "n_quarters": 20,
    "coverage": {
      "revenue": [
        20,
        20
      ],
      "gross_profit": [
        0,
        20
      ],
      "op_income": [
        0,
        20
      ],
      "fcf": [
        20,
        20
      ]
    },
    "gaps": [],
    "warnings": [
      "gross_profit: no data",
      "op_income: no data"
    ]
  },
  "market_cap": null,
  "source": "SEC EDGAR",
  "last_updated": "2026-02-02T22:58:46.867279"
}