{
  "ticker": "KKRS",
  "name": "KKR & CO. INC.",
  "quarters": [
    {
      "date": "2020-12-31T00:00:00",
      "quarter_label": "2020-12 (Q4)",
      "revenue": 2005164000,
      "gross_profit": null,
      "operating_income": null,
      "net_income": 1511221000,
      "opex": null,
      "cogs": null,
      "rd": null,
      "sga": null,
      "fcf": -1806348000,
      "ocf": -1806348000,
      "capex": null,
      "gross_margin": null,
      "op_margin": null,
      "fcf_margin": -0.9008480104370515
    },
    {
      "date": "2021-03-31T00:00:00",
      "quarter_label": "2021-03 (Q1)",
      "revenue": 4563006000,
      "gross_profit": null,
      "operating_income": null,
      "net_income": 1669836000,
      "opex": null,
      "cogs": null,
      "rd": null,
      "sga": null,
      "fcf": -73166000,
      "ocf": -73166000,
      "capex": null,
      "gross_margin": null,
      "op_margin": null,
      "fcf_margin": -0.01603460525802508,
      "fcf_margin_change": 0.8848134051790264
    },
    {
      "date": "2021-06-30T00:00:00",
      "quarter_label": "2021-06 (Q2)",
      "revenue": 3136181000,
      "gross_profit": null,
      "operating_income": null,
      "net_income": 1315275000,
      "opex": null,
      "cogs": null,
      "rd": null,
      "sga": null,
      "fcf": -1234142000,
      "ocf": -1234142000,
      "capex": null,
      "gross_margin": null,
      "op_margin": null,
      "fcf_margin": -0.3935174659880919,
      "fcf_margin_change": -0.3774828607300668
    },
    {
      "date": "2021-09-30T00:00:00",
      "quarter_label": "2021-09 (Q3)",
      "revenue": 4483365000,
      "gross_profit": null,
      "operating_income": null,
      "net_income": 1156557000,
      "opex": null,
      "cogs": null,
      "rd": null,
      "sga": null,
      "fcf": -2251191000,
      "ocf": -2251191000,
      "capex": null,
      "gross_margin": null,
      "op_margin": null,
      "fcf_margin": -0.5021208400386763,
      "fcf_margin_change": -0.1086033740505844
    },
    {
      "date": "2021-12-31T00:00:00",
      "quarter_label": "2021-12 (Q4)",
      "revenue": 4053596000,
      "gross_profit": null,
      "operating_income": null,
      "net_income": 524808000,
      "opex": null,
      "cogs": null,
      "rd": null,
      "sga": null,
      "fcf": -3618209000,
      "ocf": -3618209000,
      "capex": null,
      "gross_margin": null,
      "op_margin": null,
      "fcf_margin": -0.8925924043737955,
      "rev_growth_yoy": 1.0215782848684696,
      "fcf_margin_change": -0.3904715643351192
    },
    {
      "date": "2022-03-31T00:00:00",
      "quarter_label": "2022-03 (Q1)",
      "revenue": 1004017000,
      "gross_profit": null,
      "operating_income": null,
      "net_income": -56520000,
      "opex": null,
      "cogs": null,
      "rd": null,
      "sga": null,
      "fcf": 916818000,
      "ocf": 916818000,
      "capex": null,
      "gross_margin": null,
      "op_margin": null,
      "fcf_margin": 0.9131498769443147,
      "rev_growth_yoy": -0.7799658821399753,
      "rev_growth_yoy_accel": -1.8015441670084449,
      "fcf_margin_change": 1.80574228131811
    },
    {
      "date": "2022-06-30T00:00:00",
      "quarter_label": "2022-06 (Q2)",
      "revenue": 330070000,
      "gross_profit": null,
      "operating_income": null,
      "net_income": -810684000,
      "opex": null,
      "cogs": null,
      "rd": null,
      "sga": null,
      "fcf": -4063490000,
      "ocf": -4063490000,
      "capex": null,
      "gross_margin": null,
      "op_margin": null,
      "fcf_margin": -12.310994637501135,
      "rev_growth_yoy": -0.8947541611915893,
      "rev_growth_yoy_accel": -0.11478827905161404,
      "fcf_margin_change": -13.22414451444545
    },
    {
      "date": "2022-09-30T00:00:00",
      "quarter_label": "2022-09 (Q3)",
      "revenue": 1858413000,
      "gross_profit": null,
      "operating_income": null,
      "net_income": -74396000,
      "opex": null,
      "cogs": null,
      "rd": null,
      "sga": null,
      "fcf": -1485052000,
      "ocf": -1485052000,
      "capex": null,
      "gross_margin": null,
      "op_margin": null,
      "fcf_margin": -0.7990968638295147,
      "rev_growth_yoy": -0.5854870170061995,
      "rev_growth_yoy_accel": 0.3092671441853898,
      "fcf_margin_change": 11.51189777367162
    },
    {
      "date": "2022-12-31T00:00:00",
      "quarter_label": "2022-12 (Q4)",
      "revenue": 2528695000,
      "gross_profit": null,
      "operating_income": null,
      "net_income": 100470000,
      "opex": null,
      "cogs": null,
      "rd": null,
      "sga": null,
      "fcf": -647535000,
      "ocf": -647535000,
      "capex": null,
      "gross_margin": null,
      "op_margin": null,
      "fcf_margin": -0.2560747737469327,
      "rev_growth_yoy": -0.37618475052767963,
      "rev_growth_yoy_accel": 0.2093022664785199,
      "fcf_margin_change": 0.543022090082582
    },
    {
      "date": "2023-03-31T00:00:00",
      "quarter_label": "2023-03 (Q1)",
      "revenue": 3127482000,
      "gross_profit": null,
      "operating_income": null,
      "net_income": 339994000,
      "opex": null,
      "cogs": null,
      "rd": null,
      "sga": null,
      "fcf": -1932888000,
      "ocf": -1932888000,
      "capex": null,
      "gross_margin": null,
      "op_margin": null,
      "fcf_margin": -0.6180332932371793,
      "rev_growth_yoy": 2.1149691688487344,
      "rev_growth_yoy_accel": 2.491153919376414,
      "fcf_margin_change": -0.36195851949024654
    },
    {
      "date": "2023-06-30T00:00:00",
      "quarter_label": "2023-06 (Q2)",
      "revenue": 3626518000,
      "gross_profit": null,
      "operating_income": null,
      "net_income": 861712000,
      "opex": null,
      "cogs": null,
      "rd": null,
      "sga": null,
      "fcf": -2639121000,
      "ocf": -2639121000,
      "capex": null,
      "gross_margin": null,
      "op_margin": null,
      "fcf_margin": -0.7277286366702165,
      "rev_growth_yoy": 9.987117884085194,
      "rev_growth_yoy_accel": 7.8721487152364595,
      "fcf_margin_change": -0.10969534343303722
    },
    {
      "date": "2023-09-30T00:00:00",
      "quarter_label": "2023-09 (Q3)",
      "revenue": 3315481000,
      "gross_profit": null,
      "operating_income": null,
      "net_income": 1490126000,
      "opex": null,
      "cogs": null,
      "rd": null,
      "sga": null,
      "fcf": 1971073000,
      "ocf": 1971073000,
      "capex": null,
      "gross_margin": null,
      "op_margin": null,
      "fcf_margin": 0.5945058952230461,
      "rev_growth_yoy": 0.7840388546571725,
      "rev_growth_yoy_accel": -9.203079029428022,
      "fcf_margin_change": 1.3222345318932627
    },
    {
      "date": "2023-12-31T00:00:00",
      "quarter_label": "2023-12 (Q4)",
      "revenue": 4429831000,
      "gross_profit": null,
      "operating_income": null,
      "net_income": 1040429000,
      "opex": null,
      "cogs": null,
      "rd": null,
      "sga": null,
      "fcf": 1107124000,
      "ocf": 1107124000,
      "capex": null,
      "gross_margin": null,
      "op_margin": null,
      "fcf_margin": 0.24992465852534781,
      "rev_growth_yoy": 0.751824953187316,
      "rev_growth_yoy_accel": -0.032213901469856476,
      "fcf_margin_change": -0.34458123669769825
    },
    {
      "date": "2024-03-31T00:00:00",
      "quarter_label": "2024-03 (Q1)",
      "revenue": 9656738000,
      "gross_profit": null,
      "operating_income": null,
      "net_income": 682214000,
      "opex": null,
      "cogs": null,
      "rd": null,
      "sga": null,
      "fcf": 1527433000,
      "ocf": 1527433000,
      "capex": null,
      "gross_margin": null,
      "op_margin": null,
      "fcf_margin": 0.15817277014246425,
      "rev_growth_yoy": 2.0877037821480666,
      "rev_growth_yoy_accel": 1.3358788289607506,
      "fcf_margin_change": -0.09175188838288356
    },
    {
      "date": "2024-06-30T00:00:00",
      "quarter_label": "2024-06 (Q2)",
      "revenue": 4171910000,
      "gross_profit": null,
      "operating_income": null,
      "net_income": 667926000,
      "opex": null,
      "cogs": null,
      "rd": null,
      "sga": null,
      "fcf": 3357842000,
      "ocf": 3357842000,
      "capex": null,
      "gross_margin": null,
      "op_margin": null,
      "fcf_margin": 0.8048692325577493,
      "rev_growth_yoy": 0.15038998841312798,
      "rev_growth_yoy_accel": -1.9373137937349387,
      "fcf_margin_change": 0.6466964624152851
    },
    {
      "date": "2024-09-30T00:00:00",
      "quarter_label": "2024-09 (Q3)",
      "revenue": 4791696000,
      "gross_profit": null,
      "operating_income": null,
      "net_income": 600550000,
      "opex": null,
      "cogs": null,
      "rd": null,
      "sga": null,
      "fcf": 1876258000,
      "ocf": 1876258000,
      "capex": null,
      "gross_margin": null,
      "op_margin": null,
      "fcf_margin": 0.39156448990086185,
      "rev_growth_yoy": 0.4452491207158177,
      "rev_growth_yoy_accel": 0.2948591323026897,
      "fcf_margin_change": -0.4133047426568875
    },
    {
      "date": "2024-12-31T00:00:00",
      "quarter_label": "2024-12 (Q4)",
      "revenue": 3258354000,
      "gross_profit": null,
      "operating_income": null,
      "net_income": 1125555000,
      "opex": null,
      "cogs": null,
      "rd": null,
      "sga": null,
      "fcf": -111655000,
      "ocf": -111655000,
      "capex": null,
      "gross_margin": null,
      "op_margin": null,
      "fcf_margin": -0.034267301833993485,
      "rev_growth_yoy": -0.26445184929176757,
      "rev_growth_yoy_accel": -0.7097009700075853,
      "fcf_margin_change": -0.4258317917348553
    },
    {
      "date": "2025-03-31T00:00:00",
      "quarter_label": "2025-03 (Q1)",
      "revenue": 3110183000,
      "gross_profit": null,
      "operating_income": null,
      "net_income": -185924000,
      "opex": null,
      "cogs": null,
      "rd": null,
      "sga": null,
      "fcf": 2549726000,
      "ocf": 2549726000,
      "capex": null,
      "gross_margin": null,
      "op_margin": null,
      "fcf_margin": 0.8197993494273488,
      "rev_growth_yoy": -0.6779261278497978,
      "rev_growth_yoy_accel": -0.4134742785580302,
      "fcf_margin_change": 0.8540666512613423
    },
    {
      "date": "2025-06-30T00:00:00",
      "quarter_label": "2025-06 (Q2)",
      "revenue": 5088843000,
      "gross_profit": null,
      "operating_income": null,
      "net_income": 510123000,
      "opex": null,
      "cogs": null,
      "rd": null,
      "sga": null,
      "fcf": 438756000,
      "ocf": 438756000,
      "capex": null,
      "gross_margin": null,
      "op_margin": null,
      "fcf_margin": 0.08621920542645942,
      "rev_growth_yoy": 0.21978733961183247,
      "rev_growth_yoy_accel": 0.8977134674616303,
      "fcf_margin_change": -0.7335801440008893
    },
    {
      "date": "2025-09-30T00:00:00",
      "quarter_label": "2025-09 (Q3)",
      "revenue": 5525975000,
      "gross_profit": null,
      "operating_income": null,
      "net_income": 900357000,
      "opex": null,
      "cogs": null,
      "rd": null,
      "sga": null,
      "fcf": 2389609000,
      "ocf": 2389609000,
      "capex": null,
      "gross_margin": null,
      "op_margin": null,
      "fcf_margin": 0.4324321047416972,
      "rev_growth_yoy": 0.1532398966879368,
      "rev_growth_yoy_accel": -0.06654744292389567,
      "fcf_margin_change": 0.3462128993152378
    }
  ],
  "signals": [
    {
      "quarter": "2025-09 (Q3)",
      "signal": "FCF MARGIN EXPANSION",
      "detail": "FCF margin: +8.6% -> +43.2% (+34.6%)",
      "severity": "MEDIUM"
    },
    {
      "quarter": "2025-09 (Q3)",
      "signal": "YoY REVENUE GROWTH DECELERATION",
      "detail": "YoY growth: +15.3% vs prior quarter YoY: +22.0% (decel: -6.7%)",
      "severity": "WARNING"
    },
    {
      "quarter": "2025-06 (Q2)",
      "signal": "YoY REVENUE GROWTH ACCELERATION",
      "detail": "YoY growth: +22.0% vs prior quarter YoY: -67.8% (accel: +89.8%)",
      "severity": "HIGH"
    },
    {
      "quarter": "2025-03 (Q1)",
      "signal": "FCF TURNED POSITIVE",
      "detail": "FCF margin: -3.4% -> +82.0%",
      "severity": "HIGH"
    },
    {
      "quarter": "2025-03 (Q1)",
      "signal": "YoY REVENUE GROWTH DECELERATION",
      "detail": "YoY growth: -67.8% vs prior quarter YoY: -26.4% (decel: -41.3%)",
      "severity": "WARNING"
    },
    {
      "quarter": "2024-12 (Q4)",
      "signal": "YoY REVENUE GROWTH DECELERATION",
      "detail": "YoY growth: -26.4% vs prior quarter YoY: +44.5% (decel: -71.0%)",
      "severity": "WARNING"
    },
    {
      "quarter": "2024-09 (Q3)",
      "signal": "YoY REVENUE GROWTH ACCELERATION",
      "detail": "YoY growth: +44.5% vs prior quarter YoY: +15.0% (accel: +29.5%)",
      "severity": "HIGH"
    },
    {
      "quarter": "2024-06 (Q2)",
      "signal": "FCF MARGIN EXPANSION",
      "detail": "FCF margin: +15.8% -> +80.5% (+64.7%)",
      "severity": "MEDIUM"
    },
    {
      "quarter": "2024-06 (Q2)",
      "signal": "YoY REVENUE GROWTH DECELERATION",
      "detail": "YoY growth: +15.0% vs prior quarter YoY: +208.8% (decel: -193.7%)",
      "severity": "WARNING"
    },
    {
      "quarter": "2024-03 (Q1)",
      "signal": "YoY REVENUE GROWTH ACCELERATION",
      "detail": "YoY growth: +208.8% vs prior quarter YoY: +75.2% (accel: +133.6%)",
      "severity": "HIGH"
    },
    {
      "quarter": "2023-09 (Q3)",
      "signal": "FCF TURNED POSITIVE",
      "detail": "FCF margin: -72.8% -> +59.5%",
      "severity": "HIGH"
    },
    {
      "quarter": "2023-09 (Q3)",
      "signal": "YoY REVENUE GROWTH DECELERATION",
      "detail": "YoY growth: +78.4% vs prior quarter YoY: +998.7% (decel: -920.3%)",
      "severity": "WARNING"
    },
    {
      "quarter": "2023-06 (Q2)",
      "signal": "YoY REVENUE GROWTH ACCELERATION",
      "detail": "YoY growth: +998.7% vs prior quarter YoY: +211.5% (accel: +787.2%)",
      "severity": "HIGH"
    },
    {
      "quarter": "2023-03 (Q1)",
      "signal": "YoY REVENUE GROWTH ACCELERATION",
      "detail": "YoY growth: +211.5% vs prior quarter YoY: -37.6% (accel: +249.1%)",
      "severity": "HIGH"
    },
    {
      "quarter": "2022-12 (Q4)",
      "signal": "FCF MARGIN EXPANSION",
      "detail": "FCF margin: -79.9% -> -25.6% (+54.3%)",
      "severity": "MEDIUM"
    },
    {
      "quarter": "2022-12 (Q4)",
      "signal": "YoY REVENUE GROWTH ACCELERATION",
      "detail": "YoY growth: -37.6% vs prior quarter YoY: -58.5% (accel: +20.9%)",
      "severity": "HIGH"
    },
    {
      "quarter": "2022-09 (Q3)",
      "signal": "FCF MARGIN EXPANSION",
      "detail": "FCF margin: -1231.1% -> -79.9% (+1151.2%)",
      "severity": "MEDIUM"
    },
    {
      "quarter": "2022-09 (Q3)",
      "signal": "YoY REVENUE GROWTH ACCELERATION",
      "detail": "YoY growth: -58.5% vs prior quarter YoY: -89.5% (accel: +30.9%)",
      "severity": "HIGH"
    },
    {
      "quarter": "2022-06 (Q2)",
      "signal": "YoY REVENUE GROWTH DECELERATION",
      "detail": "YoY growth: -89.5% vs prior quarter YoY: -78.0% (decel: -11.5%)",
      "severity": "WARNING"
    },
    {
      "quarter": "2022-03 (Q1)",
      "signal": "FCF TURNED POSITIVE",
      "detail": "FCF margin: -89.3% -> +91.3%",
      "severity": "HIGH"
    },
    {
      "quarter": "2022-03 (Q1)",
      "signal": "YoY REVENUE GROWTH DECELERATION",
      "detail": "YoY growth: -78.0% vs prior quarter YoY: +102.2% (decel: -180.2%)",
      "severity": "WARNING"
    },
    {
      "quarter": "2021-03 (Q1)",
      "signal": "FCF MARGIN EXPANSION",
      "detail": "FCF margin: -90.1% -> -1.6% (+88.5%)",
      "severity": "MEDIUM"
    }
  ],
  "data_quality": {
    "n_quarters": 20,
    "coverage": {
      "revenue": [
        20,
        20
      ],
      "gross_profit": [
        0,
        20
      ],
      "op_income": [
        0,
        20
      ],
      "fcf": [
        20,
        20
      ]
    },
    "gaps": [],
    "warnings": [
      "gross_profit: no data",
      "op_income: no data"
    ]
  },
  "market_cap": null,
  "source": "SEC EDGAR",
  "last_updated": "2026-02-03T01:09:36.114946"
}