{
  "ticker": "KLAC",
  "name": "KLA CORPORATION",
  "quarters": [
    {
      "date": "2021-03-31T00:00:00",
      "quarter_label": "2021-03 (Q1)",
      "revenue": 1803773000,
      "gross_profit": 1094144000,
      "operating_income": null,
      "net_income": 567496000,
      "opex": null,
      "cogs": 709629000,
      "rd": 238957000,
      "sga": 183040000,
      "fcf": 584967000,
      "ocf": 646150000,
      "capex": -61183000,
      "gross_margin": 0.606586305483007,
      "op_margin": null,
      "fcf_margin": 0.3243018938635848
    },
    {
      "date": "2021-06-30T00:00:00",
      "quarter_label": "2021-06 (Q2)",
      "revenue": 1925471000,
      "gross_profit": 1153230000,
      "operating_income": null,
      "net_income": 632978000,
      "opex": null,
      "cogs": 772241000,
      "rd": 241428000,
      "sga": 192022000,
      "fcf": 410248000,
      "ocf": 465624000,
      "capex": -55376000,
      "gross_margin": 0.598933975115699,
      "op_margin": null,
      "fcf_margin": 0.21306371272275718,
      "fcf_margin_change": -0.11123818114082765
    },
    {
      "date": "2021-09-30T00:00:00",
      "quarter_label": "2021-09 (Q3)",
      "revenue": 2083838000,
      "gross_profit": 1270214000,
      "operating_income": null,
      "net_income": 1068417000,
      "opex": null,
      "cogs": 813624000,
      "rd": 258153000,
      "sga": 193261000,
      "fcf": 794842000,
      "ocf": 863797000,
      "capex": -68955000,
      "gross_margin": 0.6095550613819308,
      "op_margin": null,
      "fcf_margin": 0.3814317619699804,
      "fcf_margin_change": 0.16836804924722323
    },
    {
      "date": "2021-12-31T00:00:00",
      "quarter_label": "2021-12 (Q4)",
      "revenue": 2352630000,
      "gross_profit": 1444468000,
      "operating_income": null,
      "net_income": 717444000,
      "opex": null,
      "cogs": 908162000,
      "rd": 265031000,
      "sga": 213479000,
      "fcf": 745897000,
      "ocf": 810798000,
      "capex": -64901000,
      "gross_margin": 0.6139800988680753,
      "op_margin": null,
      "fcf_margin": 0.31704815461844826,
      "fcf_margin_change": -0.06438360735153215
    },
    {
      "date": "2022-03-31T00:00:00",
      "quarter_label": "2022-03 (Q1)",
      "revenue": 2288676000,
      "gross_profit": 1396585000,
      "operating_income": null,
      "net_income": 730572000,
      "opex": null,
      "cogs": 892091000,
      "rd": 285189000,
      "sga": 216489000,
      "fcf": 718574000,
      "ocf": 818878000,
      "capex": -100304000,
      "gross_margin": 0.6102152510884022,
      "op_margin": null,
      "fcf_margin": 0.31396929928045736,
      "rev_growth_yoy": 0.26882706415940366,
      "fcf_margin_change": -0.0030788553379909045
    },
    {
      "date": "2022-06-30T00:00:00",
      "quarter_label": "2022-06 (Q2)",
      "revenue": 2486739000,
      "gross_profit": 1508175000,
      "operating_income": null,
      "net_income": 805374000,
      "opex": null,
      "cogs": 978564000,
      "rd": 296881000,
      "sga": 236778000,
      "fcf": 746069000,
      "ocf": 819229000,
      "capex": -73160000,
      "gross_margin": 0.6064870499075296,
      "op_margin": null,
      "fcf_margin": 0.30001902089443244,
      "rev_growth_yoy": 0.2914964702143008,
      "rev_growth_yoy_accel": 0.022669406054897145,
      "fcf_margin_change": -0.013950278386024917
    },
    {
      "date": "2022-09-30T00:00:00",
      "quarter_label": "2022-09 (Q3)",
      "revenue": 2724424000,
      "gross_profit": 1683198000,
      "operating_income": null,
      "net_income": 1025991000,
      "opex": null,
      "cogs": 1041226000,
      "rd": 318515000,
      "sga": 253980000,
      "fcf": 927193000,
      "ocf": 1011545000,
      "capex": -84352000,
      "gross_margin": 0.6178179314233027,
      "op_margin": null,
      "fcf_margin": 0.3403262487777233,
      "rev_growth_yoy": 0.30740681377343154,
      "rev_growth_yoy_accel": 0.015910343559130735,
      "fcf_margin_change": 0.04030722788329083
    },
    {
      "date": "2022-12-31T00:00:00",
      "quarter_label": "2022-12 (Q4)",
      "revenue": 2983887000,
      "gross_profit": 1775101000,
      "operating_income": null,
      "net_income": 978795000,
      "opex": null,
      "cogs": 1208786000,
      "rd": 332826000,
      "sga": 243096000,
      "fcf": 594648000,
      "ocf": 688290000,
      "capex": -93642000,
      "gross_margin": 0.5948955171559781,
      "op_margin": null,
      "fcf_margin": 0.19928636707757366,
      "rev_growth_yoy": 0.2683197102816848,
      "rev_growth_yoy_accel": -0.039087103491746766,
      "fcf_margin_change": -0.1410398817001496
    },
    {
      "date": "2023-03-31T00:00:00",
      "quarter_label": "2023-03 (Q1)",
      "revenue": 2432608000,
      "gross_profit": 1427262000,
      "operating_income": null,
      "net_income": 697837000,
      "opex": null,
      "cogs": 1005346000,
      "rd": 328276000,
      "sga": 238393000,
      "fcf": 925941000,
      "ocf": 1010855000,
      "capex": -84914000,
      "gross_margin": 0.5867209184545968,
      "op_margin": null,
      "fcf_margin": 0.38063715978900015,
      "rev_growth_yoy": 0.0628887618867852,
      "rev_growth_yoy_accel": -0.20543094839489956,
      "fcf_margin_change": 0.18135079271142648
    },
    {
      "date": "2023-06-30T00:00:00",
      "quarter_label": "2023-06 (Q2)",
      "revenue": 2355137000,
      "gross_profit": 1392188000,
      "operating_income": null,
      "net_income": 684654000,
      "opex": null,
      "cogs": 962949000,
      "rd": 317110000,
      "sga": 250857000,
      "fcf": 880432000,
      "ocf": 959115000,
      "capex": -78683000,
      "gross_margin": 0.5911282443441719,
      "op_margin": null,
      "fcf_margin": 0.37383472808588203,
      "rev_growth_yoy": -0.05292151689421367,
      "rev_growth_yoy_accel": -0.11581027878099887,
      "fcf_margin_change": -0.006802431703118117
    },
    {
      "date": "2023-09-30T00:00:00",
      "quarter_label": "2023-09 (Q3)",
      "revenue": 2396956000,
      "gross_profit": 1450065000,
      "operating_income": null,
      "net_income": 741375000,
      "opex": null,
      "cogs": 946891000,
      "rd": 311214000,
      "sga": 239645000,
      "fcf": 815695000,
      "ocf": 883740000,
      "capex": -68045000,
      "gross_margin": 0.6049610422552604,
      "op_margin": null,
      "fcf_margin": 0.3403045362534815,
      "rev_growth_yoy": -0.1201971499296732,
      "rev_growth_yoy_accel": -0.06727563303545953,
      "fcf_margin_change": -0.033530191832400524
    },
    {
      "date": "2023-12-31T00:00:00",
      "quarter_label": "2023-12 (Q4)",
      "revenue": 2486726000,
      "gross_profit": 1509980000,
      "operating_income": null,
      "net_income": 582534000,
      "opex": null,
      "cogs": 976746000,
      "rd": 320418000,
      "sga": 237244000,
      "fcf": 545441000,
      "ocf": 622242000,
      "capex": -76801000,
      "gross_margin": 0.6072160744690006,
      "op_margin": null,
      "fcf_margin": 0.21934101304285233,
      "rev_growth_yoy": -0.1666152236998251,
      "rev_growth_yoy_accel": -0.04641807377015189,
      "fcf_margin_change": -0.12096352321062917
    },
    {
      "date": "2024-03-31T00:00:00",
      "quarter_label": "2024-03 (Q1)",
      "revenue": 2359830000,
      "gross_profit": 1365945000,
      "operating_income": null,
      "net_income": 601541000,
      "opex": null,
      "cogs": 993885000,
      "rd": 321590000,
      "sga": 237514000,
      "fcf": 838185000,
      "ocf": 909978000,
      "capex": -71793000,
      "gross_margin": 0.5788319497590928,
      "op_margin": null,
      "fcf_margin": 0.3551887212214439,
      "rev_growth_yoy": -0.029917685052421105,
      "rev_growth_yoy_accel": 0.136697538647404,
      "fcf_margin_change": 0.13584770817859157
    },
    {
      "date": "2024-06-30T00:00:00",
      "quarter_label": "2024-06 (Q2)",
      "revenue": 2568735000,
      "gross_profit": 1558184000,
      "operating_income": null,
      "net_income": 836446000,
      "opex": null,
      "cogs": 1010551000,
      "rd": 325759000,
      "sga": 255106000,
      "fcf": 831870000,
      "ocf": 892615000,
      "capex": -60745000,
      "gross_margin": 0.6065958536010916,
      "op_margin": null,
      "fcf_margin": 0.3238442268276019,
      "rev_growth_yoy": 0.09069451161439865,
      "rev_growth_yoy_accel": 0.12061219666681976,
      "fcf_margin_change": -0.031344494393842015
    },
    {
      "date": "2024-09-30T00:00:00",
      "quarter_label": "2024-09 (Q3)",
      "revenue": 2841541000,
      "gross_profit": 1694110000,
      "operating_income": null,
      "net_income": 945851000,
      "opex": null,
      "cogs": 1147431000,
      "rd": 323145000,
      "sga": 251042000,
      "fcf": 934845000,
      "ocf": 995238000,
      "capex": -60393000,
      "gross_margin": 0.5961941073523134,
      "op_margin": null,
      "fcf_margin": 0.3289922615932693,
      "rev_growth_yoy": 0.18547899919731525,
      "rev_growth_yoy_accel": 0.0947844875829166,
      "fcf_margin_change": 0.005148034765667386
    },
    {
      "date": "2024-12-31T00:00:00",
      "quarter_label": "2024-12 (Q4)",
      "revenue": 3076851000,
      "gross_profit": 1855390000,
      "operating_income": null,
      "net_income": 824527000,
      "opex": null,
      "cogs": 1221461000,
      "rd": 346157000,
      "sga": 267081000,
      "fcf": 757192000,
      "ocf": 849515000,
      "capex": -92323000,
      "gross_margin": 0.6030158756468871,
      "op_margin": null,
      "fcf_margin": 0.24609316473238385,
      "rev_growth_yoy": 0.23731002128903628,
      "rev_growth_yoy_accel": 0.051831022091721024,
      "fcf_margin_change": -0.08289909686088542
    },
    {
      "date": "2025-03-31T00:00:00",
      "quarter_label": "2025-03 (Q1)",
      "revenue": 3063029000,
      "gross_profit": 1887340000,
      "operating_income": null,
      "net_income": 1088416000,
      "opex": null,
      "cogs": 1175689000,
      "rd": 338043000,
      "sga": 248905000,
      "fcf": 990024000,
      "ocf": 1072159000,
      "capex": -82135000,
      "gross_margin": 0.6161678521489675,
      "op_margin": null,
      "fcf_margin": 0.32321731201369625,
      "rev_growth_yoy": 0.29798714314166697,
      "rev_growth_yoy_accel": 0.06067712185263069,
      "fcf_margin_change": 0.0771241472813124
    },
    {
      "date": "2025-06-30T00:00:00",
      "quarter_label": "2025-06 (Q2)",
      "revenue": 3174741000,
      "gross_profit": 1967455000,
      "operating_income": null,
      "net_income": 1202849000,
      "opex": null,
      "cogs": 1207286000,
      "rd": 352989000,
      "sga": 262706000,
      "fcf": 1064583000,
      "ocf": 1164991000,
      "capex": -100408000,
      "gross_margin": 0.6197214197945596,
      "op_margin": null,
      "fcf_margin": 0.33532908668770145,
      "rev_growth_yoy": 0.2359161221379395,
      "rev_growth_yoy_accel": -0.06207102100372747,
      "fcf_margin_change": 0.012111774674005205
    },
    {
      "date": "2025-09-30T00:00:00",
      "quarter_label": "2025-09 (Q3)",
      "revenue": 3209696000,
      "gross_profit": 1966626000,
      "operating_income": null,
      "net_income": 1121040000,
      "opex": null,
      "cogs": 1243070000,
      "rd": 360461000,
      "sga": 268988000,
      "fcf": 1065697000,
      "ocf": 1161591000,
      "capex": -95894000,
      "gross_margin": 0.6127141012731424,
      "op_margin": null,
      "fcf_margin": 0.3320242789348275,
      "rev_growth_yoy": 0.1295617413227541,
      "rev_growth_yoy_accel": -0.10635438081518539,
      "fcf_margin_change": -0.0033048077528739506
    },
    {
      "date": "2025-12-31T00:00:00",
      "quarter_label": "2025-12 (Q4)",
      "revenue": 3297146000,
      "gross_profit": 2025936000,
      "operating_income": null,
      "net_income": 1145682000,
      "opex": null,
      "cogs": 1271210000,
      "rd": 383871000,
      "sga": 279919000,
      "fcf": 1262031000,
      "ocf": 1367607000,
      "capex": -105576000,
      "gross_margin": 0.6144514073686759,
      "op_margin": null,
      "fcf_margin": 0.38276466980837365,
      "rev_growth_yoy": 0.07159755217265965,
      "rev_growth_yoy_accel": -0.057964189150094464,
      "fcf_margin_change": 0.05074039087354615
    }
  ],
  "signals": [
    {
      "quarter": "2025-12 (Q4)",
      "signal": "FCF MARGIN EXPANSION",
      "detail": "FCF margin: +33.2% -> +38.3% (+5.1%)",
      "severity": "MEDIUM"
    },
    {
      "quarter": "2025-12 (Q4)",
      "signal": "YoY REVENUE GROWTH DECELERATION",
      "detail": "YoY growth: +7.2% vs prior quarter YoY: +13.0% (decel: -5.8%)",
      "severity": "WARNING"
    },
    {
      "quarter": "2025-09 (Q3)",
      "signal": "YoY REVENUE GROWTH DECELERATION",
      "detail": "YoY growth: +13.0% vs prior quarter YoY: +23.6% (decel: -10.6%)",
      "severity": "WARNING"
    },
    {
      "quarter": "2025-06 (Q2)",
      "signal": "YoY REVENUE GROWTH DECELERATION",
      "detail": "YoY growth: +23.6% vs prior quarter YoY: +29.8% (decel: -6.2%)",
      "severity": "WARNING"
    },
    {
      "quarter": "2025-03 (Q1)",
      "signal": "FCF MARGIN EXPANSION",
      "detail": "FCF margin: +24.6% -> +32.3% (+7.7%)",
      "severity": "MEDIUM"
    },
    {
      "quarter": "2025-03 (Q1)",
      "signal": "YoY REVENUE GROWTH ACCELERATION",
      "detail": "YoY growth: +29.8% vs prior quarter YoY: +23.7% (accel: +6.1%)",
      "severity": "MEDIUM"
    },
    {
      "quarter": "2024-12 (Q4)",
      "signal": "YoY REVENUE GROWTH ACCELERATION",
      "detail": "YoY growth: +23.7% vs prior quarter YoY: +18.5% (accel: +5.2%)",
      "severity": "MEDIUM"
    },
    {
      "quarter": "2024-09 (Q3)",
      "signal": "YoY REVENUE GROWTH ACCELERATION",
      "detail": "YoY growth: +18.5% vs prior quarter YoY: +9.1% (accel: +9.5%)",
      "severity": "MEDIUM"
    },
    {
      "quarter": "2024-06 (Q2)",
      "signal": "GROSS MARGIN INFLECTION",
      "detail": "GM: +60.7% -> +57.9% -> +60.7% (reversal +2.8%)",
      "severity": "MEDIUM"
    },
    {
      "quarter": "2024-06 (Q2)",
      "signal": "YoY REVENUE GROWTH ACCELERATION",
      "detail": "YoY growth: +9.1% vs prior quarter YoY: -3.0% (accel: +12.1%)",
      "severity": "MEDIUM"
    },
    {
      "quarter": "2024-03 (Q1)",
      "signal": "FCF MARGIN EXPANSION",
      "detail": "FCF margin: +21.9% -> +35.5% (+13.6%)",
      "severity": "MEDIUM"
    },
    {
      "quarter": "2024-03 (Q1)",
      "signal": "YoY REVENUE GROWTH ACCELERATION",
      "detail": "YoY growth: -3.0% vs prior quarter YoY: -16.7% (accel: +13.7%)",
      "severity": "MEDIUM"
    },
    {
      "quarter": "2023-09 (Q3)",
      "signal": "YoY REVENUE GROWTH DECELERATION",
      "detail": "YoY growth: -12.0% vs prior quarter YoY: -5.3% (decel: -6.7%)",
      "severity": "WARNING"
    },
    {
      "quarter": "2023-06 (Q2)",
      "signal": "YoY REVENUE GROWTH DECELERATION",
      "detail": "YoY growth: -5.3% vs prior quarter YoY: +6.3% (decel: -11.6%)",
      "severity": "WARNING"
    },
    {
      "quarter": "2023-03 (Q1)",
      "signal": "FCF MARGIN EXPANSION",
      "detail": "FCF margin: +19.9% -> +38.1% (+18.1%)",
      "severity": "MEDIUM"
    },
    {
      "quarter": "2023-03 (Q1)",
      "signal": "YoY REVENUE GROWTH DECELERATION",
      "detail": "YoY growth: +6.3% vs prior quarter YoY: +26.8% (decel: -20.5%)",
      "severity": "WARNING"
    },
    {
      "quarter": "2021-09 (Q3)",
      "signal": "FCF MARGIN EXPANSION",
      "detail": "FCF margin: +21.3% -> +38.1% (+16.8%)",
      "severity": "MEDIUM"
    }
  ],
  "data_quality": {
    "n_quarters": 20,
    "coverage": {
      "revenue": [
        20,
        20
      ],
      "gross_profit": [
        20,
        20
      ],
      "op_income": [
        0,
        20
      ],
      "fcf": [
        20,
        20
      ]
    },
    "gaps": [],
    "warnings": [
      "op_income: no data"
    ]
  },
  "market_cap": null,
  "source": "SEC EDGAR",
  "last_updated": "2026-02-03T16:23:16.978140",
  "sector": "Technology",
  "industry": "Semiconductor Equipment & Materials"
}