{
  "ticker": "KLC",
  "name": "KinderCare Learning Companies, Inc.",
  "quarters": [
    {
      "date": "2023-04-01T00:00:00",
      "quarter_label": "2023-04 (Q2)",
      "revenue": 612619000,
      "gross_profit": null,
      "operating_income": 70646000,
      "net_income": 28524000,
      "opex": null,
      "cogs": null,
      "rd": null,
      "sga": null,
      "fcf": null,
      "ocf": null,
      "capex": null,
      "gross_margin": null,
      "op_margin": 0.11531800352258093,
      "fcf_margin": null
    },
    {
      "date": "2023-07-01T00:00:00",
      "quarter_label": "2023-07 (Q3)",
      "revenue": 655099000,
      "gross_profit": null,
      "operating_income": 97257000,
      "net_income": 43171000,
      "opex": null,
      "cogs": null,
      "rd": null,
      "sga": null,
      "fcf": null,
      "ocf": null,
      "capex": null,
      "gross_margin": null,
      "op_margin": 0.14846153024199396,
      "fcf_margin": null
    },
    {
      "date": "2023-09-30T00:00:00",
      "quarter_label": "2023-09 (Q3)",
      "revenue": 624468000,
      "gross_profit": 156046000,
      "operating_income": 58724000,
      "net_income": 16036000,
      "opex": 565744000,
      "cogs": 468422000,
      "rd": null,
      "sga": 68477000,
      "fcf": null,
      "ocf": null,
      "capex": null,
      "gross_margin": 0.24988630322130198,
      "op_margin": 0.09403844552483073,
      "fcf_margin": null
    },
    {
      "date": "2023-12-30T00:00:00",
      "quarter_label": "2023-12 (Q4)",
      "revenue": 617996000,
      "gross_profit": 150971000,
      "operating_income": 48659000,
      "net_income": 14827000,
      "opex": 569337000,
      "cogs": 467025000,
      "rd": null,
      "sga": 67370000,
      "fcf": -43495000,
      "ocf": -4224000,
      "capex": -39271000,
      "gross_margin": 0.24429122518592353,
      "op_margin": 0.078736755577706,
      "fcf_margin": -0.07038071443828116
    },
    {
      "date": "2024-03-30T00:00:00",
      "quarter_label": "2024-03 (Q1)",
      "revenue": 654670000,
      "gross_profit": 156976000,
      "operating_income": 33619000,
      "net_income": -1751000,
      "opex": 621051000,
      "cogs": 497694000,
      "rd": null,
      "sga": 90455000,
      "fcf": 40011000,
      "ocf": 64119000,
      "capex": -24108000,
      "gross_margin": 0.23977881986344265,
      "op_margin": 0.051352589854430475,
      "fcf_margin": 0.06111628759527701,
      "incr_op_margin_yoy": -0.8805260279184799,
      "rev_growth_yoy": 0.06864135784231308,
      "op_leverage_ratio": 0.6533319454295395,
      "fcf_margin_change": 0.13149700203355816
    },
    {
      "date": "2024-06-29T00:00:00",
      "quarter_label": "2024-06 (Q2)",
      "revenue": 689933000,
      "gross_profit": 189902000,
      "operating_income": 80586000,
      "net_income": 28535000,
      "opex": 609347000,
      "cogs": 500031000,
      "rd": null,
      "sga": 78583000,
      "fcf": -22914000,
      "ocf": 5934000,
      "capex": -28848000,
      "gross_margin": 0.27524701673930657,
      "op_margin": 0.11680264605403713,
      "fcf_margin": -0.033211920577795234,
      "incr_op_margin_yoy": -0.47858414193029797,
      "rev_growth_yoy": 0.05317364245709427,
      "rev_growth_yoy_accel": -0.015467715385218808,
      "op_leverage_ratio": Infinity,
      "fcf_margin_change": -0.09432820817307225
    },
    {
      "date": "2024-09-28T00:00:00",
      "quarter_label": "2024-09 (Q3)",
      "revenue": 671476000,
      "gross_profit": 150383000,
      "operating_income": 54375000,
      "net_income": 13959000,
      "opex": 617101000,
      "cogs": 521093000,
      "rd": null,
      "sga": 65110000,
      "fcf": 45025000,
      "ocf": 86683000,
      "capex": -41658000,
      "gross_margin": 0.223958860778345,
      "op_margin": 0.08097832238233385,
      "fcf_margin": 0.06705377407383138,
      "incr_op_margin_yoy": -0.09251616746085772,
      "rev_growth_yoy": 0.0752768756765759,
      "rev_growth_yoy_accel": 0.022103233219481627,
      "fcf_margin_change": 0.10026569465162662
    },
    {
      "date": "2024-12-28T00:00:00",
      "quarter_label": "2024-12 (Q4)",
      "revenue": 646956000,
      "gross_profit": 133261000,
      "operating_income": -89262000,
      "net_income": -133583000,
      "opex": 736218000,
      "cogs": 513695000,
      "rd": null,
      "sga": 188915000,
      "fcf": -78557000,
      "ocf": -40849000,
      "capex": -37708000,
      "gross_margin": 0.2059815505227558,
      "op_margin": -0.13797228868732958,
      "fcf_margin": -0.12142556835395298,
      "incr_op_margin_yoy": -4.76246546961326,
      "rev_growth_yoy": 0.046861144732328365,
      "rev_growth_yoy_accel": -0.028415730944247534,
      "fcf_margin_change": -0.18847934242778436
    },
    {
      "date": "2025-03-29T00:00:00",
      "quarter_label": "2025-03 (Q1)",
      "revenue": 668244000,
      "gross_profit": 152056000,
      "operating_income": 48842000,
      "net_income": 21157000,
      "opex": 619402000,
      "cogs": 516188000,
      "rd": null,
      "sga": 71727000,
      "fcf": 75084000,
      "ocf": 98444000,
      "capex": -23360000,
      "gross_margin": 0.2275456270464082,
      "op_margin": 0.07309006889698973,
      "fcf_margin": 0.11236015587120872,
      "incr_op_margin_yoy": 1.1214822454692794,
      "rev_growth_yoy": 0.020734110315120596,
      "rev_growth_yoy_accel": -0.02612703441720777,
      "op_leverage_ratio": Infinity,
      "fcf_margin_change": 0.2337857242251617
    },
    {
      "date": "2025-06-28T00:00:00",
      "quarter_label": "2025-06 (Q2)",
      "revenue": 700110000,
      "gross_profit": 180633000,
      "operating_income": 68676000,
      "net_income": 38588000,
      "opex": 631434000,
      "cogs": 519477000,
      "rd": null,
      "sga": 78648000,
      "fcf": 671000,
      "ocf": 35046000,
      "capex": -34375000,
      "gross_margin": 0.2580065989630201,
      "op_margin": 0.09809315678964733,
      "fcf_margin": 0.0009584208195854937,
      "incr_op_margin_yoy": -1.1702859388817923,
      "rev_growth_yoy": 0.014750707677412154,
      "rev_growth_yoy_accel": -0.005983402637708442,
      "op_leverage_ratio": 2.4548630206556292,
      "fcf_margin_change": -0.11140173505162322
    },
    {
      "date": "2025-09-27T00:00:00",
      "quarter_label": "2025-09 (Q3)",
      "revenue": 676830000,
      "gross_profit": 133691000,
      "operating_income": 26320000,
      "net_income": 4550000,
      "opex": 650510000,
      "cogs": 543139000,
      "rd": null,
      "sga": 73043000,
      "fcf": 62602000,
      "ocf": 100792000,
      "capex": -38190000,
      "gross_margin": 0.19752522790065452,
      "op_margin": 0.03888716516702865,
      "fcf_margin": 0.09249294505267201,
      "incr_op_margin_yoy": -5.240007471049682,
      "rev_growth_yoy": 0.007973479320184192,
      "rev_growth_yoy_accel": -0.006777228357227962,
      "fcf_margin_change": 0.09153452423308651
    }
  ],
  "signals": [
    {
      "quarter": "2025-09 (Q3)",
      "signal": "FCF MARGIN EXPANSION",
      "detail": "FCF margin: +0.1% -> +9.2% (+9.2%)",
      "severity": "MEDIUM"
    },
    {
      "quarter": "2025-06 (Q2)",
      "signal": "OPERATING LEVERAGE",
      "detail": "Rev growth +4.8% vs OpEx growth +1.9% (leverage: 2.5x)",
      "severity": "MEDIUM"
    },
    {
      "quarter": "2025-03 (Q1)",
      "signal": "FCF TURNED POSITIVE",
      "detail": "FCF margin: -12.1% -> +11.2%",
      "severity": "HIGH"
    },
    {
      "quarter": "2025-03 (Q1)",
      "signal": "GROSS MARGIN INFLECTION",
      "detail": "GM: +22.4% -> +20.6% -> +22.8% (reversal +2.2%)",
      "severity": "MEDIUM"
    },
    {
      "quarter": "2025-03 (Q1)",
      "signal": "INCREMENTAL MARGIN (YoY)",
      "detail": "YoY Incr OPM: +112.1% vs year-ago OPM: +5.1%",
      "severity": "HIGH"
    },
    {
      "quarter": "2025-03 (Q1)",
      "signal": "OP MARGIN TURNED POSITIVE (QoQ)",
      "detail": "Op margin: -13.8% -> +7.3%",
      "severity": "HIGH"
    },
    {
      "quarter": "2024-09 (Q3)",
      "signal": "FCF TURNED POSITIVE",
      "detail": "FCF margin: -3.3% -> +6.7%",
      "severity": "HIGH"
    },
    {
      "quarter": "2024-06 (Q2)",
      "signal": "GROSS MARGIN INFLECTION",
      "detail": "GM: +24.4% -> +24.0% -> +27.5% (reversal +3.5%)",
      "severity": "MEDIUM"
    },
    {
      "quarter": "2024-03 (Q1)",
      "signal": "FCF TURNED POSITIVE",
      "detail": "FCF margin: -7.0% -> +6.1%",
      "severity": "HIGH"
    }
  ],
  "data_quality": {
    "n_quarters": 11,
    "coverage": {
      "revenue": [
        11,
        11
      ],
      "gross_profit": [
        9,
        11
      ],
      "op_income": [
        11,
        11
      ],
      "fcf": [
        8,
        11
      ]
    },
    "gaps": [],
    "warnings": [
      "fcf: 8/11Q"
    ]
  },
  "market_cap": null,
  "source": "SEC EDGAR",
  "last_updated": "2026-02-02T22:23:39.060040"
}