{
  "ticker": "KLTR",
  "name": "Kaltura, Inc.",
  "quarters": [
    {
      "date": "2020-12-31T00:00:00",
      "quarter_label": "2020-12 (Q4)",
      "revenue": 35177000,
      "gross_profit": 21230000,
      "operating_income": -1278000,
      "net_income": -36339000,
      "opex": 22508000,
      "cogs": 13947000,
      "rd": 9024000,
      "sga": null,
      "fcf": 3674000,
      "ocf": 4084000,
      "capex": -410000,
      "gross_margin": 0.6035193450265799,
      "op_margin": -0.036330556897973106,
      "fcf_margin": 0.10444324416522159
    },
    {
      "date": "2021-03-31T00:00:00",
      "quarter_label": "2021-03 (Q1)",
      "revenue": 37713000,
      "gross_profit": 22131000,
      "operating_income": -8601000,
      "net_income": -15556000,
      "opex": 30732000,
      "cogs": 15582000,
      "rd": 10899000,
      "sga": null,
      "fcf": -7081000,
      "ocf": -6564000,
      "capex": -517000,
      "gross_margin": 0.586826823641715,
      "op_margin": -0.22806459311112878,
      "fcf_margin": -0.18776018879431497,
      "op_leverage_ratio": 0.19730780049618996,
      "fcf_margin_change": -0.29220343295953655
    },
    {
      "date": "2021-06-30T00:00:00",
      "quarter_label": "2021-06 (Q2)",
      "revenue": 41603000,
      "gross_profit": 25981000,
      "operating_income": -5770000,
      "net_income": -2719000,
      "opex": 31751000,
      "cogs": 15622000,
      "rd": 11787000,
      "sga": null,
      "fcf": 430000,
      "ocf": 869000,
      "capex": -439000,
      "gross_margin": 0.6244982333004832,
      "op_margin": -0.13869192125567867,
      "fcf_margin": 0.010335793091844339,
      "op_leverage_ratio": 3.1108219932959393,
      "fcf_margin_change": 0.19809598188615932
    },
    {
      "date": "2021-09-30T00:00:00",
      "quarter_label": "2021-09 (Q3)",
      "revenue": 42984000,
      "gross_profit": 27817000,
      "operating_income": -5873000,
      "net_income": -25150000,
      "opex": 33690000,
      "cogs": 15167000,
      "rd": 12363000,
      "sga": null,
      "fcf": -6299000,
      "ocf": -5675000,
      "capex": -624000,
      "gross_margin": 0.6471477759166201,
      "op_margin": -0.1366322352503257,
      "fcf_margin": -0.1465428996836032,
      "op_leverage_ratio": 0.5435614251893035,
      "fcf_margin_change": -0.15687869277544755
    },
    {
      "date": "2021-12-31T00:00:00",
      "quarter_label": "2021-12 (Q4)",
      "revenue": 42716000,
      "gross_profit": 26773000,
      "operating_income": -12431000,
      "net_income": -15926000,
      "opex": 39204000,
      "cogs": 15943000,
      "rd": 13326000,
      "sga": null,
      "fcf": -11036000,
      "ocf": -10740000,
      "capex": -296000,
      "gross_margin": 0.6267674875924713,
      "op_margin": -0.2910150763180073,
      "fcf_margin": -0.25835752411274465,
      "incr_op_margin_yoy": -1.4793739222708582,
      "rev_growth_yoy": 0.2143161724990761,
      "fcf_margin_change": -0.11181462442914145
    },
    {
      "date": "2022-03-31T00:00:00",
      "quarter_label": "2022-03 (Q1)",
      "revenue": 41715000,
      "gross_profit": 26269000,
      "operating_income": -14658000,
      "net_income": -16926000,
      "opex": 40927000,
      "cogs": 15446000,
      "rd": 14873000,
      "sga": null,
      "fcf": -20035000,
      "ocf": -19590000,
      "capex": -445000,
      "gross_margin": 0.6297255183986575,
      "op_margin": -0.3513843941028407,
      "fcf_margin": -0.4802828718686324,
      "incr_op_margin_yoy": -1.5134932533733134,
      "rev_growth_yoy": 0.10611725399729537,
      "rev_growth_yoy_accel": -0.10819891850178075,
      "fcf_margin_change": -0.22192534775588774
    },
    {
      "date": "2022-06-30T00:00:00",
      "quarter_label": "2022-06 (Q2)",
      "revenue": 41978000,
      "gross_profit": 26689000,
      "operating_income": -15506000,
      "net_income": -17347000,
      "opex": 42195000,
      "cogs": 15289000,
      "rd": 14441000,
      "sga": null,
      "fcf": -22853000,
      "ocf": -22537000,
      "capex": -316000,
      "gross_margin": 0.6357854114059746,
      "op_margin": -0.3693839630282529,
      "fcf_margin": -0.5444042117299538,
      "rev_growth_yoy": 0.009013773045213086,
      "rev_growth_yoy_accel": -0.09710348095208228,
      "fcf_margin_change": -0.0641213398613214
    },
    {
      "date": "2022-09-30T00:00:00",
      "quarter_label": "2022-09 (Q3)",
      "revenue": 41051000,
      "gross_profit": 26375000,
      "operating_income": -14852000,
      "net_income": -19443000,
      "opex": 41227000,
      "cogs": 14676000,
      "rd": 13891000,
      "sga": null,
      "fcf": 902000,
      "ocf": 1145000,
      "capex": -243000,
      "gross_margin": 0.6424934837153784,
      "op_margin": -0.36179386616647585,
      "fcf_margin": 0.021972668144503178,
      "incr_op_margin_yoy": 4.645111226073461,
      "rev_growth_yoy": -0.04497022147775916,
      "rev_growth_yoy_accel": -0.05398399452297225,
      "fcf_margin_change": 0.566376879874457
    },
    {
      "date": "2022-12-31T00:00:00",
      "quarter_label": "2022-12 (Q4)",
      "revenue": 44066000,
      "gross_profit": 27606000,
      "operating_income": -11364000,
      "net_income": -14779000,
      "opex": 38970000,
      "cogs": 16460000,
      "rd": 14182000,
      "sga": null,
      "fcf": -6060000,
      "ocf": -5846000,
      "capex": -214000,
      "gross_margin": 0.6264693868288477,
      "op_margin": -0.25788589842508963,
      "fcf_margin": -0.13752099124041212,
      "incr_op_margin_yoy": 0.7903703703703704,
      "rev_growth_yoy": 0.03160408277928645,
      "rev_growth_yoy_accel": 0.07657430425704562,
      "op_leverage_ratio": Infinity,
      "fcf_margin_change": -0.1594936593849153
    },
    {
      "date": "2023-03-31T00:00:00",
      "quarter_label": "2023-03 (Q1)",
      "revenue": 43273000,
      "gross_profit": 27286000,
      "operating_income": -11960000,
      "net_income": -12795000,
      "opex": 39246000,
      "cogs": 15987000,
      "rd": 14130000,
      "sga": null,
      "fcf": -8284000,
      "ocf": -7432000,
      "capex": -852000,
      "gross_margin": 0.6305548494442262,
      "op_margin": -0.27638481270076026,
      "fcf_margin": -0.19143576826196473,
      "incr_op_margin_yoy": 1.7317073170731707,
      "rev_growth_yoy": 0.0373486755363778,
      "rev_growth_yoy_accel": 0.005744592757091348,
      "fcf_margin_change": -0.05391477702155262
    },
    {
      "date": "2023-06-30T00:00:00",
      "quarter_label": "2023-06 (Q2)",
      "revenue": 43880000,
      "gross_profit": 28602000,
      "operating_income": -9561000,
      "net_income": -10778000,
      "opex": 38163000,
      "cogs": 15278000,
      "rd": 12975000,
      "sga": null,
      "fcf": -4871000,
      "ocf": -4132000,
      "capex": -739000,
      "gross_margin": 0.6518231540565178,
      "op_margin": -0.21788969917958068,
      "fcf_margin": -0.11100729261622608,
      "incr_op_margin_yoy": 3.1256572029442693,
      "rev_growth_yoy": 0.045309447805993615,
      "rev_growth_yoy_accel": 0.007960772269615814,
      "op_leverage_ratio": Infinity,
      "fcf_margin_change": 0.08042847564573866
    },
    {
      "date": "2023-09-30T00:00:00",
      "quarter_label": "2023-09 (Q3)",
      "revenue": 43542000,
      "gross_profit": 27699000,
      "operating_income": -8314000,
      "net_income": -10726000,
      "opex": 36013000,
      "cogs": 15843000,
      "rd": 12558000,
      "sga": null,
      "fcf": 1459000,
      "ocf": 1660000,
      "capex": -201000,
      "gross_margin": 0.6361444122915806,
      "op_margin": -0.19094207891231454,
      "fcf_margin": 0.03350787745165587,
      "incr_op_margin_yoy": 2.6246487354476113,
      "rev_growth_yoy": 0.06068061679374437,
      "rev_growth_yoy_accel": 0.015371168987750754,
      "fcf_margin_change": 0.14451517006788195
    },
    {
      "date": "2023-12-31T00:00:00",
      "quarter_label": "2023-12 (Q4)",
      "revenue": 44478000,
      "gross_profit": 28647000,
      "operating_income": -8819000,
      "net_income": -12067000,
      "opex": 37466000,
      "cogs": 15831000,
      "rd": 12737000,
      "sga": null,
      "fcf": 786000,
      "ocf": 1601000,
      "capex": -815000,
      "gross_margin": 0.6440712262242008,
      "op_margin": -0.1982778002608031,
      "fcf_margin": 0.017671657898286793,
      "rev_growth_yoy": 0.009349611945717788,
      "rev_growth_yoy_accel": -0.05133100484802658,
      "op_leverage_ratio": 0.5327962531086344,
      "fcf_margin_change": -0.01583621955336908
    },
    {
      "date": "2024-03-31T00:00:00",
      "quarter_label": "2024-03 (Q1)",
      "revenue": 44781000,
      "gross_profit": 28608000,
      "operating_income": -7291000,
      "net_income": -11096000,
      "opex": 35899000,
      "cogs": 16173000,
      "rd": 12005000,
      "sga": null,
      "fcf": -1239000,
      "ocf": -1146000,
      "capex": -93000,
      "gross_margin": 0.6388423661820861,
      "op_margin": -0.1628145865434001,
      "fcf_margin": -0.02766798418972332,
      "incr_op_margin_yoy": 3.0961538461538463,
      "rev_growth_yoy": 0.03484851986226978,
      "rev_growth_yoy_accel": 0.02549890791655199,
      "fcf_margin_change": -0.04533964208801011
    },
    {
      "date": "2024-06-30T00:00:00",
      "quarter_label": "2024-06 (Q2)",
      "revenue": 44032000,
      "gross_profit": 28676000,
      "operating_income": -8550000,
      "net_income": -10004000,
      "opex": 37226000,
      "cogs": 15356000,
      "rd": 12029000,
      "sga": null,
      "fcf": -1839000,
      "ocf": -1605000,
      "capex": -234000,
      "gross_margin": 0.6512536337209303,
      "op_margin": -0.19417696220930233,
      "fcf_margin": -0.04176507994186047,
      "rev_growth_yoy": 0.003463992707383774,
      "rev_growth_yoy_accel": -0.031384527154886,
      "fcf_margin_change": -0.014097095752137148
    },
    {
      "date": "2024-09-30T00:00:00",
      "quarter_label": "2024-09 (Q3)",
      "revenue": 44295000,
      "gross_profit": 29541000,
      "operating_income": -4466000,
      "net_income": -3610000,
      "opex": 34007000,
      "cogs": 14754000,
      "rd": 12427000,
      "sga": null,
      "fcf": 10577000,
      "ocf": 10671000,
      "capex": -94000,
      "gross_margin": 0.6669150016931934,
      "op_margin": -0.10082402076983858,
      "fcf_margin": 0.23878541596116942,
      "rev_growth_yoy": 0.017293647512746313,
      "rev_growth_yoy_accel": 0.013829654805362539,
      "fcf_margin_change": 0.2805504959030299
    },
    {
      "date": "2024-12-31T00:00:00",
      "quarter_label": "2024-12 (Q4)",
      "revenue": 45609000,
      "gross_profit": 32281000,
      "operating_income": -3793000,
      "net_income": -6605000,
      "opex": 36074000,
      "cogs": 13328000,
      "rd": 12970000,
      "sga": null,
      "fcf": 4213000,
      "ocf": 4313000,
      "capex": -100000,
      "gross_margin": 0.7077769738428819,
      "op_margin": -0.08316341073033831,
      "fcf_margin": 0.09237211953781052,
      "incr_op_margin_yoy": 4.443854995579134,
      "rev_growth_yoy": 0.025428301632267638,
      "rev_growth_yoy_accel": 0.008134654119521325,
      "op_leverage_ratio": 0.48805470513615096,
      "fcf_margin_change": -0.1464132964233589
    },
    {
      "date": "2025-03-31T00:00:00",
      "quarter_label": "2025-03 (Q1)",
      "revenue": 46984000,
      "gross_profit": 32736000,
      "operating_income": -1577000,
      "net_income": -1119000,
      "opex": 34313000,
      "cogs": 14248000,
      "rd": 12088000,
      "sga": null,
      "fcf": -1344000,
      "ocf": -1047000,
      "capex": -297000,
      "gross_margin": 0.6967478290481867,
      "op_margin": -0.03356461774221011,
      "fcf_margin": -0.028605482717520857,
      "incr_op_margin_yoy": 2.5937358147980025,
      "rev_growth_yoy": 0.049194971081485454,
      "rev_growth_yoy_accel": 0.023766669449217816,
      "op_leverage_ratio": Infinity,
      "fcf_margin_change": -0.12097760225533138
    },
    {
      "date": "2025-06-30T00:00:00",
      "quarter_label": "2025-06 (Q2)",
      "revenue": 44462000,
      "gross_profit": 31219000,
      "operating_income": -2757000,
      "net_income": -7750000,
      "opex": 33976000,
      "cogs": 13243000,
      "rd": 11568000,
      "sga": null,
      "fcf": 2531000,
      "ocf": 2657000,
      "capex": -126000,
      "gross_margin": 0.7021501506904773,
      "op_margin": -0.06200800683729927,
      "fcf_margin": 0.0569250146192254,
      "rev_growth_yoy": 0.009765625,
      "rev_growth_yoy_accel": -0.039429346081485454,
      "fcf_margin_change": 0.08553049733674625
    },
    {
      "date": "2025-09-30T00:00:00",
      "quarter_label": "2025-09 (Q3)",
      "revenue": 43866000,
      "gross_profit": 30727000,
      "operating_income": -1504000,
      "net_income": -2628000,
      "opex": 32231000,
      "cogs": 13139000,
      "rd": 11481000,
      "sga": null,
      "fcf": 9172000,
      "ocf": 9283000,
      "capex": -111000,
      "gross_margin": 0.70047417133999,
      "op_margin": -0.03428623535312087,
      "fcf_margin": 0.20909132357634613,
      "rev_growth_yoy": -0.009685066034541145,
      "rev_growth_yoy_accel": -0.019450691034541147,
      "fcf_margin_change": 0.15216630895712074
    }
  ],
  "signals": [
    {
      "quarter": "2025-09 (Q3)",
      "signal": "FCF MARGIN EXPANSION",
      "detail": "FCF margin: +5.7% -> +20.9% (+15.2%)",
      "severity": "MEDIUM"
    },
    {
      "quarter": "2025-06 (Q2)",
      "signal": "FCF TURNED POSITIVE",
      "detail": "FCF margin: -2.9% -> +5.7%",
      "severity": "HIGH"
    },
    {
      "quarter": "2024-09 (Q3)",
      "signal": "FCF TURNED POSITIVE",
      "detail": "FCF margin: -4.2% -> +23.9%",
      "severity": "HIGH"
    },
    {
      "quarter": "2023-12 (Q4)",
      "signal": "YoY REVENUE GROWTH DECELERATION",
      "detail": "YoY growth: +0.9% vs prior quarter YoY: +6.1% (decel: -5.1%)",
      "severity": "WARNING"
    },
    {
      "quarter": "2023-09 (Q3)",
      "signal": "FCF TURNED POSITIVE",
      "detail": "FCF margin: -11.1% -> +3.4%",
      "severity": "HIGH"
    },
    {
      "quarter": "2023-06 (Q2)",
      "signal": "FCF MARGIN EXPANSION",
      "detail": "FCF margin: -19.1% -> -11.1% (+8.0%)",
      "severity": "MEDIUM"
    },
    {
      "quarter": "2022-12 (Q4)",
      "signal": "YoY REVENUE GROWTH ACCELERATION",
      "detail": "YoY growth: +3.2% vs prior quarter YoY: -4.5% (accel: +7.7%)",
      "severity": "MEDIUM"
    },
    {
      "quarter": "2022-09 (Q3)",
      "signal": "FCF TURNED POSITIVE",
      "detail": "FCF margin: -54.4% -> +2.2%",
      "severity": "HIGH"
    },
    {
      "quarter": "2022-09 (Q3)",
      "signal": "YoY REVENUE GROWTH DECELERATION",
      "detail": "YoY growth: -4.5% vs prior quarter YoY: +0.9% (decel: -5.4%)",
      "severity": "WARNING"
    },
    {
      "quarter": "2022-06 (Q2)",
      "signal": "YoY REVENUE GROWTH DECELERATION",
      "detail": "YoY growth: +0.9% vs prior quarter YoY: +10.6% (decel: -9.7%)",
      "severity": "WARNING"
    },
    {
      "quarter": "2022-03 (Q1)",
      "signal": "YoY REVENUE GROWTH DECELERATION",
      "detail": "YoY growth: +10.6% vs prior quarter YoY: +21.4% (decel: -10.8%)",
      "severity": "WARNING"
    },
    {
      "quarter": "2021-06 (Q2)",
      "signal": "FCF TURNED POSITIVE",
      "detail": "FCF margin: -18.8% -> +1.0%",
      "severity": "HIGH"
    },
    {
      "quarter": "2021-06 (Q2)",
      "signal": "OPERATING LEVERAGE",
      "detail": "Rev growth +10.3% vs OpEx growth +3.3% (leverage: 3.1x)",
      "severity": "MEDIUM"
    },
    {
      "quarter": "2021-06 (Q2)",
      "signal": "GROSS MARGIN INFLECTION",
      "detail": "GM: +60.4% -> +58.7% -> +62.4% (reversal +3.8%)",
      "severity": "MEDIUM"
    }
  ],
  "data_quality": {
    "n_quarters": 20,
    "coverage": {
      "revenue": [
        20,
        20
      ],
      "gross_profit": [
        20,
        20
      ],
      "op_income": [
        20,
        20
      ],
      "fcf": [
        20,
        20
      ]
    },
    "gaps": [],
    "warnings": []
  },
  "market_cap": null,
  "source": "SEC EDGAR",
  "last_updated": "2026-02-02T22:54:35.933043",
  "sector": "Technology",
  "industry": "Software - Application"
}