{
  "ticker": "KMB",
  "name": "KIMBERLY CLARK CORP",
  "quarters": [
    {
      "date": "2020-12-31T00:00:00",
      "quarter_label": "2020-12 (Q4)",
      "revenue": 4836000000,
      "gross_profit": 1664000000,
      "operating_income": 749000000,
      "net_income": 539000000,
      "opex": 915000000,
      "cogs": 3172000000,
      "rd": null,
      "sga": null,
      "fcf": 887000000,
      "ocf": 887000000,
      "capex": null,
      "gross_margin": 0.34408602150537637,
      "op_margin": 0.15488006617038874,
      "fcf_margin": 0.18341604631927214
    },
    {
      "date": "2021-03-31T00:00:00",
      "quarter_label": "2021-03 (Q1)",
      "revenue": 4743000000,
      "gross_profit": 1589000000,
      "operating_income": 770000000,
      "net_income": 584000000,
      "opex": 819000000,
      "cogs": 3154000000,
      "rd": null,
      "sga": null,
      "fcf": 321000000,
      "ocf": 321000000,
      "capex": null,
      "gross_margin": 0.33502002951718324,
      "op_margin": 0.16234450769555134,
      "fcf_margin": 0.06767868437697659,
      "fcf_margin_change": -0.11573736194229554
    },
    {
      "date": "2021-06-30T00:00:00",
      "quarter_label": "2021-06 (Q2)",
      "revenue": 4722000000,
      "gross_profit": 1480000000,
      "operating_income": 613000000,
      "net_income": 404000000,
      "opex": 867000000,
      "cogs": 3242000000,
      "rd": null,
      "sga": null,
      "fcf": 565000000,
      "ocf": 565000000,
      "capex": null,
      "gross_margin": 0.313426514188903,
      "op_margin": 0.12981787378229565,
      "fcf_margin": 0.11965268953833122,
      "fcf_margin_change": 0.05197400516135463
    },
    {
      "date": "2021-09-30T00:00:00",
      "quarter_label": "2021-09 (Q3)",
      "revenue": 5010000000,
      "gross_profit": 1483000000,
      "operating_income": 657000000,
      "net_income": 469000000,
      "opex": 826000000,
      "cogs": 3527000000,
      "rd": null,
      "sga": null,
      "fcf": 782000000,
      "ocf": 782000000,
      "capex": null,
      "gross_margin": 0.2960079840319361,
      "op_margin": 0.1311377245508982,
      "fcf_margin": 0.1560878243512974,
      "op_leverage_ratio": Infinity,
      "fcf_margin_change": 0.036435134812966175
    },
    {
      "date": "2021-12-31T00:00:00",
      "quarter_label": "2021-12 (Q4)",
      "revenue": 4965000000,
      "gross_profit": 1436000000,
      "operating_income": 521000000,
      "net_income": 357000000,
      "opex": 915000000,
      "cogs": 3529000000,
      "rd": null,
      "sga": null,
      "fcf": 1062000000,
      "ocf": 1062000000,
      "capex": null,
      "gross_margin": 0.2892245720040282,
      "op_margin": 0.10493454179254784,
      "fcf_margin": 0.21389728096676738,
      "incr_op_margin_yoy": -1.7674418604651163,
      "rev_growth_yoy": 0.026674937965260544,
      "fcf_margin_change": 0.05780945661546999
    },
    {
      "date": "2022-03-31T00:00:00",
      "quarter_label": "2022-03 (Q1)",
      "revenue": 5095000000,
      "gross_profit": 1520000000,
      "operating_income": 693000000,
      "net_income": 523000000,
      "opex": 827000000,
      "cogs": 3575000000,
      "rd": null,
      "sga": null,
      "fcf": 204000000,
      "ocf": 204000000,
      "capex": null,
      "gross_margin": 0.2983316977428852,
      "op_margin": 0.13601570166830226,
      "fcf_margin": 0.04003925417075564,
      "incr_op_margin_yoy": -0.21875,
      "rev_growth_yoy": 0.0742146320893949,
      "rev_growth_yoy_accel": 0.04753969412413435,
      "op_leverage_ratio": Infinity,
      "fcf_margin_change": -0.17385802679601176
    },
    {
      "date": "2022-06-30T00:00:00",
      "quarter_label": "2022-06 (Q2)",
      "revenue": 5063000000,
      "gross_profit": 1529000000,
      "operating_income": 621000000,
      "net_income": 437000000,
      "opex": 908000000,
      "cogs": 3534000000,
      "rd": null,
      "sga": null,
      "fcf": 740000000,
      "ocf": 740000000,
      "capex": null,
      "gross_margin": 0.30199486470472053,
      "op_margin": 0.12265455263677662,
      "fcf_margin": 0.14615840410823622,
      "incr_op_margin_yoy": 0.02346041055718475,
      "rev_growth_yoy": 0.07221516306649725,
      "rev_growth_yoy_accel": -0.001999469022897646,
      "fcf_margin_change": 0.10611914993748058
    },
    {
      "date": "2022-09-30T00:00:00",
      "quarter_label": "2022-09 (Q3)",
      "revenue": 5053000000,
      "gross_profit": 1543000000,
      "operating_income": 655000000,
      "net_income": 467000000,
      "opex": 888000000,
      "cogs": 3510000000,
      "rd": null,
      "sga": null,
      "fcf": 798000000,
      "ocf": 798000000,
      "capex": null,
      "gross_margin": 0.3053631506036018,
      "op_margin": 0.12962596477340194,
      "fcf_margin": 0.15792598456362558,
      "incr_op_margin_yoy": -0.046511627906976744,
      "rev_growth_yoy": 0.008582834331337325,
      "rev_growth_yoy_accel": -0.06363232873515992,
      "fcf_margin_change": 0.011767580455389365
    },
    {
      "date": "2022-12-31T00:00:00",
      "quarter_label": "2022-12 (Q4)",
      "revenue": 4964000000,
      "gross_profit": 1627000000,
      "operating_income": 712000000,
      "net_income": 507000000,
      "opex": 915000000,
      "cogs": 3337000000,
      "rd": null,
      "sga": null,
      "fcf": 991000000,
      "ocf": 991000000,
      "capex": null,
      "gross_margin": 0.32775987107171634,
      "op_margin": 0.1434327155519742,
      "fcf_margin": 0.19963738920225624,
      "rev_growth_yoy": -0.0002014098690835851,
      "rev_growth_yoy_accel": -0.008784244200420909,
      "fcf_margin_change": 0.041711404638630656
    },
    {
      "date": "2023-03-31T00:00:00",
      "quarter_label": "2023-03 (Q1)",
      "revenue": 5195000000,
      "gross_profit": 1726000000,
      "operating_income": 787000000,
      "net_income": 566000000,
      "opex": 939000000,
      "cogs": 3469000000,
      "rd": null,
      "sga": null,
      "fcf": 613000000,
      "ocf": 613000000,
      "capex": null,
      "gross_margin": 0.33224254090471605,
      "op_margin": 0.15149181905678538,
      "fcf_margin": 0.1179980750721848,
      "incr_op_margin_yoy": 0.94,
      "rev_growth_yoy": 0.019627085377821395,
      "rev_growth_yoy_accel": 0.01982849524690498,
      "op_leverage_ratio": 1.774148871877518,
      "fcf_margin_change": -0.08163931413007144
    },
    {
      "date": "2023-06-30T00:00:00",
      "quarter_label": "2023-06 (Q2)",
      "revenue": 5134000000,
      "gross_profit": 1731000000,
      "operating_income": 113000000,
      "net_income": 102000000,
      "opex": 1618000000,
      "cogs": 3403000000,
      "rd": null,
      "sga": null,
      "fcf": 787000000,
      "ocf": 787000000,
      "capex": null,
      "gross_margin": 0.3371640046747176,
      "op_margin": 0.022010128554733152,
      "fcf_margin": 0.15329178028827425,
      "incr_op_margin_yoy": -7.154929577464789,
      "rev_growth_yoy": 0.014023306340114557,
      "rev_growth_yoy_accel": -0.005603779037706837,
      "fcf_margin_change": 0.03529370521608946
    },
    {
      "date": "2023-09-30T00:00:00",
      "quarter_label": "2023-09 (Q3)",
      "revenue": 5132000000,
      "gross_profit": 1838000000,
      "operating_income": 774000000,
      "net_income": 587000000,
      "opex": 1064000000,
      "cogs": 3294000000,
      "rd": null,
      "sga": null,
      "fcf": 927000000,
      "ocf": 927000000,
      "capex": null,
      "gross_margin": 0.3581449727201871,
      "op_margin": 0.15081839438815275,
      "fcf_margin": 0.18063133281371785,
      "incr_op_margin_yoy": 1.5063291139240507,
      "rev_growth_yoy": 0.01563427666732634,
      "rev_growth_yoy_accel": 0.0016109703272117817,
      "fcf_margin_change": 0.027339552525443594
    },
    {
      "date": "2023-12-31T00:00:00",
      "quarter_label": "2023-12 (Q4)",
      "revenue": 4970000000,
      "gross_profit": 1737000000,
      "operating_income": 670000000,
      "net_income": 509000000,
      "opex": 1067000000,
      "cogs": 3233000000,
      "rd": null,
      "sga": null,
      "fcf": 1215000000,
      "ocf": 1215000000,
      "capex": null,
      "gross_margin": 0.3494969818913481,
      "op_margin": 0.13480885311871227,
      "fcf_margin": 0.24446680080482897,
      "incr_op_margin_yoy": -7.0,
      "rev_growth_yoy": 0.0012087026591458502,
      "rev_growth_yoy_accel": -0.01442557400818049,
      "fcf_margin_change": 0.06383546799111112
    },
    {
      "date": "2024-03-31T00:00:00",
      "quarter_label": "2024-03 (Q1)",
      "revenue": 5149000000,
      "gross_profit": 1911000000,
      "operating_income": 853000000,
      "net_income": 647000000,
      "opex": 1058000000,
      "cogs": 3238000000,
      "rd": null,
      "sga": null,
      "fcf": 438000000,
      "ocf": 438000000,
      "capex": null,
      "gross_margin": 0.3711400271897456,
      "op_margin": 0.1656632355797242,
      "fcf_margin": 0.08506506117692755,
      "incr_op_margin_yoy": -1.434782608695652,
      "rev_growth_yoy": -0.008854667949951878,
      "rev_growth_yoy_accel": -0.010063370609097727,
      "op_leverage_ratio": Infinity,
      "fcf_margin_change": -0.1594017396279014
    },
    {
      "date": "2024-06-30T00:00:00",
      "quarter_label": "2024-06 (Q2)",
      "revenue": 5029000000,
      "gross_profit": 1810000000,
      "operating_income": 655000000,
      "net_income": 544000000,
      "opex": 1155000000,
      "cogs": 3219000000,
      "rd": null,
      "sga": null,
      "fcf": 1021000000,
      "ocf": 1021000000,
      "capex": null,
      "gross_margin": 0.35991250745675085,
      "op_margin": 0.13024458142771922,
      "fcf_margin": 0.2030224696758799,
      "incr_op_margin_yoy": -5.161904761904762,
      "rev_growth_yoy": -0.02045188936501753,
      "rev_growth_yoy_accel": -0.011597221415065653,
      "fcf_margin_change": 0.11795740849895234
    },
    {
      "date": "2024-09-30T00:00:00",
      "quarter_label": "2024-09 (Q3)",
      "revenue": 4952000000,
      "gross_profit": 1784000000,
      "operating_income": 1154000000,
      "net_income": 907000000,
      "opex": 630000000,
      "cogs": 3168000000,
      "rd": null,
      "sga": null,
      "fcf": 958000000,
      "ocf": 958000000,
      "capex": null,
      "gross_margin": 0.3602584814216478,
      "op_margin": 0.23303715670436187,
      "fcf_margin": 0.1934571890145396,
      "incr_op_margin_yoy": -2.111111111111111,
      "rev_growth_yoy": -0.03507404520654715,
      "rev_growth_yoy_accel": -0.014622155841529622,
      "fcf_margin_change": -0.009565280661340297
    },
    {
      "date": "2024-12-31T00:00:00",
      "quarter_label": "2024-12 (Q4)",
      "revenue": 4928000000,
      "gross_profit": 1675000000,
      "operating_income": 548000000,
      "net_income": 447000000,
      "opex": 1127000000,
      "cogs": 3253000000,
      "rd": null,
      "sga": null,
      "fcf": 817000000,
      "ocf": 817000000,
      "capex": null,
      "gross_margin": 0.3398944805194805,
      "op_margin": 0.1112012987012987,
      "fcf_margin": 0.16578733766233766,
      "incr_op_margin_yoy": 2.9047619047619047,
      "rev_growth_yoy": -0.008450704225352112,
      "rev_growth_yoy_accel": 0.02662334098119504,
      "fcf_margin_change": -0.02766985135220193
    },
    {
      "date": "2025-03-31T00:00:00",
      "quarter_label": "2025-03 (Q1)",
      "revenue": 4840000000,
      "gross_profit": 1733000000,
      "operating_income": 769000000,
      "net_income": 567000000,
      "opex": 964000000,
      "cogs": 3107000000,
      "rd": null,
      "sga": null,
      "fcf": 327000000,
      "ocf": 327000000,
      "capex": null,
      "gross_margin": 0.35805785123966943,
      "op_margin": 0.15888429752066116,
      "fcf_margin": 0.06756198347107438,
      "incr_op_margin_yoy": 0.27184466019417475,
      "rev_growth_yoy": -0.06001165274810643,
      "rev_growth_yoy_accel": -0.05156094852275432,
      "fcf_margin_change": -0.09822535419126328
    },
    {
      "date": "2025-06-30T00:00:00",
      "quarter_label": "2025-06 (Q2)",
      "revenue": 4163000000,
      "gross_profit": 1456000000,
      "operating_income": 592000000,
      "net_income": 509000000,
      "opex": 864000000,
      "cogs": 2707000000,
      "rd": null,
      "sga": null,
      "fcf": 770000000,
      "ocf": 770000000,
      "capex": null,
      "gross_margin": 0.3497477780446793,
      "op_margin": 0.14220514052366082,
      "fcf_margin": 0.18496276723516694,
      "incr_op_margin_yoy": 0.07274826789838337,
      "rev_growth_yoy": -0.17220123284947306,
      "rev_growth_yoy_accel": -0.11218958010136662,
      "fcf_margin_change": 0.11740078376409256
    },
    {
      "date": "2025-09-30T00:00:00",
      "quarter_label": "2025-09 (Q3)",
      "revenue": 4150000000,
      "gross_profit": 1493000000,
      "operating_income": 621000000,
      "net_income": 446000000,
      "opex": 872000000,
      "cogs": 2657000000,
      "rd": null,
      "sga": null,
      "fcf": 708000000,
      "ocf": 708000000,
      "capex": null,
      "gross_margin": 0.3597590361445783,
      "op_margin": 0.14963855421686748,
      "fcf_margin": 0.17060240963855422,
      "incr_op_margin_yoy": 0.6645885286783042,
      "rev_growth_yoy": -0.16195476575121162,
      "rev_growth_yoy_accel": 0.010246467098261436,
      "fcf_margin_change": -0.014360357596612722
    }
  ],
  "signals": [
    {
      "quarter": "2025-09 (Q3)",
      "signal": "INCREMENTAL MARGIN (YoY)",
      "detail": "YoY Incr OPM: +66.5% vs year-ago OPM: +23.3%",
      "severity": "HIGH"
    },
    {
      "quarter": "2025-06 (Q2)",
      "signal": "FCF MARGIN EXPANSION",
      "detail": "FCF margin: +6.8% -> +18.5% (+11.7%)",
      "severity": "MEDIUM"
    },
    {
      "quarter": "2025-06 (Q2)",
      "signal": "YoY REVENUE GROWTH DECELERATION",
      "detail": "YoY growth: -17.2% vs prior quarter YoY: -6.0% (decel: -11.2%)",
      "severity": "WARNING"
    },
    {
      "quarter": "2025-03 (Q1)",
      "signal": "YoY REVENUE GROWTH DECELERATION",
      "detail": "YoY growth: -6.0% vs prior quarter YoY: -0.8% (decel: -5.2%)",
      "severity": "WARNING"
    },
    {
      "quarter": "2025-03 (Q1)",
      "signal": "INCREMENTAL MARGIN (YoY)",
      "detail": "YoY Incr OPM: +27.2% vs year-ago OPM: +16.6%",
      "severity": "MEDIUM"
    },
    {
      "quarter": "2024-12 (Q4)",
      "signal": "INCREMENTAL MARGIN (YoY)",
      "detail": "YoY Incr OPM: +290.5% vs year-ago OPM: +13.5%",
      "severity": "HIGH"
    },
    {
      "quarter": "2024-06 (Q2)",
      "signal": "FCF MARGIN EXPANSION",
      "detail": "FCF margin: +8.5% -> +20.3% (+11.8%)",
      "severity": "MEDIUM"
    },
    {
      "quarter": "2024-03 (Q1)",
      "signal": "GROSS MARGIN INFLECTION",
      "detail": "GM: +35.8% -> +34.9% -> +37.1% (reversal +2.2%)",
      "severity": "MEDIUM"
    },
    {
      "quarter": "2023-12 (Q4)",
      "signal": "FCF MARGIN EXPANSION",
      "detail": "FCF margin: +18.1% -> +24.4% (+6.4%)",
      "severity": "MEDIUM"
    },
    {
      "quarter": "2023-09 (Q3)",
      "signal": "INCREMENTAL MARGIN (YoY)",
      "detail": "YoY Incr OPM: +150.6% vs year-ago OPM: +13.0%",
      "severity": "HIGH"
    },
    {
      "quarter": "2023-03 (Q1)",
      "signal": "OPERATING LEVERAGE",
      "detail": "Rev growth +4.7% vs OpEx growth +2.6% (leverage: 1.8x)",
      "severity": "MEDIUM"
    },
    {
      "quarter": "2023-03 (Q1)",
      "signal": "INCREMENTAL MARGIN (YoY)",
      "detail": "YoY Incr OPM: +94.0% vs year-ago OPM: +13.6%",
      "severity": "HIGH"
    },
    {
      "quarter": "2022-09 (Q3)",
      "signal": "YoY REVENUE GROWTH DECELERATION",
      "detail": "YoY growth: +0.9% vs prior quarter YoY: +7.2% (decel: -6.4%)",
      "severity": "WARNING"
    },
    {
      "quarter": "2022-06 (Q2)",
      "signal": "FCF MARGIN EXPANSION",
      "detail": "FCF margin: +4.0% -> +14.6% (+10.6%)",
      "severity": "MEDIUM"
    },
    {
      "quarter": "2021-12 (Q4)",
      "signal": "FCF MARGIN EXPANSION",
      "detail": "FCF margin: +15.6% -> +21.4% (+5.8%)",
      "severity": "MEDIUM"
    },
    {
      "quarter": "2021-06 (Q2)",
      "signal": "FCF MARGIN EXPANSION",
      "detail": "FCF margin: +6.8% -> +12.0% (+5.2%)",
      "severity": "MEDIUM"
    }
  ],
  "data_quality": {
    "n_quarters": 20,
    "coverage": {
      "revenue": [
        20,
        20
      ],
      "gross_profit": [
        20,
        20
      ],
      "op_income": [
        20,
        20
      ],
      "fcf": [
        20,
        20
      ]
    },
    "gaps": [],
    "warnings": []
  },
  "market_cap": null,
  "source": "SEC EDGAR",
  "last_updated": "2026-02-02T20:07:43.038663"
}