{
  "ticker": "KMPR",
  "name": "Kemper Corporation",
  "sector": "Financial Services",
  "industry": "Insurance - Property & Casualty",
  "quarters": [
    {
      "date": "2021-03-31T00:00:00",
      "quarter_label": "2021-03 (Q1)",
      "revenue": 1352000000,
      "gross_profit": null,
      "operating_income": 75900000,
      "net_income": 123200000,
      "opex": null,
      "cogs": null,
      "rd": null,
      "sga": null,
      "fcf": 140600000,
      "ocf": 140600000,
      "capex": null,
      "gross_margin": null,
      "op_margin": 0.05613905325443787,
      "fcf_margin": 0.10399408284023669
    },
    {
      "date": "2021-06-30T00:00:00",
      "quarter_label": "2021-06 (Q2)",
      "revenue": 1507700000,
      "gross_profit": null,
      "operating_income": -136100000,
      "net_income": -62600000,
      "opex": null,
      "cogs": null,
      "rd": null,
      "sga": null,
      "fcf": 97100000,
      "ocf": 97100000,
      "capex": null,
      "gross_margin": null,
      "op_margin": -0.09026994760230815,
      "fcf_margin": 0.06440273263911919,
      "fcf_margin_change": -0.039591350201117495
    },
    {
      "date": "2021-09-30T00:00:00",
      "quarter_label": "2021-09 (Q3)",
      "revenue": 1455400000,
      "gross_profit": null,
      "operating_income": -130600000,
      "net_income": -75300000,
      "opex": null,
      "cogs": null,
      "rd": null,
      "sga": null,
      "fcf": 69900000,
      "ocf": 69900000,
      "capex": null,
      "gross_margin": null,
      "op_margin": -0.08973478081627044,
      "fcf_margin": 0.04802803353030095,
      "fcf_margin_change": -0.016374699108818246
    },
    {
      "date": "2021-12-31T00:00:00",
      "quarter_label": "2021-12 (Q4)",
      "revenue": 1477900000,
      "gross_profit": null,
      "operating_income": -179000000,
      "net_income": -105800000,
      "opex": null,
      "cogs": null,
      "rd": null,
      "sga": null,
      "fcf": 43100000,
      "ocf": 43100000,
      "capex": null,
      "gross_margin": null,
      "op_margin": -0.1211178022870289,
      "fcf_margin": 0.029163001556262263,
      "fcf_margin_change": -0.018865031974038684
    },
    {
      "date": "2022-03-31T00:00:00",
      "quarter_label": "2022-03 (Q1)",
      "revenue": 1388700000,
      "gross_profit": null,
      "operating_income": -82500000,
      "net_income": -94800000,
      "opex": null,
      "cogs": null,
      "rd": null,
      "sga": null,
      "fcf": -18200000,
      "ocf": -18200000,
      "capex": null,
      "gross_margin": null,
      "op_margin": -0.05940807949881184,
      "fcf_margin": -0.01310578238640455,
      "incr_op_margin_yoy": -4.316076294277929,
      "rev_growth_yoy": 0.027144970414201185,
      "fcf_margin_change": -0.04226878394266681
    },
    {
      "date": "2022-06-30T00:00:00",
      "quarter_label": "2022-06 (Q2)",
      "revenue": 1433800000,
      "gross_profit": null,
      "operating_income": -53400000,
      "net_income": -74700000,
      "opex": null,
      "cogs": null,
      "rd": null,
      "sga": null,
      "fcf": -71800000,
      "ocf": -71800000,
      "capex": null,
      "gross_margin": null,
      "op_margin": -0.037243688101548336,
      "fcf_margin": -0.05007671920769982,
      "incr_op_margin_yoy": -1.1190798376184032,
      "rev_growth_yoy": -0.04901505604563242,
      "rev_growth_yoy_accel": -0.07616002645983361,
      "fcf_margin_change": -0.03697093682129527
    },
    {
      "date": "2022-09-30T00:00:00",
      "quarter_label": "2022-09 (Q3)",
      "revenue": 1377600000,
      "gross_profit": null,
      "operating_income": -45300000,
      "net_income": -76200000,
      "opex": null,
      "cogs": null,
      "rd": null,
      "sga": null,
      "fcf": -80100000,
      "ocf": -80100000,
      "capex": null,
      "gross_margin": null,
      "op_margin": -0.03288327526132404,
      "fcf_margin": -0.05814459930313589,
      "incr_op_margin_yoy": -1.0964010282776349,
      "rev_growth_yoy": -0.05345609454445513,
      "rev_growth_yoy_accel": -0.004441038498822707,
      "fcf_margin_change": -0.008067880095436068
    },
    {
      "date": "2022-12-31T00:00:00",
      "quarter_label": "2022-12 (Q4)",
      "revenue": 1376700000,
      "gross_profit": null,
      "operating_income": -40300000,
      "net_income": -55500000,
      "opex": null,
      "cogs": null,
      "rd": null,
      "sga": null,
      "fcf": -40200000,
      "ocf": -40200000,
      "capex": null,
      "gross_margin": null,
      "op_margin": -0.02927289896128423,
      "fcf_margin": -0.02920026149487906,
      "incr_op_margin_yoy": -1.3705533596837944,
      "rev_growth_yoy": -0.06847553961702416,
      "rev_growth_yoy_accel": -0.015019445072569027,
      "fcf_margin_change": 0.02894433780825683
    },
    {
      "date": "2023-03-31T00:00:00",
      "quarter_label": "2023-03 (Q1)",
      "revenue": 1294800000,
      "gross_profit": null,
      "operating_income": -85000000,
      "net_income": -80100000,
      "opex": null,
      "cogs": null,
      "rd": null,
      "sga": null,
      "fcf": 5200000,
      "ocf": 5200000,
      "capex": null,
      "gross_margin": null,
      "op_margin": -0.06564720420142107,
      "fcf_margin": 0.004016064257028112,
      "incr_op_margin_yoy": 0.026624068157614485,
      "rev_growth_yoy": -0.06761719593864765,
      "rev_growth_yoy_accel": 0.0008583436783765053,
      "fcf_margin_change": 0.03321632575190717
    },
    {
      "date": "2023-06-30T00:00:00",
      "quarter_label": "2023-06 (Q2)",
      "revenue": 1262800000,
      "gross_profit": null,
      "operating_income": -23900000,
      "net_income": -97100000,
      "opex": null,
      "cogs": null,
      "rd": null,
      "sga": null,
      "fcf": -71100000,
      "ocf": -71100000,
      "capex": null,
      "gross_margin": null,
      "op_margin": -0.01892619575546405,
      "fcf_margin": -0.05630345264491606,
      "incr_op_margin_yoy": -0.17251461988304093,
      "rev_growth_yoy": -0.11926349560608174,
      "rev_growth_yoy_accel": -0.05164629966743409,
      "fcf_margin_change": -0.060319516901944176
    },
    {
      "date": "2023-09-30T00:00:00",
      "quarter_label": "2023-09 (Q3)",
      "revenue": 1199400000,
      "gross_profit": null,
      "operating_income": -39000000,
      "net_income": -146300000,
      "opex": null,
      "cogs": null,
      "rd": null,
      "sga": null,
      "fcf": -38600000,
      "ocf": -38600000,
      "capex": null,
      "gross_margin": null,
      "op_margin": -0.03251625812906453,
      "fcf_margin": -0.032182758045689513,
      "incr_op_margin_yoy": -0.03535353535353535,
      "rev_growth_yoy": -0.1293554006968641,
      "rev_growth_yoy_accel": -0.010091905090782366,
      "fcf_margin_change": 0.02412069459922655
    },
    {
      "date": "2023-12-31T00:00:00",
      "quarter_label": "2023-12 (Q4)",
      "revenue": 1187200000,
      "gross_profit": null,
      "operating_income": 63100000,
      "net_income": 51400000,
      "opex": null,
      "cogs": null,
      "rd": null,
      "sga": null,
      "fcf": -29700000,
      "ocf": -29700000,
      "capex": null,
      "gross_margin": null,
      "op_margin": 0.053150269541778976,
      "fcf_margin": -0.025016846361185983,
      "incr_op_margin_yoy": -0.545646437994723,
      "rev_growth_yoy": -0.13764799883780054,
      "rev_growth_yoy_accel": -0.008292598140936441,
      "fcf_margin_change": 0.007165911684503531
    },
    {
      "date": "2024-03-31T00:00:00",
      "quarter_label": "2024-03 (Q1)",
      "revenue": 1143000000,
      "gross_profit": null,
      "operating_income": 86300000,
      "net_income": 71300000,
      "opex": null,
      "cogs": null,
      "rd": null,
      "sga": null,
      "fcf": 43000000,
      "ocf": 43000000,
      "capex": null,
      "gross_margin": null,
      "op_margin": 0.07550306211723534,
      "fcf_margin": 0.03762029746281715,
      "incr_op_margin_yoy": -1.1284584980237153,
      "rev_growth_yoy": -0.11723818350324375,
      "rev_growth_yoy_accel": 0.020409815334556797,
      "fcf_margin_change": 0.06263714382400314
    },
    {
      "date": "2024-06-30T00:00:00",
      "quarter_label": "2024-06 (Q2)",
      "revenue": 1129900000,
      "gross_profit": null,
      "operating_income": 114100000,
      "net_income": 75400000,
      "opex": null,
      "cogs": null,
      "rd": null,
      "sga": null,
      "fcf": 22900000,
      "ocf": 22900000,
      "capex": null,
      "gross_margin": null,
      "op_margin": 0.10098238782193114,
      "fcf_margin": 0.020267280290291175,
      "incr_op_margin_yoy": -1.0383747178329572,
      "rev_growth_yoy": -0.1052423186569528,
      "rev_growth_yoy_accel": 0.011995864846290949,
      "fcf_margin_change": -0.017353017172525975
    },
    {
      "date": "2024-09-30T00:00:00",
      "quarter_label": "2024-09 (Q3)",
      "revenue": 1178900000,
      "gross_profit": null,
      "operating_income": 132400000,
      "net_income": 73700000,
      "opex": null,
      "cogs": null,
      "rd": null,
      "sga": null,
      "fcf": 141900000,
      "ocf": 141900000,
      "capex": null,
      "gross_margin": null,
      "op_margin": 0.11230808380693867,
      "fcf_margin": 0.12036644329459666,
      "incr_op_margin_yoy": -8.360975609756098,
      "rev_growth_yoy": -0.017091879272969818,
      "rev_growth_yoy_accel": 0.08815043938398298,
      "fcf_margin_change": 0.10009916300430548
    },
    {
      "date": "2024-12-31T00:00:00",
      "quarter_label": "2024-12 (Q4)",
      "revenue": 1186800000,
      "gross_profit": null,
      "operating_income": null,
      "net_income": 97400000,
      "opex": null,
      "cogs": null,
      "rd": null,
      "sga": null,
      "fcf": 175100000,
      "ocf": 175100000,
      "capex": null,
      "gross_margin": null,
      "op_margin": null,
      "fcf_margin": 0.14753960229187732,
      "rev_growth_yoy": -0.00033692722371967657,
      "rev_growth_yoy_accel": 0.016754952049250142,
      "fcf_margin_change": 0.027173158997280664
    },
    {
      "date": "2025-03-31T00:00:00",
      "quarter_label": "2025-03 (Q1)",
      "revenue": 1193000000,
      "gross_profit": null,
      "operating_income": null,
      "net_income": 99700000,
      "opex": null,
      "cogs": null,
      "rd": null,
      "sga": null,
      "fcf": 180000000,
      "ocf": 180000000,
      "capex": null,
      "gross_margin": null,
      "op_margin": null,
      "fcf_margin": 0.15088013411567477,
      "rev_growth_yoy": 0.04374453193350831,
      "rev_growth_yoy_accel": 0.044081459157227984,
      "fcf_margin_change": 0.0033405318237974546
    },
    {
      "date": "2025-06-30T00:00:00",
      "quarter_label": "2025-06 (Q2)",
      "revenue": 1225600000,
      "gross_profit": null,
      "operating_income": null,
      "net_income": 72600000,
      "opex": null,
      "cogs": null,
      "rd": null,
      "sga": null,
      "fcf": 89600000,
      "ocf": 89600000,
      "capex": null,
      "gross_margin": null,
      "op_margin": null,
      "fcf_margin": 0.0731070496083551,
      "rev_growth_yoy": 0.08469776086379326,
      "rev_growth_yoy_accel": 0.04095322893028495,
      "fcf_margin_change": -0.07777308450731968
    },
    {
      "date": "2025-09-30T00:00:00",
      "quarter_label": "2025-09 (Q3)",
      "revenue": 1239700000,
      "gross_profit": null,
      "operating_income": null,
      "net_income": -21000000,
      "opex": null,
      "cogs": null,
      "rd": null,
      "sga": null,
      "fcf": 139900000,
      "ocf": 139900000,
      "capex": null,
      "gross_margin": null,
      "op_margin": null,
      "fcf_margin": 0.11284988303621844,
      "rev_growth_yoy": 0.05157350072101111,
      "rev_growth_yoy_accel": -0.03312426014278214,
      "fcf_margin_change": 0.03974283342786335
    },
    {
      "date": "2025-12-31T00:00:00",
      "quarter_label": "2025-12 (Q4)",
      "revenue": 1131400000,
      "gross_profit": null,
      "operating_income": null,
      "net_income": -8000000,
      "opex": null,
      "cogs": null,
      "rd": null,
      "sga": null,
      "fcf": 175000000,
      "ocf": 175000000,
      "capex": null,
      "gross_margin": null,
      "op_margin": null,
      "fcf_margin": 0.154675623121796,
      "rev_growth_yoy": -0.04668014829794405,
      "rev_growth_yoy_accel": -0.09825364901895517,
      "fcf_margin_change": 0.04182574008557756
    }
  ],
  "signals": [
    {
      "quarter": "2025-12 (Q4)",
      "signal": "YoY REVENUE GROWTH DECELERATION",
      "detail": "YoY growth: -4.7% vs prior quarter YoY: +5.2% (decel: -9.8%)",
      "severity": "WARNING"
    },
    {
      "quarter": "2024-09 (Q3)",
      "signal": "FCF MARGIN EXPANSION",
      "detail": "FCF margin: +2.0% -> +12.0% (+10.0%)",
      "severity": "MEDIUM"
    },
    {
      "quarter": "2024-09 (Q3)",
      "signal": "YoY REVENUE GROWTH ACCELERATION",
      "detail": "YoY growth: -1.7% vs prior quarter YoY: -10.5% (accel: +8.8%)",
      "severity": "MEDIUM"
    },
    {
      "quarter": "2024-09 (Q3)",
      "signal": "OP MARGIN TURNED POSITIVE (YoY)",
      "detail": "Op margin: -3.3% (year-ago) -> +11.2%",
      "severity": "HIGH"
    },
    {
      "quarter": "2024-06 (Q2)",
      "signal": "OP MARGIN TURNED POSITIVE (YoY)",
      "detail": "Op margin: -1.9% (year-ago) -> +10.1%",
      "severity": "HIGH"
    },
    {
      "quarter": "2024-03 (Q1)",
      "signal": "FCF TURNED POSITIVE",
      "detail": "FCF margin: -2.5% -> +3.8%",
      "severity": "HIGH"
    },
    {
      "quarter": "2024-03 (Q1)",
      "signal": "OP MARGIN TURNED POSITIVE (YoY)",
      "detail": "Op margin: -6.6% (year-ago) -> +7.6%",
      "severity": "HIGH"
    },
    {
      "quarter": "2023-12 (Q4)",
      "signal": "OP MARGIN TURNED POSITIVE (YoY)",
      "detail": "Op margin: -2.9% (year-ago) -> +5.3%",
      "severity": "HIGH"
    },
    {
      "quarter": "2023-12 (Q4)",
      "signal": "OP MARGIN TURNED POSITIVE (QoQ)",
      "detail": "Op margin: -3.3% -> +5.3%",
      "severity": "HIGH"
    },
    {
      "quarter": "2023-06 (Q2)",
      "signal": "YoY REVENUE GROWTH DECELERATION",
      "detail": "YoY growth: -11.9% vs prior quarter YoY: -6.8% (decel: -5.2%)",
      "severity": "WARNING"
    },
    {
      "quarter": "2023-03 (Q1)",
      "signal": "FCF TURNED POSITIVE",
      "detail": "FCF margin: -2.9% -> +0.4%",
      "severity": "HIGH"
    },
    {
      "quarter": "2022-06 (Q2)",
      "signal": "YoY REVENUE GROWTH DECELERATION",
      "detail": "YoY growth: -4.9% vs prior quarter YoY: +2.7% (decel: -7.6%)",
      "severity": "WARNING"
    }
  ],
  "data_quality": {
    "n_quarters": 20,
    "coverage": {
      "revenue": [
        20,
        20
      ],
      "gross_profit": [
        0,
        20
      ],
      "op_income": [
        15,
        20
      ],
      "fcf": [
        20,
        20
      ]
    },
    "gaps": [],
    "warnings": [
      "gross_profit: no data",
      "op_income: 15/20Q"
    ]
  },
  "market_cap": null,
  "source": "SEC EDGAR",
  "last_updated": "2026-02-13T11:42:32.765964"
}