{
  "ticker": "KMT",
  "name": "Kennametal Inc.",
  "quarters": [
    {
      "date": "2020-12-31T00:00:00",
      "quarter_label": "2020-12 (Q4)",
      "revenue": 440507000,
      "gross_profit": 121529000,
      "operating_income": 19034000,
      "net_income": 19388000,
      "opex": 97758000,
      "cogs": 318978000,
      "rd": null,
      "sga": null,
      "fcf": 28459000,
      "ocf": 57730000,
      "capex": -29271000,
      "gross_margin": 0.2758843786818371,
      "op_margin": 0.04320930200882165,
      "fcf_margin": 0.06460510275659638
    },
    {
      "date": "2021-03-31T00:00:00",
      "quarter_label": "2021-03 (Q1)",
      "revenue": 484658000,
      "gross_profit": 150175000,
      "operating_income": 39522000,
      "net_income": 21621000,
      "opex": 108113000,
      "cogs": 334483000,
      "rd": null,
      "sga": null,
      "fcf": 46395000,
      "ocf": 71845000,
      "capex": -25450000,
      "gross_margin": 0.30985767283321436,
      "op_margin": 0.08154616244857198,
      "fcf_margin": 0.09572729636155805,
      "op_leverage_ratio": 0.9462152324794153,
      "fcf_margin_change": 0.03112219360496167
    },
    {
      "date": "2021-06-30T00:00:00",
      "quarter_label": "2021-06 (Q2)",
      "revenue": 515971000,
      "gross_profit": 175701000,
      "operating_income": 60790000,
      "net_income": 35101000,
      "opex": 108035000,
      "cogs": 340270000,
      "rd": null,
      "sga": null,
      "fcf": 63249000,
      "ocf": 96485000,
      "capex": -33236000,
      "gross_margin": 0.3405249519837355,
      "op_margin": 0.11781669900052523,
      "fcf_margin": 0.12258247072025366,
      "op_leverage_ratio": Infinity,
      "fcf_margin_change": 0.02685517435869561
    },
    {
      "date": "2021-09-30T00:00:00",
      "quarter_label": "2021-09 (Q3)",
      "revenue": 483509000,
      "gross_profit": 160750000,
      "operating_income": 54606000,
      "net_income": 36198000,
      "opex": 102694000,
      "cogs": 322759000,
      "rd": null,
      "sga": null,
      "fcf": -2041000,
      "ocf": 15803000,
      "capex": -17844000,
      "gross_margin": 0.33246537292997647,
      "op_margin": 0.11293688431859593,
      "fcf_margin": -0.004221224423950743,
      "fcf_margin_change": -0.1268036951442044
    },
    {
      "date": "2021-12-31T00:00:00",
      "quarter_label": "2021-12 (Q4)",
      "revenue": 486673000,
      "gross_profit": 152955000,
      "operating_income": 47505000,
      "net_income": 31421000,
      "opex": 106654000,
      "cogs": 333718000,
      "rd": null,
      "sga": null,
      "fcf": 22109000,
      "ocf": 42001000,
      "capex": -19892000,
      "gross_margin": 0.3142870058540334,
      "op_margin": 0.09761174340881865,
      "fcf_margin": 0.04542886085729021,
      "incr_op_margin_yoy": 0.616709266559806,
      "rev_growth_yoy": 0.10480196682459075,
      "fcf_margin_change": 0.04965008528124096
    },
    {
      "date": "2022-03-31T00:00:00",
      "quarter_label": "2022-03 (Q1)",
      "revenue": 512259000,
      "gross_profit": 164620000,
      "operating_income": 53364000,
      "net_income": 35295000,
      "opex": 107075000,
      "cogs": 347639000,
      "rd": null,
      "sga": null,
      "fcf": 12804000,
      "ocf": 35219000,
      "capex": -22415000,
      "gross_margin": 0.32136087408908387,
      "op_margin": 0.10417386517367191,
      "fcf_margin": 0.024995168459704953,
      "incr_op_margin_yoy": 0.5015035687112785,
      "rev_growth_yoy": 0.05694943650986881,
      "rev_growth_yoy_accel": -0.04785253031472194,
      "op_leverage_ratio": 13.318649653664497,
      "fcf_margin_change": -0.02043369239758526
    },
    {
      "date": "2022-06-30T00:00:00",
      "quarter_label": "2022-06 (Q2)",
      "revenue": 530015000,
      "gross_profit": 169652000,
      "operating_income": 62665000,
      "net_income": 41710000,
      "opex": 102670000,
      "cogs": 360363000,
      "rd": null,
      "sga": null,
      "fcf": -311240000,
      "ocf": -274467000,
      "capex": -36773000,
      "gross_margin": 0.320089054083375,
      "op_margin": 0.11823250285369281,
      "fcf_margin": -0.5872286633397168,
      "incr_op_margin_yoy": 0.13350897180290516,
      "rev_growth_yoy": 0.027218583990185494,
      "rev_growth_yoy_accel": -0.02973085251968332,
      "op_leverage_ratio": Infinity,
      "fcf_margin_change": -0.6122238317994217
    },
    {
      "date": "2022-09-30T00:00:00",
      "quarter_label": "2022-09 (Q3)",
      "revenue": 494792000,
      "gross_profit": 159968000,
      "operating_income": 48526000,
      "net_income": 28196000,
      "opex": 108278000,
      "cogs": 334824000,
      "rd": null,
      "sga": null,
      "fcf": -40232000,
      "ocf": -10748000,
      "capex": -29484000,
      "gross_margin": 0.323303529563938,
      "op_margin": 0.09807353392940872,
      "fcf_margin": -0.08131093469579136,
      "incr_op_margin_yoy": -0.5388637773641762,
      "rev_growth_yoy": 0.02333565662686734,
      "rev_growth_yoy_accel": -0.0038829273633181546,
      "fcf_margin_change": 0.5059177286439255
    },
    {
      "date": "2022-12-31T00:00:00",
      "quarter_label": "2022-12 (Q4)",
      "revenue": 497121000,
      "gross_profit": 142890000,
      "operating_income": 35491000,
      "net_income": 21899000,
      "opex": 105756000,
      "cogs": 354231000,
      "rd": null,
      "sga": null,
      "fcf": 42119000,
      "ocf": 63257000,
      "capex": -21138000,
      "gross_margin": 0.287435051023795,
      "op_margin": 0.07139308136248519,
      "fcf_margin": 0.08472585145266444,
      "incr_op_margin_yoy": -1.149885145482389,
      "rev_growth_yoy": 0.021468213769820804,
      "rev_growth_yoy_accel": -0.0018674428570465348,
      "fcf_margin_change": 0.1660367861484558
    },
    {
      "date": "2023-03-31T00:00:00",
      "quarter_label": "2023-03 (Q1)",
      "revenue": 536036000,
      "gross_profit": 167914000,
      "operating_income": 52471000,
      "net_income": 31937000,
      "opex": 113273000,
      "cogs": 368122000,
      "rd": null,
      "sga": null,
      "fcf": 53212000,
      "ocf": 73673000,
      "capex": -20461000,
      "gross_margin": 0.31325134879000666,
      "op_margin": 0.09788708221089629,
      "fcf_margin": 0.09926945205172787,
      "incr_op_margin_yoy": -0.03755730327627539,
      "rev_growth_yoy": 0.046415973169822294,
      "rev_growth_yoy_accel": 0.02494775940000149,
      "op_leverage_ratio": 1.101324729642423,
      "fcf_margin_change": 0.014543600599063428
    },
    {
      "date": "2023-06-30T00:00:00",
      "quarter_label": "2023-06 (Q2)",
      "revenue": 550235000,
      "gross_profit": 175667000,
      "operating_income": 55930000,
      "net_income": 36427000,
      "opex": 109984000,
      "cogs": 374568000,
      "rd": null,
      "sga": null,
      "fcf": 108461000,
      "ocf": 131763000,
      "capex": -23302000,
      "gross_margin": 0.31925813516043144,
      "op_margin": 0.10164747789580815,
      "fcf_margin": 0.19711759520931965,
      "incr_op_margin_yoy": -0.3330860534124629,
      "rev_growth_yoy": 0.03814986368310331,
      "rev_growth_yoy_accel": -0.008266109486718985,
      "op_leverage_ratio": Infinity,
      "fcf_margin_change": 0.09784814315759179
    },
    {
      "date": "2023-09-30T00:00:00",
      "quarter_label": "2023-09 (Q3)",
      "revenue": 492476000,
      "gross_profit": 162898000,
      "operating_income": 45118000,
      "net_income": 30057000,
      "opex": 111649000,
      "cogs": 329578000,
      "rd": null,
      "sga": null,
      "fcf": -6088000,
      "ocf": 25711000,
      "capex": -31799000,
      "gross_margin": 0.3307734793167586,
      "op_margin": 0.0916146167528976,
      "fcf_margin": -0.012362023733136234,
      "incr_op_margin_yoy": 1.471502590673575,
      "rev_growth_yoy": -0.004680754741386279,
      "rev_growth_yoy_accel": -0.04283061842448959,
      "fcf_margin_change": -0.2094796189424559
    },
    {
      "date": "2023-12-31T00:00:00",
      "quarter_label": "2023-12 (Q4)",
      "revenue": 495320000,
      "gross_profit": 139597000,
      "operating_income": 28479000,
      "net_income": 23108000,
      "opex": 107342000,
      "cogs": 355723000,
      "rd": null,
      "sga": null,
      "fcf": 36909000,
      "ocf": 62597000,
      "capex": -25688000,
      "gross_margin": 0.281831947024146,
      "op_margin": 0.05749616409593798,
      "fcf_margin": 0.07451546475006057,
      "incr_op_margin_yoy": 3.8933925596890617,
      "rev_growth_yoy": -0.0036228604303580013,
      "rev_growth_yoy_accel": 0.001057894311028278,
      "fcf_margin_change": 0.0868774884831968
    },
    {
      "date": "2024-03-31T00:00:00",
      "quarter_label": "2024-03 (Q1)",
      "revenue": 515794000,
      "gross_profit": 153262000,
      "operating_income": 35227000,
      "net_income": 18976000,
      "opex": 108684000,
      "cogs": 362532000,
      "rd": null,
      "sga": null,
      "fcf": 48399000,
      "ocf": 75152000,
      "capex": -26753000,
      "gross_margin": 0.2971380047073056,
      "op_margin": 0.06829664556004916,
      "fcf_margin": 0.09383397247738438,
      "incr_op_margin_yoy": 0.8518921055231696,
      "rev_growth_yoy": -0.03776238909326986,
      "rev_growth_yoy_accel": -0.03413952866291185,
      "op_leverage_ratio": 3.3062371517222364,
      "fcf_margin_change": 0.01931850772732381
    },
    {
      "date": "2024-06-30T00:00:00",
      "quarter_label": "2024-06 (Q2)",
      "revenue": 543308000,
      "gross_profit": 171336000,
      "operating_income": 61399000,
      "net_income": 37182000,
      "opex": 105487000,
      "cogs": 371972000,
      "rd": null,
      "sga": null,
      "fcf": 90327000,
      "ocf": 113648000,
      "capex": -23321000,
      "gross_margin": 0.31535703505194107,
      "op_margin": 0.11300956363609592,
      "fcf_margin": 0.1662537639791794,
      "incr_op_margin_yoy": -0.7895192724122997,
      "rev_growth_yoy": -0.012589166447063527,
      "rev_growth_yoy_accel": 0.02517322264620633,
      "op_leverage_ratio": Infinity,
      "fcf_margin_change": 0.07241979150179502
    },
    {
      "date": "2024-09-30T00:00:00",
      "quarter_label": "2024-09 (Q3)",
      "revenue": 481948000,
      "gross_profit": 151009000,
      "operating_income": 36027000,
      "net_income": 22123000,
      "opex": 111653000,
      "cogs": 330939000,
      "rd": null,
      "sga": 111653000,
      "fcf": 20998000,
      "ocf": 45746000,
      "capex": -24748000,
      "gross_margin": 0.3133304837866326,
      "op_margin": 0.07475287790384025,
      "fcf_margin": 0.04356901574443716,
      "incr_op_margin_yoy": 0.8635068389057751,
      "rev_growth_yoy": -0.02137769150171785,
      "rev_growth_yoy_accel": -0.008788525054654321,
      "fcf_margin_change": -0.12268474823474224
    },
    {
      "date": "2024-12-31T00:00:00",
      "quarter_label": "2024-12 (Q4)",
      "revenue": 482051000,
      "gross_profit": 145030000,
      "operating_income": 31667000,
      "net_income": 17928000,
      "opex": 109308000,
      "cogs": 337021000,
      "rd": null,
      "sga": null,
      "fcf": 35935000,
      "ocf": 55154000,
      "capex": -19219000,
      "gross_margin": 0.30086028241825036,
      "op_margin": 0.06569221928800065,
      "fcf_margin": 0.07454605425567004,
      "incr_op_margin_yoy": -0.24025925088552263,
      "rev_growth_yoy": -0.026788742631026406,
      "rev_growth_yoy_accel": -0.005411051129308557,
      "fcf_margin_change": 0.03097703851123288
    },
    {
      "date": "2025-03-31T00:00:00",
      "quarter_label": "2025-03 (Q1)",
      "revenue": 486399000,
      "gross_profit": 156365000,
      "operating_income": 44060000,
      "net_income": 31482000,
      "opex": 104013000,
      "cogs": 330034000,
      "rd": null,
      "sga": null,
      "fcf": 5291000,
      "ocf": 28830000,
      "capex": -23539000,
      "gross_margin": 0.3214747563214563,
      "op_margin": 0.09058406781263942,
      "fcf_margin": 0.010877900653578647,
      "incr_op_margin_yoy": -0.3004932811702671,
      "rev_growth_yoy": -0.05698980600782483,
      "rev_growth_yoy_accel": -0.030201063376798423,
      "fcf_margin_change": -0.0636681536020914
    },
    {
      "date": "2025-06-30T00:00:00",
      "quarter_label": "2025-06 (Q2)",
      "revenue": 516447000,
      "gross_profit": 145665000,
      "operating_income": 31370000,
      "net_income": 21592000,
      "opex": 105860000,
      "cogs": 370782000,
      "rd": null,
      "sga": null,
      "fcf": 57129000,
      "ocf": 78594000,
      "capex": -21465000,
      "gross_margin": 0.28205217573148844,
      "op_margin": 0.060741954159865386,
      "fcf_margin": 0.11061928910420624,
      "incr_op_margin_yoy": 1.1179405085439857,
      "rev_growth_yoy": -0.04943972847813763,
      "rev_growth_yoy_accel": 0.007550077529687199,
      "op_leverage_ratio": 3.478913451348409,
      "fcf_margin_change": 0.09974138845062759
    },
    {
      "date": "2025-09-30T00:00:00",
      "quarter_label": "2025-09 (Q3)",
      "revenue": 497974000,
      "gross_profit": 154550000,
      "operating_income": 37559000,
      "net_income": 23298000,
      "opex": 116991000,
      "cogs": 343424000,
      "rd": null,
      "sga": 113028000,
      "fcf": -5495000,
      "ocf": 17487000,
      "capex": -22982000,
      "gross_margin": 0.3103575688690574,
      "op_margin": 0.07542361649403383,
      "fcf_margin": -0.011034712655680819,
      "incr_op_margin_yoy": 0.09559465867964557,
      "rev_growth_yoy": 0.033252550067642155,
      "rev_growth_yoy_accel": 0.08269227854577979,
      "fcf_margin_change": -0.12165400175988705
    }
  ],
  "signals": [
    {
      "quarter": "2025-09 (Q3)",
      "signal": "GROSS MARGIN INFLECTION",
      "detail": "GM: +32.1% -> +28.2% -> +31.0% (reversal +2.8%)",
      "severity": "MEDIUM"
    },
    {
      "quarter": "2025-09 (Q3)",
      "signal": "YoY REVENUE GROWTH ACCELERATION",
      "detail": "YoY growth: +3.3% vs prior quarter YoY: -4.9% (accel: +8.3%)",
      "severity": "MEDIUM"
    },
    {
      "quarter": "2025-06 (Q2)",
      "signal": "FCF MARGIN EXPANSION",
      "detail": "FCF margin: +1.1% -> +11.1% (+10.0%)",
      "severity": "MEDIUM"
    },
    {
      "quarter": "2025-06 (Q2)",
      "signal": "OPERATING LEVERAGE",
      "detail": "Rev growth +6.2% vs OpEx growth +1.8% (leverage: 3.5x)",
      "severity": "MEDIUM"
    },
    {
      "quarter": "2025-06 (Q2)",
      "signal": "INCREMENTAL MARGIN (YoY)",
      "detail": "YoY Incr OPM: +111.8% vs year-ago OPM: +11.3%",
      "severity": "HIGH"
    },
    {
      "quarter": "2025-03 (Q1)",
      "signal": "GROSS MARGIN INFLECTION",
      "detail": "GM: +31.3% -> +30.1% -> +32.1% (reversal +2.1%)",
      "severity": "MEDIUM"
    },
    {
      "quarter": "2024-09 (Q3)",
      "signal": "INCREMENTAL MARGIN (YoY)",
      "detail": "YoY Incr OPM: +86.4% vs year-ago OPM: +9.2%",
      "severity": "HIGH"
    },
    {
      "quarter": "2024-06 (Q2)",
      "signal": "FCF MARGIN EXPANSION",
      "detail": "FCF margin: +9.4% -> +16.6% (+7.2%)",
      "severity": "MEDIUM"
    },
    {
      "quarter": "2024-03 (Q1)",
      "signal": "OPERATING LEVERAGE",
      "detail": "Rev growth +4.1% vs OpEx growth +1.3% (leverage: 3.3x)",
      "severity": "MEDIUM"
    },
    {
      "quarter": "2024-03 (Q1)",
      "signal": "INCREMENTAL MARGIN (YoY)",
      "detail": "YoY Incr OPM: +85.2% vs year-ago OPM: +9.8%",
      "severity": "HIGH"
    },
    {
      "quarter": "2023-12 (Q4)",
      "signal": "FCF TURNED POSITIVE",
      "detail": "FCF margin: -1.2% -> +7.5%",
      "severity": "HIGH"
    },
    {
      "quarter": "2023-12 (Q4)",
      "signal": "INCREMENTAL MARGIN (YoY)",
      "detail": "YoY Incr OPM: +389.3% vs year-ago OPM: +7.1%",
      "severity": "HIGH"
    },
    {
      "quarter": "2023-09 (Q3)",
      "signal": "INCREMENTAL MARGIN (YoY)",
      "detail": "YoY Incr OPM: +147.2% vs year-ago OPM: +9.8%",
      "severity": "HIGH"
    },
    {
      "quarter": "2023-06 (Q2)",
      "signal": "FCF MARGIN EXPANSION",
      "detail": "FCF margin: +9.9% -> +19.7% (+9.8%)",
      "severity": "MEDIUM"
    },
    {
      "quarter": "2023-03 (Q1)",
      "signal": "GROSS MARGIN INFLECTION",
      "detail": "GM: +32.3% -> +28.7% -> +31.3% (reversal +2.6%)",
      "severity": "MEDIUM"
    },
    {
      "quarter": "2022-12 (Q4)",
      "signal": "FCF TURNED POSITIVE",
      "detail": "FCF margin: -8.1% -> +8.5%",
      "severity": "HIGH"
    },
    {
      "quarter": "2022-09 (Q3)",
      "signal": "FCF MARGIN EXPANSION",
      "detail": "FCF margin: -58.7% -> -8.1% (+50.6%)",
      "severity": "MEDIUM"
    },
    {
      "quarter": "2022-03 (Q1)",
      "signal": "OPERATING LEVERAGE",
      "detail": "Rev growth +5.3% vs OpEx growth +0.4% (leverage: 13.3x)",
      "severity": "MEDIUM"
    },
    {
      "quarter": "2022-03 (Q1)",
      "signal": "INCREMENTAL MARGIN (YoY)",
      "detail": "YoY Incr OPM: +50.2% vs year-ago OPM: +8.2%",
      "severity": "HIGH"
    },
    {
      "quarter": "2021-12 (Q4)",
      "signal": "FCF TURNED POSITIVE",
      "detail": "FCF margin: -0.4% -> +4.5%",
      "severity": "HIGH"
    },
    {
      "quarter": "2021-12 (Q4)",
      "signal": "INCREMENTAL MARGIN (YoY)",
      "detail": "YoY Incr OPM: +61.7% vs year-ago OPM: +4.3%",
      "severity": "HIGH"
    }
  ],
  "data_quality": {
    "n_quarters": 20,
    "coverage": {
      "revenue": [
        20,
        20
      ],
      "gross_profit": [
        20,
        20
      ],
      "op_income": [
        20,
        20
      ],
      "fcf": [
        20,
        20
      ]
    },
    "gaps": [],
    "warnings": []
  },
  "market_cap": null,
  "source": "SEC EDGAR",
  "last_updated": "2026-02-02T21:27:48.380668"
}