{
  "ticker": "KMX",
  "name": "CARMAX, INC.",
  "quarters": [
    {
      "date": "2021-02-28T00:00:00",
      "quarter_label": "2021-02 (Q1)",
      "revenue": 5164257000,
      "gross_profit": 641369000,
      "operating_income": null,
      "net_income": 209945000,
      "opex": null,
      "cogs": 4522888000,
      "rd": null,
      "sga": 556054000,
      "fcf": -241210000,
      "ocf": -200626000,
      "capex": -40584000,
      "gross_margin": 0.12419385789669259,
      "op_margin": null,
      "fcf_margin": -0.0467075902690358
    },
    {
      "date": "2021-05-31T00:00:00",
      "quarter_label": "2021-05 (Q2)",
      "revenue": 7697599000,
      "gross_profit": 924509000,
      "operating_income": null,
      "net_income": 436756000,
      "opex": null,
      "cogs": 6773090000,
      "rd": null,
      "sga": 554069000,
      "fcf": -171028000,
      "ocf": -111883000,
      "capex": -59145000,
      "gross_margin": 0.12010355436805685,
      "op_margin": null,
      "fcf_margin": -0.02221835665900497,
      "fcf_margin_change": 0.02448923361003083
    },
    {
      "date": "2021-08-31T00:00:00",
      "quarter_label": "2021-08 (Q3)",
      "revenue": 7988359000,
      "gross_profit": 815484000,
      "operating_income": null,
      "net_income": 285267000,
      "opex": null,
      "cogs": 7172875000,
      "rd": null,
      "sga": 574286000,
      "fcf": -1352131000,
      "ocf": -1273438000,
      "capex": -78693000,
      "gross_margin": 0.10208404504604764,
      "op_margin": null,
      "fcf_margin": -0.16926267334755485,
      "fcf_margin_change": -0.1470443166885499
    },
    {
      "date": "2021-11-30T00:00:00",
      "quarter_label": "2021-11 (Q4)",
      "revenue": 8527759000,
      "gross_profit": 836560000,
      "operating_income": null,
      "net_income": 269438000,
      "opex": null,
      "cogs": 7691199000,
      "rd": null,
      "sga": 575930000,
      "fcf": -786389000,
      "ocf": -697324000,
      "capex": -89065000,
      "gross_margin": 0.09809845705067416,
      "op_margin": null,
      "fcf_margin": -0.0922151997963357,
      "fcf_margin_change": 0.07704747355121914
    },
    {
      "date": "2022-02-28T00:00:00",
      "quarter_label": "2022-02 (Q1)",
      "revenue": 7686695000,
      "gross_profit": 710989000,
      "operating_income": null,
      "net_income": 159836000,
      "opex": null,
      "cogs": 6975706000,
      "rd": null,
      "sga": 620935000,
      "fcf": -548436000,
      "ocf": -466805000,
      "capex": -81631000,
      "gross_margin": 0.09249605974999658,
      "op_margin": null,
      "fcf_margin": -0.07134873960785487,
      "rev_growth_yoy": 0.4884416093157254,
      "fcf_margin_change": 0.02086646018848083
    },
    {
      "date": "2022-05-31T00:00:00",
      "quarter_label": "2022-05 (Q2)",
      "revenue": 9311621000,
      "gross_profit": 875391000,
      "operating_income": null,
      "net_income": 252265000,
      "opex": null,
      "cogs": 8436230000,
      "rd": null,
      "sga": 656740000,
      "fcf": 436144000,
      "ocf": 530952000,
      "capex": -94808000,
      "gross_margin": 0.0940105917111532,
      "op_margin": null,
      "fcf_margin": 0.04683867610161539,
      "rev_growth_yoy": 0.2096786283619087,
      "rev_growth_yoy_accel": -0.2787629809538167,
      "fcf_margin_change": 0.11818741570947026
    },
    {
      "date": "2022-08-31T00:00:00",
      "quarter_label": "2022-08 (Q3)",
      "revenue": 8144803000,
      "gross_profit": 737145000,
      "operating_income": null,
      "net_income": 125905000,
      "opex": null,
      "cogs": 7407658000,
      "rd": null,
      "sga": 666041000,
      "fcf": -161018000,
      "ocf": -51363000,
      "capex": -109655000,
      "gross_margin": 0.09050495143958669,
      "op_margin": null,
      "fcf_margin": -0.019769416154080094,
      "rev_growth_yoy": 0.01958399716387308,
      "rev_growth_yoy_accel": -0.19009463119803563,
      "fcf_margin_change": -0.06660809225569549
    },
    {
      "date": "2022-11-30T00:00:00",
      "quarter_label": "2022-11 (Q4)",
      "revenue": 6505956000,
      "gross_profit": 576688000,
      "operating_income": null,
      "net_income": 37580000,
      "opex": null,
      "cogs": 5929268000,
      "rd": null,
      "sga": 591727000,
      "fcf": 1067465000,
      "ocf": 1182488000,
      "capex": -115023000,
      "gross_margin": 0.0886400092469116,
      "op_margin": null,
      "fcf_margin": 0.16407504139284065,
      "rev_growth_yoy": -0.2370849129296454,
      "rev_growth_yoy_accel": -0.2566689100935185,
      "fcf_margin_change": 0.18384445754692075
    },
    {
      "date": "2023-02-28T00:00:00",
      "quarter_label": "2023-02 (Q1)",
      "revenue": 5722493000,
      "gross_profit": 610979000,
      "operating_income": null,
      "net_income": 69012000,
      "opex": null,
      "cogs": 5111514000,
      "rd": null,
      "sga": 572849000,
      "fcf": -481969000,
      "ocf": -378745000,
      "capex": -103224000,
      "gross_margin": 0.10676797682408698,
      "op_margin": null,
      "fcf_margin": -0.08422360673923061,
      "rev_growth_yoy": -0.25553270944144396,
      "rev_growth_yoy_accel": -0.018447796511798564,
      "fcf_margin_change": -0.24829864813207125
    },
    {
      "date": "2023-05-31T00:00:00",
      "quarter_label": "2023-05 (Q2)",
      "revenue": 7687063000,
      "gross_profit": 817390000,
      "operating_income": null,
      "net_income": 228298000,
      "opex": null,
      "cogs": 6869673000,
      "rd": null,
      "sga": 559837000,
      "fcf": -322004000,
      "ocf": -185285000,
      "capex": -136719000,
      "gross_margin": 0.1063331990384364,
      "op_margin": null,
      "fcf_margin": -0.04188908039390337,
      "rev_growth_yoy": -0.17446564889185245,
      "rev_growth_yoy_accel": 0.08106706054959151,
      "fcf_margin_change": 0.04233452634532724
    },
    {
      "date": "2023-08-31T00:00:00",
      "quarter_label": "2023-08 (Q3)",
      "revenue": 7073836000,
      "gross_profit": 696765000,
      "operating_income": null,
      "net_income": 118635000,
      "opex": null,
      "cogs": 6377071000,
      "rd": null,
      "sga": 585694000,
      "fcf": 50717000,
      "ocf": 124165000,
      "capex": -73448000,
      "gross_margin": 0.09849889084225305,
      "op_margin": null,
      "fcf_margin": 0.007169660139138086,
      "rev_growth_yoy": -0.1314908414604994,
      "rev_growth_yoy_accel": 0.04297480743135304,
      "fcf_margin_change": 0.049058740533041455
    },
    {
      "date": "2023-11-30T00:00:00",
      "quarter_label": "2023-11 (Q4)",
      "revenue": 6148538000,
      "gross_profit": 612863000,
      "operating_income": null,
      "net_income": 82003000,
      "opex": null,
      "cogs": 5535675000,
      "rd": null,
      "sga": 559962000,
      "fcf": 64824000,
      "ocf": 210099000,
      "capex": -145275000,
      "gross_margin": 0.09967621571176757,
      "op_margin": null,
      "fcf_margin": 0.01054299412315578,
      "rev_growth_yoy": -0.054937045378112,
      "rev_growth_yoy_accel": 0.07655379608238741,
      "fcf_margin_change": 0.0033733339840176946
    },
    {
      "date": "2024-02-29T00:00:00",
      "quarter_label": "2024-02 (Q1)",
      "revenue": 5626603000,
      "gross_profit": 586191000,
      "operating_income": null,
      "net_income": 50268000,
      "opex": null,
      "cogs": 5040412000,
      "rd": null,
      "sga": 580885000,
      "fcf": 199773000,
      "ocf": 309638000,
      "capex": -109865000,
      "gross_margin": 0.10418204376601654,
      "op_margin": null,
      "fcf_margin": 0.03550508184067722,
      "rev_growth_yoy": -0.01675668279541801,
      "rev_growth_yoy_accel": 0.038180362582693986,
      "fcf_margin_change": 0.024962087717521442
    },
    {
      "date": "2024-05-31T00:00:00",
      "quarter_label": "2024-05 (Q2)",
      "revenue": 7113397000,
      "gross_profit": 791895000,
      "operating_income": null,
      "net_income": 152440000,
      "opex": null,
      "cogs": 6321502000,
      "rd": null,
      "sga": 638578000,
      "fcf": -221603000,
      "ocf": -117689000,
      "capex": -103914000,
      "gross_margin": 0.11132444878304978,
      "op_margin": null,
      "fcf_margin": -0.03115290767547488,
      "rev_growth_yoy": -0.07462746174969556,
      "rev_growth_yoy_accel": -0.05787077895427755,
      "fcf_margin_change": -0.06665798951615211
    },
    {
      "date": "2024-08-31T00:00:00",
      "quarter_label": "2024-08 (Q3)",
      "revenue": 7013529000,
      "gross_profit": 760467000,
      "operating_income": null,
      "net_income": 132809000,
      "opex": null,
      "cogs": 6253062000,
      "rd": null,
      "sga": 610562000,
      "fcf": 509894000,
      "ocf": 619103000,
      "capex": -109209000,
      "gross_margin": 0.10842858138891277,
      "op_margin": null,
      "fcf_margin": 0.07270148879401511,
      "rev_growth_yoy": -0.00852536021474063,
      "rev_growth_yoy_accel": 0.06610210153495494,
      "fcf_margin_change": 0.10385439646948999
    },
    {
      "date": "2024-11-30T00:00:00",
      "quarter_label": "2024-11 (Q4)",
      "revenue": 6223371000,
      "gross_profit": 677646000,
      "operating_income": null,
      "net_income": 125441000,
      "opex": null,
      "cogs": 5545725000,
      "rd": null,
      "sga": 575764000,
      "fcf": -150551000,
      "ocf": -23352000,
      "capex": -127199000,
      "gross_margin": 0.10888728954131129,
      "op_margin": null,
      "fcf_margin": -0.024191230122710024,
      "rev_growth_yoy": 0.012170860780237514,
      "rev_growth_yoy_accel": 0.020696220994978143,
      "fcf_margin_change": -0.09689271891672513
    },
    {
      "date": "2025-02-28T00:00:00",
      "quarter_label": "2025-02 (Q1)",
      "revenue": 6003123000,
      "gross_profit": 667893000,
      "operating_income": null,
      "net_income": 89866000,
      "opex": null,
      "cogs": 5335230000,
      "rd": null,
      "sga": 610500000,
      "fcf": 18760000,
      "ocf": 146377000,
      "capex": -127617000,
      "gross_margin": 0.11125759042418422,
      "op_margin": null,
      "fcf_margin": 0.0031250400833033073,
      "rev_growth_yoy": 0.06691781879759422,
      "rev_growth_yoy_accel": 0.054746958017356705,
      "fcf_margin_change": 0.02731627020601333
    },
    {
      "date": "2025-05-31T00:00:00",
      "quarter_label": "2025-05 (Q2)",
      "revenue": 7546541000,
      "gross_profit": 893623000,
      "operating_income": null,
      "net_income": 210381000,
      "opex": null,
      "cogs": 6652918000,
      "rd": null,
      "sga": 659643000,
      "fcf": 162807000,
      "ocf": 299543000,
      "capex": -136736000,
      "gross_margin": 0.11841491353455842,
      "op_margin": null,
      "fcf_margin": 0.02157372496883009,
      "rev_growth_yoy": 0.060891301300911506,
      "rev_growth_yoy_accel": -0.006026517496682711,
      "fcf_margin_change": 0.018448684885526784
    },
    {
      "date": "2025-08-31T00:00:00",
      "quarter_label": "2025-08 (Q3)",
      "revenue": 6594684000,
      "gross_profit": 717666000,
      "operating_income": null,
      "net_income": 95378000,
      "opex": null,
      "cogs": 5877018000,
      "rd": null,
      "sga": 601093000,
      "fcf": 654026000,
      "ocf": 785494000,
      "capex": -131468000,
      "gross_margin": 0.10882492625878662,
      "op_margin": null,
      "fcf_margin": 0.099174729221294,
      "rev_growth_yoy": -0.05971957911630507,
      "rev_growth_yoy_accel": -0.12061088041721657,
      "fcf_margin_change": 0.07760100425246391
    },
    {
      "date": "2025-11-30T00:00:00",
      "quarter_label": "2025-11 (Q4)",
      "revenue": 5793946000,
      "gross_profit": 590048000,
      "operating_income": null,
      "net_income": 62215000,
      "opex": null,
      "cogs": 5203898000,
      "rd": null,
      "sga": 581368000,
      "fcf": 1113319000,
      "ocf": 1253077000,
      "capex": -139758000,
      "gross_margin": 0.10183871233870664,
      "op_margin": null,
      "fcf_margin": 0.19215211878053404,
      "rev_growth_yoy": -0.06900199264996415,
      "rev_growth_yoy_accel": -0.009282413533659079,
      "fcf_margin_change": 0.09297738955924004
    }
  ],
  "signals": [
    {
      "quarter": "2025-11 (Q4)",
      "signal": "FCF MARGIN EXPANSION",
      "detail": "FCF margin: +9.9% -> +19.2% (+9.3%)",
      "severity": "MEDIUM"
    },
    {
      "quarter": "2025-08 (Q3)",
      "signal": "FCF MARGIN EXPANSION",
      "detail": "FCF margin: +2.2% -> +9.9% (+7.8%)",
      "severity": "MEDIUM"
    },
    {
      "quarter": "2025-08 (Q3)",
      "signal": "YoY REVENUE GROWTH DECELERATION",
      "detail": "YoY growth: -6.0% vs prior quarter YoY: +6.1% (decel: -12.1%)",
      "severity": "WARNING"
    },
    {
      "quarter": "2025-02 (Q1)",
      "signal": "FCF TURNED POSITIVE",
      "detail": "FCF margin: -2.4% -> +0.3%",
      "severity": "HIGH"
    },
    {
      "quarter": "2025-02 (Q1)",
      "signal": "YoY REVENUE GROWTH ACCELERATION",
      "detail": "YoY growth: +6.7% vs prior quarter YoY: +1.2% (accel: +5.5%)",
      "severity": "MEDIUM"
    },
    {
      "quarter": "2024-08 (Q3)",
      "signal": "FCF TURNED POSITIVE",
      "detail": "FCF margin: -3.1% -> +7.3%",
      "severity": "HIGH"
    },
    {
      "quarter": "2024-08 (Q3)",
      "signal": "YoY REVENUE GROWTH ACCELERATION",
      "detail": "YoY growth: -0.9% vs prior quarter YoY: -7.5% (accel: +6.6%)",
      "severity": "MEDIUM"
    },
    {
      "quarter": "2024-05 (Q2)",
      "signal": "YoY REVENUE GROWTH DECELERATION",
      "detail": "YoY growth: -7.5% vs prior quarter YoY: -1.7% (decel: -5.8%)",
      "severity": "WARNING"
    },
    {
      "quarter": "2023-11 (Q4)",
      "signal": "YoY REVENUE GROWTH ACCELERATION",
      "detail": "YoY growth: -5.5% vs prior quarter YoY: -13.1% (accel: +7.7%)",
      "severity": "MEDIUM"
    },
    {
      "quarter": "2023-08 (Q3)",
      "signal": "FCF TURNED POSITIVE",
      "detail": "FCF margin: -4.2% -> +0.7%",
      "severity": "HIGH"
    },
    {
      "quarter": "2023-05 (Q2)",
      "signal": "YoY REVENUE GROWTH ACCELERATION",
      "detail": "YoY growth: -17.4% vs prior quarter YoY: -25.6% (accel: +8.1%)",
      "severity": "MEDIUM"
    },
    {
      "quarter": "2022-11 (Q4)",
      "signal": "FCF TURNED POSITIVE",
      "detail": "FCF margin: -2.0% -> +16.4%",
      "severity": "HIGH"
    },
    {
      "quarter": "2022-11 (Q4)",
      "signal": "YoY REVENUE GROWTH DECELERATION",
      "detail": "YoY growth: -23.7% vs prior quarter YoY: +2.0% (decel: -25.7%)",
      "severity": "WARNING"
    },
    {
      "quarter": "2022-08 (Q3)",
      "signal": "YoY REVENUE GROWTH DECELERATION",
      "detail": "YoY growth: +2.0% vs prior quarter YoY: +21.0% (decel: -19.0%)",
      "severity": "WARNING"
    },
    {
      "quarter": "2022-05 (Q2)",
      "signal": "FCF TURNED POSITIVE",
      "detail": "FCF margin: -7.1% -> +4.7%",
      "severity": "HIGH"
    },
    {
      "quarter": "2022-05 (Q2)",
      "signal": "YoY REVENUE GROWTH DECELERATION",
      "detail": "YoY growth: +21.0% vs prior quarter YoY: +48.8% (decel: -27.9%)",
      "severity": "WARNING"
    },
    {
      "quarter": "2021-11 (Q4)",
      "signal": "FCF MARGIN EXPANSION",
      "detail": "FCF margin: -16.9% -> -9.2% (+7.7%)",
      "severity": "MEDIUM"
    }
  ],
  "data_quality": {
    "n_quarters": 20,
    "coverage": {
      "revenue": [
        20,
        20
      ],
      "gross_profit": [
        20,
        20
      ],
      "op_income": [
        0,
        20
      ],
      "fcf": [
        20,
        20
      ]
    },
    "gaps": [],
    "warnings": [
      "op_income: no data"
    ]
  },
  "market_cap": null,
  "source": "SEC EDGAR",
  "last_updated": "2026-02-02T20:52:07.324929"
}