{
  "ticker": "KNOP",
  "name": "KNOT Offshore Partners LP",
  "quarters": [
    {
      "date": "2013-06-30T00:00:00",
      "quarter_label": "2013-06 (Q2)",
      "revenue": 17268000,
      "gross_profit": null,
      "operating_income": 7408000,
      "net_income": -1204000,
      "opex": 9860000,
      "cogs": null,
      "rd": null,
      "sga": null,
      "fcf": null,
      "ocf": null,
      "capex": null,
      "gross_margin": null,
      "op_margin": 0.4290016214964095,
      "fcf_margin": null
    },
    {
      "date": "2014-06-30T00:00:00",
      "quarter_label": "2014-06 (Q2)",
      "revenue": 22119000,
      "gross_profit": null,
      "operating_income": 9552000,
      "net_income": -7448000,
      "opex": 12567000,
      "cogs": null,
      "rd": null,
      "sga": null,
      "fcf": null,
      "ocf": null,
      "capex": null,
      "gross_margin": null,
      "op_margin": 0.43184592431845925,
      "fcf_margin": null,
      "incr_op_margin_yoy": 0.4419707276850134,
      "rev_growth_yoy": 0.28092425295343987,
      "op_leverage_ratio": 1.023240906583272
    },
    {
      "date": "2015-06-30T00:00:00",
      "quarter_label": "2015-06 (Q2)",
      "revenue": 36983000,
      "gross_profit": null,
      "operating_income": 11058000,
      "net_income": -7860000,
      "opex": 25925000,
      "cogs": null,
      "rd": null,
      "sga": null,
      "fcf": null,
      "ocf": null,
      "capex": null,
      "gross_margin": null,
      "op_margin": 0.29900224427439637,
      "fcf_margin": null,
      "incr_op_margin_yoy": 0.10131862217438105,
      "rev_growth_yoy": 0.6720014467200145,
      "rev_growth_yoy_accel": 0.3910771937665746,
      "op_leverage_ratio": 0.6322085777010348
    },
    {
      "date": "2015-09-30T00:00:00",
      "quarter_label": "2015-09 (Q3)",
      "revenue": 39284000,
      "gross_profit": null,
      "operating_income": 19748000,
      "net_income": -6308000,
      "opex": 19536000,
      "cogs": null,
      "rd": null,
      "sga": null,
      "fcf": 19643000,
      "ocf": 19643000,
      "capex": null,
      "gross_margin": null,
      "op_margin": 0.5026982995621627,
      "fcf_margin": 0.5000254556562468,
      "op_leverage_ratio": Infinity
    },
    {
      "date": "2015-12-31T00:00:00",
      "quarter_label": "2015-12 (Q4)",
      "revenue": 42537000,
      "gross_profit": null,
      "operating_income": 20379000,
      "net_income": 2556000,
      "opex": 22158000,
      "cogs": null,
      "rd": null,
      "sga": null,
      "fcf": 25390000,
      "ocf": 25390000,
      "capex": null,
      "gross_margin": null,
      "op_margin": 0.47908879328584525,
      "fcf_margin": 0.59689211745069,
      "op_leverage_ratio": 0.6169803323891245,
      "fcf_margin_change": 0.09686666179444325
    },
    {
      "date": "2016-06-30T00:00:00",
      "quarter_label": "2016-06 (Q2)",
      "revenue": 43063000,
      "gross_profit": null,
      "operating_income": 20227000,
      "net_income": -3449000,
      "opex": 22836000,
      "cogs": null,
      "rd": null,
      "sga": null,
      "fcf": null,
      "ocf": null,
      "capex": null,
      "gross_margin": null,
      "op_margin": 0.46970717321134153,
      "fcf_margin": null,
      "incr_op_margin_yoy": 1.5080592105263158,
      "rev_growth_yoy": 0.1643998593948571,
      "op_leverage_ratio": 0.4041287532915124
    },
    {
      "date": "2016-09-30T00:00:00",
      "quarter_label": "2016-09 (Q3)",
      "revenue": 43587000,
      "gross_profit": null,
      "operating_income": 21171000,
      "net_income": -4330000,
      "opex": 22416000,
      "cogs": null,
      "rd": null,
      "sga": null,
      "fcf": 30625000,
      "ocf": 30625000,
      "capex": null,
      "gross_margin": null,
      "op_margin": 0.4857182187349439,
      "fcf_margin": 0.7026177529997476,
      "incr_op_margin_yoy": 0.33069951196839414,
      "rev_growth_yoy": 0.10953568883005804,
      "rev_growth_yoy_accel": -0.05486417056479906,
      "op_leverage_ratio": Infinity
    },
    {
      "date": "2016-12-31T00:00:00",
      "quarter_label": "2016-12 (Q4)",
      "revenue": 44995000,
      "gross_profit": null,
      "operating_income": 21590000,
      "net_income": 3125000,
      "opex": 23405000,
      "cogs": null,
      "rd": null,
      "sga": null,
      "fcf": 25335000,
      "ocf": 25335000,
      "capex": null,
      "gross_margin": null,
      "op_margin": 0.4798310923435937,
      "fcf_margin": 0.5630625625069452,
      "incr_op_margin_yoy": 0.4926769731489015,
      "rev_growth_yoy": 0.05778498718762489,
      "rev_growth_yoy_accel": -0.05175070164243315,
      "op_leverage_ratio": 0.7321625359162781,
      "fcf_margin_change": -0.1395551904928024
    },
    {
      "date": "2017-06-30T00:00:00",
      "quarter_label": "2017-06 (Q2)",
      "revenue": 54406000,
      "gross_profit": null,
      "operating_income": 26114000,
      "net_income": 15906000,
      "opex": 28292000,
      "cogs": null,
      "rd": null,
      "sga": null,
      "fcf": null,
      "ocf": null,
      "capex": null,
      "gross_margin": null,
      "op_margin": 0.47998382531338457,
      "fcf_margin": null,
      "incr_op_margin_yoy": 0.5189985012783215,
      "rev_growth_yoy": 0.2634047790446555,
      "rev_growth_yoy_accel": 0.20561979185703058,
      "op_leverage_ratio": 1.0017003458061058
    },
    {
      "date": "2018-06-30T00:00:00",
      "quarter_label": "2018-06 (Q2)",
      "revenue": 69765000,
      "gross_profit": null,
      "operating_income": 32109000,
      "net_income": 19881000,
      "opex": 37656000,
      "cogs": null,
      "rd": null,
      "sga": null,
      "fcf": null,
      "ocf": null,
      "capex": null,
      "gross_margin": null,
      "op_margin": 0.46024510857880024,
      "fcf_margin": null,
      "incr_op_margin_yoy": 0.3903248909434208,
      "rev_growth_yoy": 0.28230342241664524,
      "rev_growth_yoy_accel": 0.018898643371989765,
      "op_leverage_ratio": 0.8529398149307696
    },
    {
      "date": "2019-06-30T00:00:00",
      "quarter_label": "2019-06 (Q2)",
      "revenue": 70922000,
      "gross_profit": null,
      "operating_income": 31928000,
      "net_income": 8176000,
      "opex": 38994000,
      "cogs": null,
      "rd": null,
      "sga": null,
      "fcf": null,
      "ocf": null,
      "capex": null,
      "gross_margin": null,
      "op_margin": 0.450184709963058,
      "fcf_margin": null,
      "incr_op_margin_yoy": -0.15643906655142611,
      "rev_growth_yoy": 0.0165842471153157,
      "rev_growth_yoy_accel": -0.26571917530132955,
      "op_leverage_ratio": 0.4667387215054769
    },
    {
      "date": "2020-06-30T00:00:00",
      "quarter_label": "2020-06 (Q2)",
      "revenue": 70259000,
      "gross_profit": null,
      "operating_income": 33359000,
      "net_income": 21683000,
      "opex": 36900000,
      "cogs": null,
      "rd": null,
      "sga": null,
      "fcf": null,
      "ocf": null,
      "capex": null,
      "gross_margin": null,
      "op_margin": 0.4748003814457934,
      "fcf_margin": null,
      "rev_growth_yoy": -0.009348298130340374,
      "rev_growth_yoy_accel": -0.025932545245656073
    },
    {
      "date": "2021-06-30T00:00:00",
      "quarter_label": "2021-06 (Q2)",
      "revenue": 70937000,
      "gross_profit": null,
      "operating_income": -1201000,
      "net_income": -10925000,
      "opex": 72138000,
      "cogs": null,
      "rd": null,
      "sga": null,
      "fcf": null,
      "ocf": null,
      "capex": null,
      "gross_margin": null,
      "op_margin": -0.016930515809803065,
      "fcf_margin": null,
      "rev_growth_yoy": 0.009650009251483795,
      "rev_growth_yoy_accel": 0.01899830738182417
    },
    {
      "date": "2022-06-30T00:00:00",
      "quarter_label": "2022-06 (Q2)",
      "revenue": 63959000,
      "gross_profit": null,
      "operating_income": 13448000,
      "net_income": 9888000,
      "opex": 50511000,
      "cogs": null,
      "rd": null,
      "sga": null,
      "fcf": null,
      "ocf": null,
      "capex": null,
      "gross_margin": null,
      "op_margin": 0.21025969761878704,
      "fcf_margin": null,
      "incr_op_margin_yoy": -2.099312123817713,
      "rev_growth_yoy": -0.09836897528793155,
      "rev_growth_yoy_accel": -0.10801898453941534
    },
    {
      "date": "2023-06-30T00:00:00",
      "quarter_label": "2023-06 (Q2)",
      "revenue": 73824000,
      "gross_profit": null,
      "operating_income": -31216000,
      "net_income": -40390000,
      "opex": 105040000,
      "cogs": null,
      "rd": null,
      "sga": null,
      "fcf": null,
      "ocf": null,
      "capex": null,
      "gross_margin": null,
      "op_margin": -0.42284351972258344,
      "fcf_margin": null,
      "incr_op_margin_yoy": -4.527521540800811,
      "rev_growth_yoy": 0.15423943463781484,
      "rev_growth_yoy_accel": 0.2526084099257464,
      "op_leverage_ratio": 0.14287421524309385
    },
    {
      "date": "2024-06-30T00:00:00",
      "quarter_label": "2024-06 (Q2)",
      "revenue": 74420000,
      "gross_profit": null,
      "operating_income": 1326000,
      "net_income": -12851000,
      "opex": 73094000,
      "cogs": null,
      "rd": null,
      "sga": null,
      "fcf": null,
      "ocf": null,
      "capex": null,
      "gross_margin": null,
      "op_margin": 0.017817790916420318,
      "fcf_margin": null,
      "rev_growth_yoy": 0.008073255309926312,
      "rev_growth_yoy_accel": -0.14616617932788853
    },
    {
      "date": "2025-06-30T00:00:00",
      "quarter_label": "2025-06 (Q2)",
      "revenue": 87060000,
      "gross_profit": null,
      "operating_income": 22184000,
      "net_income": 6810000,
      "opex": 64876000,
      "cogs": null,
      "rd": null,
      "sga": null,
      "fcf": null,
      "ocf": null,
      "capex": null,
      "gross_margin": null,
      "op_margin": 0.25481277280036757,
      "fcf_margin": null,
      "incr_op_margin_yoy": 1.6501582278481013,
      "rev_growth_yoy": 0.16984681537221177,
      "rev_growth_yoy_accel": 0.16177356006228547,
      "op_leverage_ratio": Infinity
    }
  ],
  "signals": [
    {
      "quarter": "2025-06 (Q2)",
      "signal": "YoY REVENUE GROWTH ACCELERATION",
      "detail": "YoY growth: +17.0% vs prior quarter YoY: +0.8% (accel: +16.2%)",
      "severity": "HIGH"
    },
    {
      "quarter": "2025-06 (Q2)",
      "signal": "INCREMENTAL MARGIN (YoY)",
      "detail": "YoY Incr OPM: +165.0% vs year-ago OPM: +1.8%",
      "severity": "HIGH"
    },
    {
      "quarter": "2024-06 (Q2)",
      "signal": "YoY REVENUE GROWTH DECELERATION",
      "detail": "YoY growth: +0.8% vs prior quarter YoY: +15.4% (decel: -14.6%)",
      "severity": "WARNING"
    },
    {
      "quarter": "2024-06 (Q2)",
      "signal": "OP MARGIN TURNED POSITIVE (YoY)",
      "detail": "Op margin: -42.3% (year-ago) -> +1.8%",
      "severity": "HIGH"
    },
    {
      "quarter": "2024-06 (Q2)",
      "signal": "OP MARGIN TURNED POSITIVE (QoQ)",
      "detail": "Op margin: -42.3% -> +1.8%",
      "severity": "HIGH"
    },
    {
      "quarter": "2023-06 (Q2)",
      "signal": "YoY REVENUE GROWTH ACCELERATION",
      "detail": "YoY growth: +15.4% vs prior quarter YoY: -9.8% (accel: +25.3%)",
      "severity": "HIGH"
    },
    {
      "quarter": "2022-06 (Q2)",
      "signal": "YoY REVENUE GROWTH DECELERATION",
      "detail": "YoY growth: -9.8% vs prior quarter YoY: +1.0% (decel: -10.8%)",
      "severity": "WARNING"
    },
    {
      "quarter": "2022-06 (Q2)",
      "signal": "OP MARGIN TURNED POSITIVE (YoY)",
      "detail": "Op margin: -1.7% (year-ago) -> +21.0%",
      "severity": "HIGH"
    },
    {
      "quarter": "2022-06 (Q2)",
      "signal": "OP MARGIN TURNED POSITIVE (QoQ)",
      "detail": "Op margin: -1.7% -> +21.0%",
      "severity": "HIGH"
    },
    {
      "quarter": "2019-06 (Q2)",
      "signal": "YoY REVENUE GROWTH DECELERATION",
      "detail": "YoY growth: +1.7% vs prior quarter YoY: +28.2% (decel: -26.6%)",
      "severity": "WARNING"
    },
    {
      "quarter": "2017-06 (Q2)",
      "signal": "YoY REVENUE GROWTH ACCELERATION",
      "detail": "YoY growth: +26.3% vs prior quarter YoY: +5.8% (accel: +20.6%)",
      "severity": "HIGH"
    },
    {
      "quarter": "2016-12 (Q4)",
      "signal": "YoY REVENUE GROWTH DECELERATION",
      "detail": "YoY growth: +5.8% vs prior quarter YoY: +11.0% (decel: -5.2%)",
      "severity": "WARNING"
    },
    {
      "quarter": "2016-09 (Q3)",
      "signal": "YoY REVENUE GROWTH DECELERATION",
      "detail": "YoY growth: +11.0% vs prior quarter YoY: +16.4% (decel: -5.5%)",
      "severity": "WARNING"
    },
    {
      "quarter": "2016-06 (Q2)",
      "signal": "INCREMENTAL MARGIN (YoY)",
      "detail": "YoY Incr OPM: +150.8% vs year-ago OPM: +29.9%",
      "severity": "HIGH"
    },
    {
      "quarter": "2015-12 (Q4)",
      "signal": "FCF MARGIN EXPANSION",
      "detail": "FCF margin: +50.0% -> +59.7% (+9.7%)",
      "severity": "MEDIUM"
    },
    {
      "quarter": "2015-06 (Q2)",
      "signal": "YoY REVENUE GROWTH ACCELERATION",
      "detail": "YoY growth: +67.2% vs prior quarter YoY: +28.1% (accel: +39.1%)",
      "severity": "HIGH"
    }
  ],
  "data_quality": {
    "n_quarters": 17,
    "coverage": {
      "revenue": [
        17,
        17
      ],
      "gross_profit": [
        0,
        17
      ],
      "op_income": [
        17,
        17
      ],
      "fcf": [
        4,
        17
      ]
    },
    "gaps": [
      [
        "2013-06 (Q2)",
        "2014-06 (Q2)",
        365
      ],
      [
        "2014-06 (Q2)",
        "2015-06 (Q2)",
        365
      ],
      [
        "2015-12 (Q4)",
        "2016-06 (Q2)",
        182
      ],
      [
        "2016-12 (Q4)",
        "2017-06 (Q2)",
        181
      ],
      [
        "2017-06 (Q2)",
        "2018-06 (Q2)",
        365
      ],
      [
        "2018-06 (Q2)",
        "2019-06 (Q2)",
        365
      ],
      [
        "2019-06 (Q2)",
        "2020-06 (Q2)",
        366
      ],
      [
        "2020-06 (Q2)",
        "2021-06 (Q2)",
        365
      ],
      [
        "2021-06 (Q2)",
        "2022-06 (Q2)",
        365
      ],
      [
        "2022-06 (Q2)",
        "2023-06 (Q2)",
        365
      ],
      [
        "2023-06 (Q2)",
        "2024-06 (Q2)",
        366
      ],
      [
        "2024-06 (Q2)",
        "2025-06 (Q2)",
        365
      ]
    ],
    "warnings": [
      "gross_profit: no data",
      "fcf: 4/17Q",
      "gap: 3Q missing between 2013-06 (Q2) and 2014-06 (Q2)",
      "gap: 3Q missing between 2014-06 (Q2) and 2015-06 (Q2)",
      "gap: 1Q missing between 2015-12 (Q4) and 2016-06 (Q2)",
      "gap: 1Q missing between 2016-12 (Q4) and 2017-06 (Q2)",
      "gap: 3Q missing between 2017-06 (Q2) and 2018-06 (Q2)",
      "gap: 3Q missing between 2018-06 (Q2) and 2019-06 (Q2)",
      "gap: 3Q missing between 2019-06 (Q2) and 2020-06 (Q2)",
      "gap: 3Q missing between 2020-06 (Q2) and 2021-06 (Q2)",
      "gap: 3Q missing between 2021-06 (Q2) and 2022-06 (Q2)",
      "gap: 3Q missing between 2022-06 (Q2) and 2023-06 (Q2)",
      "gap: 3Q missing between 2023-06 (Q2) and 2024-06 (Q2)",
      "gap: 3Q missing between 2024-06 (Q2) and 2025-06 (Q2)"
    ]
  },
  "market_cap": null,
  "source": "SEC EDGAR",
  "last_updated": "2026-02-02T22:36:06.203992",
  "sector": "Energy",
  "industry": "Oil & Gas Midstream"
}