{
  "ticker": "KNSL",
  "name": "KINSALE CAPITAL GROUP, INC.",
  "quarters": [
    {
      "date": "2020-12-31T00:00:00",
      "quarter_label": "2020-12 (Q4)",
      "revenue": 139332000,
      "gross_profit": null,
      "operating_income": null,
      "net_income": 38181000,
      "opex": 96512000,
      "cogs": null,
      "rd": null,
      "sga": null,
      "fcf": 69726000,
      "ocf": 73513000,
      "capex": -3787000,
      "gross_margin": null,
      "op_margin": null,
      "fcf_margin": 0.5004306261303936
    },
    {
      "date": "2021-03-31T00:00:00",
      "quarter_label": "2021-03 (Q1)",
      "revenue": 138283000,
      "gross_profit": null,
      "operating_income": null,
      "net_income": 32079000,
      "opex": 98844000,
      "cogs": null,
      "rd": null,
      "sga": null,
      "fcf": 90040000,
      "ocf": 91322000,
      "capex": -1282000,
      "gross_margin": null,
      "op_margin": null,
      "fcf_margin": 0.6511284828937758,
      "fcf_margin_change": 0.1506978567633822
    },
    {
      "date": "2021-06-30T00:00:00",
      "quarter_label": "2021-06 (Q2)",
      "revenue": 153010000,
      "gross_profit": null,
      "operating_income": null,
      "net_income": 35635000,
      "opex": 109402000,
      "cogs": null,
      "rd": null,
      "sga": null,
      "fcf": 101962000,
      "ocf": 103626000,
      "capex": -1664000,
      "gross_margin": null,
      "op_margin": null,
      "fcf_margin": 0.6663747467485786,
      "op_leverage_ratio": 0.9970435959551486,
      "fcf_margin_change": 0.015246263854802766
    },
    {
      "date": "2021-09-30T00:00:00",
      "quarter_label": "2021-09 (Q3)",
      "revenue": 164884000,
      "gross_profit": null,
      "operating_income": null,
      "net_income": 36625000,
      "opex": 119205000,
      "cogs": null,
      "rd": null,
      "sga": null,
      "fcf": 105109000,
      "ocf": 106933000,
      "capex": -1824000,
      "gross_margin": null,
      "op_margin": null,
      "fcf_margin": 0.6374724048421921,
      "op_leverage_ratio": 0.8660510414755016,
      "fcf_margin_change": -0.02890234190638641
    },
    {
      "date": "2021-12-31T00:00:00",
      "quarter_label": "2021-12 (Q4)",
      "revenue": 183602000,
      "gross_profit": null,
      "operating_income": null,
      "net_income": 48320000,
      "opex": 123527000,
      "cogs": null,
      "rd": null,
      "sga": null,
      "fcf": 104011000,
      "ocf": 105161000,
      "capex": -1150000,
      "gross_margin": null,
      "op_margin": null,
      "fcf_margin": 0.5665025435452773,
      "rev_growth_yoy": 0.31773031320873885,
      "op_leverage_ratio": 3.131054576969518,
      "fcf_margin_change": -0.07096986129691485
    },
    {
      "date": "2022-03-31T00:00:00",
      "quarter_label": "2022-03 (Q1)",
      "revenue": 180318000,
      "gross_profit": null,
      "operating_income": null,
      "net_income": 31791000,
      "opex": 141446000,
      "cogs": null,
      "rd": null,
      "sga": null,
      "fcf": 121226000,
      "ocf": 121929000,
      "capex": -703000,
      "gross_margin": null,
      "op_margin": null,
      "fcf_margin": 0.6722900653290298,
      "rev_growth_yoy": 0.3039780739497986,
      "rev_growth_yoy_accel": -0.013752239258940258,
      "fcf_margin_change": 0.1057875217837525
    },
    {
      "date": "2022-06-30T00:00:00",
      "quarter_label": "2022-06 (Q2)",
      "revenue": 178957000,
      "gross_profit": null,
      "operating_income": null,
      "net_income": 27090000,
      "opex": null,
      "cogs": null,
      "rd": null,
      "sga": null,
      "fcf": 155405000,
      "ocf": 156725000,
      "capex": -1320000,
      "gross_margin": null,
      "op_margin": null,
      "fcf_margin": 0.8683929659080114,
      "rev_growth_yoy": 0.16957715182014246,
      "rev_growth_yoy_accel": -0.13440092212965613,
      "fcf_margin_change": 0.1961029005789816
    },
    {
      "date": "2022-09-30T00:00:00",
      "quarter_label": "2022-09 (Q3)",
      "revenue": 216961000,
      "gross_profit": null,
      "operating_income": null,
      "net_income": 32984000,
      "opex": null,
      "cogs": null,
      "rd": null,
      "sga": null,
      "fcf": 175324000,
      "ocf": 178045000,
      "capex": -2721000,
      "gross_margin": null,
      "op_margin": null,
      "fcf_margin": 0.8080899332138034,
      "rev_growth_yoy": 0.3158402270687271,
      "rev_growth_yoy_accel": 0.14626307524858465,
      "fcf_margin_change": -0.060303032694208
    },
    {
      "date": "2022-12-31T00:00:00",
      "quarter_label": "2022-12 (Q4)",
      "revenue": 242964000,
      "gross_profit": null,
      "operating_income": null,
      "net_income": 67249000,
      "opex": null,
      "cogs": null,
      "rd": null,
      "sga": null,
      "fcf": 98959000,
      "ocf": 101116000,
      "capex": -2157000,
      "gross_margin": null,
      "op_margin": null,
      "fcf_margin": 0.4072990237236792,
      "rev_growth_yoy": 0.32331891809457414,
      "rev_growth_yoy_accel": 0.0074786910258470285,
      "fcf_margin_change": -0.4007909094901242
    },
    {
      "date": "2023-03-31T00:00:00",
      "quarter_label": "2023-03 (Q1)",
      "revenue": 256944000,
      "gross_profit": null,
      "operating_income": null,
      "net_income": 55800000,
      "opex": null,
      "cogs": null,
      "rd": null,
      "sga": null,
      "fcf": 194944000,
      "ocf": 197604000,
      "capex": -2660000,
      "gross_margin": null,
      "op_margin": null,
      "fcf_margin": 0.7587022853228719,
      "rev_growth_yoy": 0.42494925631384556,
      "rev_growth_yoy_accel": 0.10163033821927142,
      "fcf_margin_change": 0.35140326159919266
    },
    {
      "date": "2023-06-30T00:00:00",
      "quarter_label": "2023-06 (Q2)",
      "revenue": 295766000,
      "gross_profit": null,
      "operating_income": null,
      "net_income": 72791000,
      "opex": null,
      "cogs": null,
      "rd": null,
      "sga": null,
      "fcf": 224414000,
      "ocf": 225973000,
      "capex": -1559000,
      "gross_margin": null,
      "op_margin": null,
      "fcf_margin": 0.7587552321767884,
      "rev_growth_yoy": 0.6527210447202401,
      "rev_growth_yoy_accel": 0.2277717884063945,
      "fcf_margin_change": 5.294685391654674e-05
    },
    {
      "date": "2023-09-30T00:00:00",
      "quarter_label": "2023-09 (Q3)",
      "revenue": 314367000,
      "gross_profit": null,
      "operating_income": null,
      "net_income": 76115000,
      "opex": null,
      "cogs": null,
      "rd": null,
      "sga": null,
      "fcf": 223449000,
      "ocf": 224731000,
      "capex": -1282000,
      "gross_margin": null,
      "op_margin": null,
      "fcf_margin": 0.7107902547023065,
      "rev_growth_yoy": 0.44895626402901906,
      "rev_growth_yoy_accel": -0.203764780691221,
      "fcf_margin_change": -0.04796497747448192
    },
    {
      "date": "2023-12-31T00:00:00",
      "quarter_label": "2023-12 (Q4)",
      "revenue": 351171000,
      "gross_profit": null,
      "operating_income": null,
      "net_income": 103387000,
      "opex": null,
      "cogs": null,
      "rd": null,
      "sga": null,
      "fcf": 210421000,
      "ocf": 211527000,
      "capex": -1106000,
      "gross_margin": null,
      "op_margin": null,
      "fcf_margin": 0.5991981114613678,
      "rev_growth_yoy": 0.44536227589272487,
      "rev_growth_yoy_accel": -0.0035939881362941906,
      "fcf_margin_change": -0.11159214324093869
    },
    {
      "date": "2024-03-31T00:00:00",
      "quarter_label": "2024-03 (Q1)",
      "revenue": 372791000,
      "gross_profit": null,
      "operating_income": null,
      "net_income": 98941000,
      "opex": null,
      "cogs": null,
      "rd": null,
      "sga": null,
      "fcf": 206848000,
      "ocf": 210359000,
      "capex": -3511000,
      "gross_margin": null,
      "op_margin": null,
      "fcf_margin": 0.5548631807098348,
      "rev_growth_yoy": 0.45086477987421386,
      "rev_growth_yoy_accel": 0.005502503981488993,
      "fcf_margin_change": -0.04433493075153305
    },
    {
      "date": "2024-06-30T00:00:00",
      "quarter_label": "2024-06 (Q2)",
      "revenue": 384553000,
      "gross_profit": null,
      "operating_income": null,
      "net_income": 92579000,
      "opex": null,
      "cogs": null,
      "rd": null,
      "sga": null,
      "fcf": 275116000,
      "ocf": 278934000,
      "capex": -3818000,
      "gross_margin": null,
      "op_margin": null,
      "fcf_margin": 0.7154176407413283,
      "rev_growth_yoy": 0.300193396130725,
      "rev_growth_yoy_accel": -0.15067138374348887,
      "fcf_margin_change": 0.16055446003149354
    },
    {
      "date": "2024-09-30T00:00:00",
      "quarter_label": "2024-09 (Q3)",
      "revenue": 418058000,
      "gross_profit": null,
      "operating_income": null,
      "net_income": 114229000,
      "opex": null,
      "cogs": null,
      "rd": null,
      "sga": null,
      "fcf": 268203000,
      "ocf": 274031000,
      "capex": -5828000,
      "gross_margin": null,
      "op_margin": null,
      "fcf_margin": 0.641544953092633,
      "rev_growth_yoy": 0.3298406003174634,
      "rev_growth_yoy_accel": 0.029647204186738385,
      "fcf_margin_change": -0.07387268764869526
    },
    {
      "date": "2024-12-31T00:00:00",
      "quarter_label": "2024-12 (Q4)",
      "revenue": 412123000,
      "gross_profit": null,
      "operating_income": null,
      "net_income": 109094000,
      "opex": null,
      "cogs": null,
      "rd": null,
      "sga": null,
      "fcf": 202191000,
      "ocf": 212977000,
      "capex": -10786000,
      "gross_margin": null,
      "op_margin": null,
      "fcf_margin": 0.4906083863312652,
      "rev_growth_yoy": 0.17356786294995885,
      "rev_growth_yoy_accel": -0.15627273736750452,
      "fcf_margin_change": -0.15093656676136785
    },
    {
      "date": "2025-03-31T00:00:00",
      "quarter_label": "2025-03 (Q1)",
      "revenue": 423397000,
      "gross_profit": null,
      "operating_income": null,
      "net_income": 89227000,
      "opex": null,
      "cogs": null,
      "rd": null,
      "sga": null,
      "fcf": 217640000,
      "ocf": 229779000,
      "capex": -12139000,
      "gross_margin": null,
      "op_margin": null,
      "fcf_margin": 0.5140329289059676,
      "rev_growth_yoy": 0.13574898535640614,
      "rev_growth_yoy_accel": -0.03781887759355271,
      "fcf_margin_change": 0.023424542574702445
    },
    {
      "date": "2025-06-30T00:00:00",
      "quarter_label": "2025-06 (Q2)",
      "revenue": 469814000,
      "gross_profit": null,
      "operating_income": null,
      "net_income": 134121000,
      "opex": null,
      "cogs": null,
      "rd": null,
      "sga": null,
      "fcf": 252078000,
      "ocf": 269091000,
      "capex": -17013000,
      "gross_margin": null,
      "op_margin": null,
      "fcf_margin": 0.5365485064302042,
      "rev_growth_yoy": 0.22171456210197293,
      "rev_growth_yoy_accel": 0.08596557674556679,
      "fcf_margin_change": 0.022515577524236607
    },
    {
      "date": "2025-09-30T00:00:00",
      "quarter_label": "2025-09 (Q3)",
      "revenue": 497505000,
      "gross_profit": null,
      "operating_income": null,
      "net_income": 141646000,
      "opex": null,
      "cogs": null,
      "rd": null,
      "sga": null,
      "fcf": 289543000,
      "ocf": 303474000,
      "capex": -13931000,
      "gross_margin": null,
      "op_margin": null,
      "fcf_margin": 0.5819901307524548,
      "rev_growth_yoy": 0.19003822436121304,
      "rev_growth_yoy_accel": -0.0316763377407599,
      "fcf_margin_change": 0.04544162432225052
    }
  ],
  "signals": [
    {
      "quarter": "2025-06 (Q2)",
      "signal": "YoY REVENUE GROWTH ACCELERATION",
      "detail": "YoY growth: +22.2% vs prior quarter YoY: +13.6% (accel: +8.6%)",
      "severity": "MEDIUM"
    },
    {
      "quarter": "2024-12 (Q4)",
      "signal": "YoY REVENUE GROWTH DECELERATION",
      "detail": "YoY growth: +17.4% vs prior quarter YoY: +33.0% (decel: -15.6%)",
      "severity": "WARNING"
    },
    {
      "quarter": "2024-06 (Q2)",
      "signal": "FCF MARGIN EXPANSION",
      "detail": "FCF margin: +55.5% -> +71.5% (+16.1%)",
      "severity": "MEDIUM"
    },
    {
      "quarter": "2024-06 (Q2)",
      "signal": "YoY REVENUE GROWTH DECELERATION",
      "detail": "YoY growth: +30.0% vs prior quarter YoY: +45.1% (decel: -15.1%)",
      "severity": "WARNING"
    },
    {
      "quarter": "2023-09 (Q3)",
      "signal": "YoY REVENUE GROWTH DECELERATION",
      "detail": "YoY growth: +44.9% vs prior quarter YoY: +65.3% (decel: -20.4%)",
      "severity": "WARNING"
    },
    {
      "quarter": "2023-06 (Q2)",
      "signal": "YoY REVENUE GROWTH ACCELERATION",
      "detail": "YoY growth: +65.3% vs prior quarter YoY: +42.5% (accel: +22.8%)",
      "severity": "HIGH"
    },
    {
      "quarter": "2023-03 (Q1)",
      "signal": "FCF MARGIN EXPANSION",
      "detail": "FCF margin: +40.7% -> +75.9% (+35.1%)",
      "severity": "MEDIUM"
    },
    {
      "quarter": "2023-03 (Q1)",
      "signal": "YoY REVENUE GROWTH ACCELERATION",
      "detail": "YoY growth: +42.5% vs prior quarter YoY: +32.3% (accel: +10.2%)",
      "severity": "MEDIUM"
    },
    {
      "quarter": "2022-09 (Q3)",
      "signal": "YoY REVENUE GROWTH ACCELERATION",
      "detail": "YoY growth: +31.6% vs prior quarter YoY: +17.0% (accel: +14.6%)",
      "severity": "MEDIUM"
    },
    {
      "quarter": "2022-06 (Q2)",
      "signal": "FCF MARGIN EXPANSION",
      "detail": "FCF margin: +67.2% -> +86.8% (+19.6%)",
      "severity": "MEDIUM"
    },
    {
      "quarter": "2022-06 (Q2)",
      "signal": "YoY REVENUE GROWTH DECELERATION",
      "detail": "YoY growth: +17.0% vs prior quarter YoY: +30.4% (decel: -13.4%)",
      "severity": "WARNING"
    },
    {
      "quarter": "2022-03 (Q1)",
      "signal": "FCF MARGIN EXPANSION",
      "detail": "FCF margin: +56.7% -> +67.2% (+10.6%)",
      "severity": "MEDIUM"
    },
    {
      "quarter": "2021-12 (Q4)",
      "signal": "OPERATING LEVERAGE",
      "detail": "Rev growth +11.4% vs OpEx growth +3.6% (leverage: 3.1x)",
      "severity": "MEDIUM"
    },
    {
      "quarter": "2021-03 (Q1)",
      "signal": "FCF MARGIN EXPANSION",
      "detail": "FCF margin: +50.0% -> +65.1% (+15.1%)",
      "severity": "MEDIUM"
    }
  ],
  "data_quality": {
    "n_quarters": 20,
    "coverage": {
      "revenue": [
        20,
        20
      ],
      "gross_profit": [
        0,
        20
      ],
      "op_income": [
        0,
        20
      ],
      "fcf": [
        20,
        20
      ]
    },
    "gaps": [],
    "warnings": [
      "gross_profit: no data",
      "op_income: no data"
    ]
  },
  "market_cap": null,
  "source": "SEC EDGAR",
  "last_updated": "2026-02-02T20:42:08.093680"
}