{
  "ticker": "KNX",
  "name": "Knight-Swift Transportation Holdings Inc.",
  "sector": "Industrials",
  "industry": "Trucking",
  "quarters": [
    {
      "date": "2021-03-31T00:00:00",
      "quarter_label": "2021-03 (Q1)",
      "revenue": 1223014000,
      "gross_profit": null,
      "operating_income": 162259000,
      "net_income": 129790000,
      "opex": 1060755000,
      "cogs": null,
      "rd": null,
      "sga": null,
      "fcf": 306113000,
      "ocf": 306113000,
      "capex": null,
      "gross_margin": null,
      "op_margin": 0.13267141668043048,
      "fcf_margin": 0.2502939459401119
    },
    {
      "date": "2021-06-30T00:00:00",
      "quarter_label": "2021-06 (Q2)",
      "revenue": 1315701000,
      "gross_profit": null,
      "operating_income": 191115000,
      "net_income": 152804000,
      "opex": 1124586000,
      "cogs": null,
      "rd": null,
      "sga": null,
      "fcf": 153391000,
      "ocf": 153391000,
      "capex": null,
      "gross_margin": null,
      "op_margin": 0.14525716709191527,
      "fcf_margin": 0.11658499917534455,
      "op_leverage_ratio": 1.2594207266397353,
      "fcf_margin_change": -0.13370894676476736
    },
    {
      "date": "2021-09-30T00:00:00",
      "quarter_label": "2021-09 (Q3)",
      "revenue": 1642445000,
      "gross_profit": null,
      "operating_income": 270087000,
      "net_income": 206178000,
      "opex": 1372358000,
      "cogs": null,
      "rd": null,
      "sga": null,
      "fcf": 358020000,
      "ocf": 358020000,
      "capex": null,
      "gross_margin": null,
      "op_margin": 0.16444203611079822,
      "fcf_margin": 0.21797990191452377,
      "op_leverage_ratio": 1.1271737411641316,
      "fcf_margin_change": 0.10139490273917921
    },
    {
      "date": "2021-12-31T00:00:00",
      "quarter_label": "2021-12 (Q4)",
      "revenue": 1816859000,
      "gross_profit": null,
      "operating_income": 342236000,
      "net_income": 254616000,
      "opex": 1474623000,
      "cogs": null,
      "rd": null,
      "sga": null,
      "fcf": 372629000,
      "ocf": 372629000,
      "capex": null,
      "gross_margin": null,
      "op_margin": 0.18836684629902486,
      "fcf_margin": 0.20509516698874267,
      "op_leverage_ratio": 1.4250526251774434,
      "fcf_margin_change": -0.0128847349257811
    },
    {
      "date": "2022-03-31T00:00:00",
      "quarter_label": "2022-03 (Q1)",
      "revenue": 1826989000,
      "gross_profit": null,
      "operating_income": 298086000,
      "net_income": 208337000,
      "opex": 1528903000,
      "cogs": null,
      "rd": null,
      "sga": null,
      "fcf": 456860000,
      "ocf": 456860000,
      "capex": null,
      "gross_margin": null,
      "op_margin": 0.16315697576723232,
      "fcf_margin": 0.2500617135625885,
      "incr_op_margin_yoy": 0.22488844736951033,
      "rev_growth_yoy": 0.493841444169895,
      "fcf_margin_change": 0.04496654657384583
    },
    {
      "date": "2022-06-30T00:00:00",
      "quarter_label": "2022-06 (Q2)",
      "revenue": 1961131000,
      "gross_profit": null,
      "operating_income": 325778000,
      "net_income": 219492000,
      "opex": 1635353000,
      "cogs": null,
      "rd": null,
      "sga": null,
      "fcf": 263124000,
      "ocf": 263124000,
      "capex": null,
      "gross_margin": null,
      "op_margin": 0.16611740878095343,
      "fcf_margin": 0.13416951748761302,
      "incr_op_margin_yoy": 0.20864075112715555,
      "rev_growth_yoy": 0.4905597852399595,
      "rev_growth_yoy_accel": -0.0032816589299354826,
      "op_leverage_ratio": 1.054540131109741,
      "fcf_margin_change": -0.11589219607497547
    },
    {
      "date": "2022-09-30T00:00:00",
      "quarter_label": "2022-09 (Q3)",
      "revenue": 1896839000,
      "gross_profit": null,
      "operating_income": 265441000,
      "net_income": 194795000,
      "opex": 1631398000,
      "cogs": null,
      "rd": null,
      "sga": null,
      "fcf": 379211000,
      "ocf": 379211000,
      "capex": null,
      "gross_margin": null,
      "op_margin": 0.13993860311813497,
      "fcf_margin": 0.19991733615768129,
      "incr_op_margin_yoy": -0.01826300934770474,
      "rev_growth_yoy": 0.1548873782683743,
      "rev_growth_yoy_accel": -0.33567240697158524,
      "fcf_margin_change": 0.06574781867006826
    },
    {
      "date": "2022-12-31T00:00:00",
      "quarter_label": "2022-12 (Q4)",
      "revenue": 1743623000,
      "gross_profit": null,
      "operating_income": 202523000,
      "net_income": 148701000,
      "opex": 1541100000,
      "cogs": null,
      "rd": null,
      "sga": null,
      "fcf": 336658000,
      "ocf": 336658000,
      "capex": null,
      "gross_margin": null,
      "op_margin": 0.11615068165538078,
      "fcf_margin": 0.1930795819967963,
      "incr_op_margin_yoy": 1.907709323283631,
      "rev_growth_yoy": -0.040309126905279935,
      "rev_growth_yoy_accel": -0.19519650517365422,
      "fcf_margin_change": -0.0068377541608849735
    },
    {
      "date": "2023-03-31T00:00:00",
      "quarter_label": "2023-03 (Q1)",
      "revenue": 1636932000,
      "gross_profit": null,
      "operating_income": 144787000,
      "net_income": 104284000,
      "opex": 1492145000,
      "cogs": null,
      "rd": null,
      "sga": null,
      "fcf": 345159000,
      "ocf": 345159000,
      "capex": null,
      "gross_margin": null,
      "op_margin": 0.08845022273374825,
      "fcf_margin": 0.21085726224424717,
      "incr_op_margin_yoy": 0.8065948636461693,
      "rev_growth_yoy": -0.10402744625172894,
      "rev_growth_yoy_accel": -0.063718319346449,
      "fcf_margin_change": 0.017777680247450856
    },
    {
      "date": "2023-06-30T00:00:00",
      "quarter_label": "2023-06 (Q2)",
      "revenue": 1552979000,
      "gross_profit": null,
      "operating_income": 94030000,
      "net_income": 63326000,
      "opex": 1458949000,
      "cogs": null,
      "rd": null,
      "sga": null,
      "fcf": 377031000,
      "ocf": 377031000,
      "capex": null,
      "gross_margin": null,
      "op_margin": 0.060548146497795524,
      "fcf_margin": 0.24277920049144258,
      "incr_op_margin_yoy": 0.567798271232286,
      "rev_growth_yoy": -0.2081207221751122,
      "rev_growth_yoy_accel": -0.10409327592338327,
      "fcf_margin_change": 0.031921938247195414
    },
    {
      "date": "2023-09-30T00:00:00",
      "quarter_label": "2023-09 (Q3)",
      "revenue": 2019936000,
      "gross_profit": null,
      "operating_income": 81056000,
      "net_income": 60194000,
      "opex": 1938880000,
      "cogs": null,
      "rd": null,
      "sga": null,
      "fcf": 151312000,
      "ocf": 151312000,
      "capex": null,
      "gross_margin": null,
      "op_margin": 0.04012800405557404,
      "fcf_margin": 0.07490930405715825,
      "incr_op_margin_yoy": -1.4978837827079459,
      "rev_growth_yoy": 0.06489586095604319,
      "rev_growth_yoy_accel": 0.2730165831311554,
      "op_leverage_ratio": 0.9140556020674407,
      "fcf_margin_change": -0.16786989643428435
    },
    {
      "date": "2023-12-31T00:00:00",
      "quarter_label": "2023-12 (Q4)",
      "revenue": 1931919000,
      "gross_profit": null,
      "operating_income": 18280000,
      "net_income": -10655000,
      "opex": 1913639000,
      "cogs": null,
      "rd": null,
      "sga": null,
      "fcf": 288174000,
      "ocf": 288174000,
      "capex": null,
      "gross_margin": null,
      "op_margin": 0.009462094425283877,
      "fcf_margin": 0.1491646388901398,
      "incr_op_margin_yoy": -0.9784753791902111,
      "rev_growth_yoy": 0.10799123434366259,
      "rev_growth_yoy_accel": 0.0430953733876194,
      "fcf_margin_change": 0.07425533483298156
    },
    {
      "date": "2024-03-31T00:00:00",
      "quarter_label": "2024-03 (Q1)",
      "revenue": 1822467000,
      "gross_profit": null,
      "operating_income": 20555000,
      "net_income": -2635000,
      "opex": 1801912000,
      "cogs": null,
      "rd": null,
      "sga": null,
      "fcf": 37275000,
      "ocf": 37275000,
      "capex": null,
      "gross_margin": null,
      "op_margin": 0.011278667871626756,
      "fcf_margin": 0.02045304524032534,
      "incr_op_margin_yoy": -0.6695879483655375,
      "rev_growth_yoy": 0.11334313215209917,
      "rev_growth_yoy_accel": 0.005351897808436576,
      "fcf_margin_change": -0.12871159364981447
    },
    {
      "date": "2024-06-30T00:00:00",
      "quarter_label": "2024-06 (Q2)",
      "revenue": 1846654000,
      "gross_profit": null,
      "operating_income": 63460000,
      "net_income": 20300000,
      "opex": 1783194000,
      "cogs": null,
      "rd": null,
      "sga": null,
      "fcf": 273425000,
      "ocf": 273425000,
      "capex": null,
      "gross_margin": null,
      "op_margin": 0.034364856654251416,
      "fcf_margin": 0.14806509503133777,
      "incr_op_margin_yoy": -0.10409466246701285,
      "rev_growth_yoy": 0.18910429567946507,
      "rev_growth_yoy_accel": 0.07576116352736591,
      "op_leverage_ratio": null,
      "fcf_margin_change": 0.12761204979101243
    },
    {
      "date": "2024-09-30T00:00:00",
      "quarter_label": "2024-09 (Q3)",
      "revenue": 1876676000,
      "gross_profit": null,
      "operating_income": 81420000,
      "net_income": 30464000,
      "opex": 1795256000,
      "cogs": null,
      "rd": null,
      "sga": null,
      "fcf": 214041000,
      "ocf": 214041000,
      "capex": null,
      "gross_margin": null,
      "op_margin": 0.04338521939855361,
      "fcf_margin": 0.11405325160016966,
      "incr_op_margin_yoy": -0.002540834845735027,
      "rev_growth_yoy": -0.07092303914579472,
      "rev_growth_yoy_accel": -0.2600273348252598,
      "op_leverage_ratio": 2.403440413988233,
      "fcf_margin_change": -0.034011843431168115
    },
    {
      "date": "2024-12-31T00:00:00",
      "quarter_label": "2024-12 (Q4)",
      "revenue": 1864281000,
      "gross_profit": null,
      "operating_income": 77953000,
      "net_income": 69497000,
      "opex": 1786328000,
      "cogs": null,
      "rd": null,
      "sga": null,
      "fcf": 274322000,
      "ocf": 274322000,
      "capex": null,
      "gross_margin": null,
      "op_margin": 0.04181397546829046,
      "fcf_margin": 0.1471462724771641,
      "incr_op_margin_yoy": -0.8822407522398652,
      "rev_growth_yoy": -0.035010784613640634,
      "rev_growth_yoy_accel": 0.03591225453215408,
      "fcf_margin_change": 0.03309302087699445
    },
    {
      "date": "2025-03-31T00:00:00",
      "quarter_label": "2025-03 (Q1)",
      "revenue": 1824362000,
      "gross_profit": null,
      "operating_income": 66663000,
      "net_income": 30639000,
      "opex": 1757699000,
      "cogs": null,
      "rd": null,
      "sga": null,
      "fcf": 109429000,
      "ocf": 109429000,
      "capex": null,
      "gross_margin": null,
      "op_margin": 0.03654044537213558,
      "fcf_margin": 0.05998206496298432,
      "incr_op_margin_yoy": 24.331398416886543,
      "rev_growth_yoy": 0.0010397993489045343,
      "rev_growth_yoy_accel": 0.036050583962545166,
      "fcf_margin_change": -0.08716420751417979
    },
    {
      "date": "2025-06-30T00:00:00",
      "quarter_label": "2025-06 (Q2)",
      "revenue": 1861940000,
      "gross_profit": null,
      "operating_income": 72616000,
      "net_income": 34243000,
      "opex": 1789324000,
      "cogs": null,
      "rd": null,
      "sga": null,
      "fcf": 216500000,
      "ocf": 216500000,
      "capex": null,
      "gross_margin": null,
      "op_margin": 0.03900018260523969,
      "fcf_margin": 0.11627657174774697,
      "incr_op_margin_yoy": 0.5989794583278817,
      "rev_growth_yoy": 0.008277674106789902,
      "rev_growth_yoy_accel": 0.007237874757885367,
      "op_leverage_ratio": 1.1448184393298304,
      "fcf_margin_change": 0.05629450678476265
    },
    {
      "date": "2025-09-30T00:00:00",
      "quarter_label": "2025-09 (Q3)",
      "revenue": 1927057000,
      "gross_profit": null,
      "operating_income": 50326000,
      "net_income": 7861000,
      "opex": 1876731000,
      "cogs": null,
      "rd": null,
      "sga": null,
      "fcf": 217502000,
      "ocf": 217502000,
      "capex": null,
      "gross_margin": null,
      "op_margin": 0.02611547037788711,
      "fcf_margin": 0.11286744502108656,
      "incr_op_margin_yoy": -0.6171771104186102,
      "rev_growth_yoy": 0.026845870038301762,
      "rev_growth_yoy_accel": 0.01856819593151186,
      "op_leverage_ratio": 0.7159315055921678,
      "fcf_margin_change": -0.003409126726660411
    },
    {
      "date": "2025-12-31T00:00:00",
      "quarter_label": "2025-12 (Q4)",
      "revenue": 1856330000,
      "gross_profit": null,
      "operating_income": 26457000,
      "net_income": -6797000,
      "opex": 1829873000,
      "cogs": null,
      "rd": null,
      "sga": null,
      "fcf": 723216000,
      "ocf": 723216000,
      "capex": null,
      "gross_margin": null,
      "op_margin": 0.014252315051741878,
      "fcf_margin": 0.38959452252562854,
      "incr_op_margin_yoy": 6.476669601308012,
      "rev_growth_yoy": -0.004264914999401914,
      "rev_growth_yoy_accel": -0.031110785037703675,
      "fcf_margin_change": 0.27672707750454195
    }
  ],
  "signals": [
    {
      "quarter": "2025-12 (Q4)",
      "signal": "FCF MARGIN EXPANSION",
      "detail": "FCF margin: +11.3% -> +39.0% (+27.7%)",
      "severity": "MEDIUM"
    },
    {
      "quarter": "2025-12 (Q4)",
      "signal": "INCREMENTAL MARGIN (YoY)",
      "detail": "YoY Incr OPM: +647.7% vs year-ago OPM: +4.2%",
      "severity": "HIGH"
    },
    {
      "quarter": "2025-06 (Q2)",
      "signal": "FCF MARGIN EXPANSION",
      "detail": "FCF margin: +6.0% -> +11.6% (+5.6%)",
      "severity": "MEDIUM"
    },
    {
      "quarter": "2025-06 (Q2)",
      "signal": "INCREMENTAL MARGIN (YoY)",
      "detail": "YoY Incr OPM: +59.9% vs year-ago OPM: +3.4%",
      "severity": "HIGH"
    },
    {
      "quarter": "2025-03 (Q1)",
      "signal": "INCREMENTAL MARGIN (YoY)",
      "detail": "YoY Incr OPM: +2433.1% vs year-ago OPM: +1.1%",
      "severity": "HIGH"
    },
    {
      "quarter": "2024-09 (Q3)",
      "signal": "OPERATING LEVERAGE",
      "detail": "Rev growth +1.6% vs OpEx growth +0.7% (leverage: 2.4x)",
      "severity": "MEDIUM"
    },
    {
      "quarter": "2024-09 (Q3)",
      "signal": "YoY REVENUE GROWTH DECELERATION",
      "detail": "YoY growth: -7.1% vs prior quarter YoY: +18.9% (decel: -26.0%)",
      "severity": "WARNING"
    },
    {
      "quarter": "2024-06 (Q2)",
      "signal": "FCF MARGIN EXPANSION",
      "detail": "FCF margin: +2.0% -> +14.8% (+12.8%)",
      "severity": "MEDIUM"
    },
    {
      "quarter": "2024-06 (Q2)",
      "signal": "YoY REVENUE GROWTH ACCELERATION",
      "detail": "YoY growth: +18.9% vs prior quarter YoY: +11.3% (accel: +7.6%)",
      "severity": "MEDIUM"
    },
    {
      "quarter": "2023-12 (Q4)",
      "signal": "FCF MARGIN EXPANSION",
      "detail": "FCF margin: +7.5% -> +14.9% (+7.4%)",
      "severity": "MEDIUM"
    },
    {
      "quarter": "2023-09 (Q3)",
      "signal": "YoY REVENUE GROWTH ACCELERATION",
      "detail": "YoY growth: +6.5% vs prior quarter YoY: -20.8% (accel: +27.3%)",
      "severity": "HIGH"
    },
    {
      "quarter": "2023-06 (Q2)",
      "signal": "YoY REVENUE GROWTH DECELERATION",
      "detail": "YoY growth: -20.8% vs prior quarter YoY: -10.4% (decel: -10.4%)",
      "severity": "WARNING"
    },
    {
      "quarter": "2023-06 (Q2)",
      "signal": "INCREMENTAL MARGIN (YoY)",
      "detail": "YoY Incr OPM: +56.8% vs year-ago OPM: +16.6%",
      "severity": "HIGH"
    },
    {
      "quarter": "2023-03 (Q1)",
      "signal": "YoY REVENUE GROWTH DECELERATION",
      "detail": "YoY growth: -10.4% vs prior quarter YoY: -4.0% (decel: -6.4%)",
      "severity": "WARNING"
    },
    {
      "quarter": "2023-03 (Q1)",
      "signal": "INCREMENTAL MARGIN (YoY)",
      "detail": "YoY Incr OPM: +80.7% vs year-ago OPM: +16.3%",
      "severity": "HIGH"
    },
    {
      "quarter": "2022-12 (Q4)",
      "signal": "YoY REVENUE GROWTH DECELERATION",
      "detail": "YoY growth: -4.0% vs prior quarter YoY: +15.5% (decel: -19.5%)",
      "severity": "WARNING"
    },
    {
      "quarter": "2022-12 (Q4)",
      "signal": "INCREMENTAL MARGIN (YoY)",
      "detail": "YoY Incr OPM: +190.8% vs year-ago OPM: +18.8%",
      "severity": "HIGH"
    },
    {
      "quarter": "2022-09 (Q3)",
      "signal": "FCF MARGIN EXPANSION",
      "detail": "FCF margin: +13.4% -> +20.0% (+6.6%)",
      "severity": "MEDIUM"
    },
    {
      "quarter": "2022-09 (Q3)",
      "signal": "YoY REVENUE GROWTH DECELERATION",
      "detail": "YoY growth: +15.5% vs prior quarter YoY: +49.1% (decel: -33.6%)",
      "severity": "WARNING"
    },
    {
      "quarter": "2021-09 (Q3)",
      "signal": "FCF MARGIN EXPANSION",
      "detail": "FCF margin: +11.7% -> +21.8% (+10.1%)",
      "severity": "MEDIUM"
    }
  ],
  "data_quality": {
    "n_quarters": 20,
    "coverage": {
      "revenue": [
        20,
        20
      ],
      "gross_profit": [
        0,
        20
      ],
      "op_income": [
        20,
        20
      ],
      "fcf": [
        20,
        20
      ]
    },
    "gaps": [],
    "warnings": [
      "gross_profit: no data"
    ]
  },
  "market_cap": null,
  "source": "SEC EDGAR",
  "last_updated": "2026-02-24T10:18:07.629660"
}