{
  "ticker": "KORE",
  "name": "KORE Group Holdings, Inc.",
  "quarters": [
    {
      "date": "2020-12-31T00:00:00",
      "quarter_label": "2020-12 (Q4)",
      "revenue": 57463000,
      "gross_profit": 30048000,
      "operating_income": -6532000,
      "net_income": -15727000,
      "opex": 36580000,
      "cogs": 27415000,
      "rd": null,
      "sga": 22976000,
      "fcf": 7394000,
      "ocf": 7778000,
      "capex": -384000,
      "gross_margin": 0.5229103945147312,
      "op_margin": -0.11367314619842334,
      "fcf_margin": 0.12867410333605972
    },
    {
      "date": "2021-03-31T00:00:00",
      "quarter_label": "2021-03 (Q1)",
      "revenue": 55297000,
      "gross_profit": 30925000,
      "operating_income": 290000,
      "net_income": -1081000,
      "opex": 30635000,
      "cogs": 24372000,
      "rd": null,
      "sga": 17521000,
      "fcf": -13109000,
      "ocf": -12320000,
      "capex": -789000,
      "gross_margin": 0.5592527623560049,
      "op_margin": 0.00524440747237644,
      "fcf_margin": -0.23706530191511294,
      "fcf_margin_change": -0.36573940525117266
    },
    {
      "date": "2021-06-30T00:00:00",
      "quarter_label": "2021-06 (Q2)",
      "revenue": 60743000,
      "gross_profit": 31406000,
      "operating_income": -3991000,
      "net_income": -6885000,
      "opex": 35397000,
      "cogs": 29337000,
      "rd": null,
      "sga": 23004000,
      "fcf": -2455000,
      "ocf": -2025000,
      "capex": -430000,
      "gross_margin": 0.5170307689774953,
      "op_margin": -0.06570304397214494,
      "fcf_margin": -0.040416179642098676,
      "op_leverage_ratio": 0.6335845234557413,
      "fcf_margin_change": 0.19664912227301426
    },
    {
      "date": "2021-09-30T00:00:00",
      "quarter_label": "2021-09 (Q3)",
      "revenue": 67878000,
      "gross_profit": 32914000,
      "operating_income": -5527000,
      "net_income": -4508000,
      "opex": 38441000,
      "cogs": 34964000,
      "rd": null,
      "sga": 26001000,
      "fcf": 2969000,
      "ocf": 4906000,
      "capex": -1937000,
      "gross_margin": 0.4848993782963552,
      "op_margin": -0.08142549868882407,
      "fcf_margin": 0.043740239842069595,
      "op_leverage_ratio": 1.3659020221405005,
      "fcf_margin_change": 0.08415641948416827
    },
    {
      "date": "2021-12-31T00:00:00",
      "quarter_label": "2021-12 (Q4)",
      "revenue": 64298000,
      "gross_profit": 30749000,
      "operating_income": -6926000,
      "net_income": -11979000,
      "opex": 37675000,
      "cogs": 33549000,
      "rd": null,
      "sga": 25208000,
      "fcf": -6335000,
      "ocf": -5319000,
      "capex": -1016000,
      "gross_margin": 0.47822638340228313,
      "op_margin": -0.10771719182556222,
      "fcf_margin": -0.09852561510466888,
      "incr_op_margin_yoy": -0.057644476956839795,
      "rev_growth_yoy": 0.11894610444981989,
      "fcf_margin_change": -0.1422658549467385
    },
    {
      "date": "2022-03-31T00:00:00",
      "quarter_label": "2022-03 (Q1)",
      "revenue": 68941000,
      "gross_profit": 33969000,
      "operating_income": -6855000,
      "net_income": -10907000,
      "opex": 40824000,
      "cogs": 34972000,
      "rd": null,
      "sga": 27628000,
      "fcf": -4615000,
      "ocf": -3980000,
      "capex": -635000,
      "gross_margin": 0.4927256639735426,
      "op_margin": -0.09943284837759823,
      "fcf_margin": -0.06694129763130793,
      "incr_op_margin_yoy": -0.5236734095573146,
      "rev_growth_yoy": 0.24674032949346258,
      "rev_growth_yoy_accel": 0.12779422504364268,
      "op_leverage_ratio": 0.863936494056172,
      "fcf_margin_change": 0.03158431747336095
    },
    {
      "date": "2022-06-30T00:00:00",
      "quarter_label": "2022-06 (Q2)",
      "revenue": 70353000,
      "gross_profit": 36478000,
      "operating_income": -6709000,
      "net_income": -11141000,
      "opex": 43187000,
      "cogs": 33875000,
      "rd": null,
      "sga": 29413000,
      "fcf": 13717000,
      "ocf": 14671000,
      "capex": -954000,
      "gross_margin": 0.5184995664719344,
      "op_margin": -0.09536196039969866,
      "fcf_margin": 0.19497391724588858,
      "incr_op_margin_yoy": -0.28283038501560875,
      "rev_growth_yoy": 0.1582075300857712,
      "rev_growth_yoy_accel": -0.08853279940769138,
      "op_leverage_ratio": 0.3538416502072835,
      "fcf_margin_change": 0.2619152148771965
    },
    {
      "date": "2022-09-30T00:00:00",
      "quarter_label": "2022-09 (Q3)",
      "revenue": 66640000,
      "gross_profit": 35071000,
      "operating_income": -7479000,
      "net_income": -13025000,
      "opex": 42550000,
      "cogs": 31569000,
      "rd": null,
      "sga": 28841000,
      "fcf": 8480000,
      "ocf": 9836000,
      "capex": -1356000,
      "gross_margin": 0.5262755102040816,
      "op_margin": -0.1122298919567827,
      "fcf_margin": 0.12725090036014405,
      "incr_op_margin_yoy": 1.5767366720516962,
      "rev_growth_yoy": -0.018238604555231446,
      "rev_growth_yoy_accel": -0.17644613464100264,
      "fcf_margin_change": -0.06772301688574453
    },
    {
      "date": "2022-12-31T00:00:00",
      "quarter_label": "2022-12 (Q4)",
      "revenue": 62513000,
      "gross_profit": 33774000,
      "operating_income": -64457000,
      "net_income": -71127000,
      "opex": 98231000,
      "cogs": 28739000,
      "rd": null,
      "sga": 26337000,
      "fcf": -4533000,
      "ocf": -4171000,
      "capex": -362000,
      "gross_margin": 0.5402716235023115,
      "op_margin": -1.0310975317134037,
      "fcf_margin": -0.07251291731319885,
      "incr_op_margin_yoy": 32.23025210084034,
      "rev_growth_yoy": -0.027761361162089025,
      "rev_growth_yoy_accel": -0.009522756606857578,
      "fcf_margin_change": -0.1997638176733429
    },
    {
      "date": "2023-03-31T00:00:00",
      "quarter_label": "2023-03 (Q1)",
      "revenue": 65975000,
      "gross_profit": 35658000,
      "operating_income": -8667000,
      "net_income": -18490000,
      "opex": 44325000,
      "cogs": 30317000,
      "rd": null,
      "sga": 30200000,
      "fcf": 890000,
      "ocf": 1915000,
      "capex": -1025000,
      "gross_margin": 0.5404774535809018,
      "op_margin": -0.13136794240242516,
      "fcf_margin": 0.013489958317544525,
      "incr_op_margin_yoy": 0.6109238031018206,
      "rev_growth_yoy": -0.04302229442566832,
      "rev_growth_yoy_accel": -0.015260933263579298,
      "op_leverage_ratio": Infinity,
      "fcf_margin_change": 0.08600287563074338
    },
    {
      "date": "2023-06-30T00:00:00",
      "quarter_label": "2023-06 (Q2)",
      "revenue": 69536000,
      "gross_profit": 37820000,
      "operating_income": -9584000,
      "net_income": -19499000,
      "opex": 47404000,
      "cogs": 31716000,
      "rd": null,
      "sga": 32892000,
      "fcf": -2179000,
      "ocf": -612000,
      "capex": -1567000,
      "gross_margin": 0.5438909341923608,
      "op_margin": -0.13782788771283938,
      "fcf_margin": -0.03133628624022089,
      "rev_growth_yoy": -0.011612866544425966,
      "rev_growth_yoy_accel": 0.03140942788124236,
      "op_leverage_ratio": 0.7770189850914673,
      "fcf_margin_change": -0.04482624455776542
    },
    {
      "date": "2023-09-30T00:00:00",
      "quarter_label": "2023-09 (Q3)",
      "revenue": 68633000,
      "gross_profit": 37637000,
      "operating_income": -87853000,
      "net_income": -95361000,
      "opex": 125490000,
      "cogs": 30996000,
      "rd": null,
      "sga": 32778000,
      "fcf": 2372000,
      "ocf": 3190000,
      "capex": -818000,
      "gross_margin": 0.5483805166610815,
      "op_margin": -1.2800402138912768,
      "fcf_margin": 0.03456063409730013,
      "incr_op_margin_yoy": -40.328148519819365,
      "rev_growth_yoy": 0.029906962785114045,
      "rev_growth_yoy_accel": 0.041519829329540014,
      "fcf_margin_change": 0.06589692033752102
    },
    {
      "date": "2023-12-31T00:00:00",
      "quarter_label": "2023-12 (Q4)",
      "revenue": 72466000,
      "gross_profit": 36932000,
      "operating_income": -12657000,
      "net_income": -33692000,
      "opex": 49589000,
      "cogs": 35534000,
      "rd": null,
      "sga": null,
      "fcf": -11935000,
      "ocf": -10912000,
      "capex": -1023000,
      "gross_margin": 0.5096459029061905,
      "op_margin": -0.17466122043441062,
      "fcf_margin": -0.16469792730383903,
      "incr_op_margin_yoy": 5.204460966542751,
      "rev_growth_yoy": 0.15921488330427272,
      "rev_growth_yoy_accel": 0.12930792051915868,
      "op_leverage_ratio": Infinity,
      "fcf_margin_change": -0.19925856140113918
    },
    {
      "date": "2024-03-31T00:00:00",
      "quarter_label": "2024-03 (Q1)",
      "revenue": 75975000,
      "gross_profit": 41762000,
      "operating_income": -7381000,
      "net_income": -17587000,
      "opex": 49143000,
      "cogs": 34213000,
      "rd": null,
      "sga": null,
      "fcf": 1027000,
      "ocf": 1904000,
      "capex": -877000,
      "gross_margin": 0.5496808160579137,
      "op_margin": -0.09715037841395195,
      "fcf_margin": 0.013517604475156302,
      "incr_op_margin_yoy": 0.1286,
      "rev_growth_yoy": 0.15157256536566882,
      "rev_growth_yoy_accel": -0.007642317938603899,
      "op_leverage_ratio": Infinity,
      "fcf_margin_change": 0.17821553177899532
    },
    {
      "date": "2024-06-30T00:00:00",
      "quarter_label": "2024-06 (Q2)",
      "revenue": 67868000,
      "gross_profit": 38623000,
      "operating_income": -57150000,
      "net_income": -64300000,
      "opex": 95773000,
      "cogs": 29245000,
      "rd": null,
      "sga": null,
      "fcf": 3122000,
      "ocf": 3986000,
      "capex": -864000,
      "gross_margin": 0.5690899982318619,
      "op_margin": -0.8420757941887193,
      "fcf_margin": 0.04600106088289032,
      "incr_op_margin_yoy": 28.516786570743406,
      "rev_growth_yoy": -0.023987574781408193,
      "rev_growth_yoy_accel": -0.17556014014707702,
      "fcf_margin_change": 0.03248345640773402
    },
    {
      "date": "2024-09-30T00:00:00",
      "quarter_label": "2024-09 (Q3)",
      "revenue": 68920000,
      "gross_profit": 38201000,
      "operating_income": -5626000,
      "net_income": -19408000,
      "opex": 43827000,
      "cogs": 30719000,
      "rd": null,
      "sga": null,
      "fcf": 973000,
      "ocf": 1176000,
      "capex": -203000,
      "gross_margin": 0.5542803250145095,
      "op_margin": -0.08163087637840975,
      "fcf_margin": 0.014117817759721416,
      "rev_growth_yoy": 0.004181661882767765,
      "rev_growth_yoy_accel": 0.028169236664175958,
      "op_leverage_ratio": Infinity,
      "fcf_margin_change": -0.031883243123168904
    },
    {
      "date": "2024-12-31T00:00:00",
      "quarter_label": "2024-12 (Q4)",
      "revenue": 73324000,
      "gross_profit": 41340000,
      "operating_income": -13086000,
      "net_income": -25448000,
      "opex": 54426000,
      "cogs": 31984000,
      "rd": null,
      "sga": null,
      "fcf": 1977000,
      "ocf": 2840000,
      "capex": -863000,
      "gross_margin": 0.5637990289673231,
      "op_margin": -0.1784681686760133,
      "fcf_margin": 0.026962522502864,
      "rev_growth_yoy": 0.01184003532691193,
      "rev_growth_yoy_accel": 0.0076583734441441655,
      "op_leverage_ratio": 0.2642280338649322,
      "fcf_margin_change": 0.012844704743142584
    },
    {
      "date": "2025-03-31T00:00:00",
      "quarter_label": "2025-03 (Q1)",
      "revenue": 72142000,
      "gross_profit": 39120000,
      "operating_income": -2456000,
      "net_income": -14908000,
      "opex": 41576000,
      "cogs": 33022000,
      "rd": null,
      "sga": null,
      "fcf": 2748000,
      "ocf": 2874000,
      "capex": -126000,
      "gross_margin": 0.5422638684816057,
      "op_margin": -0.03404396883923373,
      "fcf_margin": 0.03809154168168335,
      "incr_op_margin_yoy": -1.2848943386381424,
      "rev_growth_yoy": -0.05045080618624548,
      "rev_growth_yoy_accel": -0.062290841513157405,
      "fcf_margin_change": 0.011129019178819349
    },
    {
      "date": "2025-06-30T00:00:00",
      "quarter_label": "2025-06 (Q2)",
      "revenue": 71250000,
      "gross_profit": 39340000,
      "operating_income": -5224000,
      "net_income": -16878000,
      "opex": 44564000,
      "cogs": 31910000,
      "rd": null,
      "sga": null,
      "fcf": 2818000,
      "ocf": 4101000,
      "capex": -1283000,
      "gross_margin": 0.5521403508771929,
      "op_margin": -0.07331929824561403,
      "fcf_margin": 0.039550877192982455,
      "incr_op_margin_yoy": 15.353636901241869,
      "rev_growth_yoy": 0.04983202687569989,
      "rev_growth_yoy_accel": 0.10028283306194537,
      "fcf_margin_change": 0.0014593355112991063
    },
    {
      "date": "2025-09-30T00:00:00",
      "quarter_label": "2025-09 (Q3)",
      "revenue": 68692000,
      "gross_profit": 37949000,
      "operating_income": -4208000,
      "net_income": -12707000,
      "opex": 42157000,
      "cogs": 30743000,
      "rd": null,
      "sga": null,
      "fcf": 879000,
      "ocf": 1063000,
      "capex": -184000,
      "gross_margin": 0.5524515227391836,
      "op_margin": -0.06125895300762826,
      "fcf_margin": 0.01279624992721132,
      "rev_growth_yoy": -0.0033081834010446893,
      "rev_growth_yoy_accel": -0.05314021027674458,
      "fcf_margin_change": -0.026754627265771134
    }
  ],
  "signals": [
    {
      "quarter": "2025-09 (Q3)",
      "signal": "YoY REVENUE GROWTH DECELERATION",
      "detail": "YoY growth: -0.3% vs prior quarter YoY: +5.0% (decel: -5.3%)",
      "severity": "WARNING"
    },
    {
      "quarter": "2025-06 (Q2)",
      "signal": "YoY REVENUE GROWTH ACCELERATION",
      "detail": "YoY growth: +5.0% vs prior quarter YoY: -5.0% (accel: +10.0%)",
      "severity": "MEDIUM"
    },
    {
      "quarter": "2025-03 (Q1)",
      "signal": "YoY REVENUE GROWTH DECELERATION",
      "detail": "YoY growth: -5.0% vs prior quarter YoY: +1.2% (decel: -6.2%)",
      "severity": "WARNING"
    },
    {
      "quarter": "2024-06 (Q2)",
      "signal": "YoY REVENUE GROWTH DECELERATION",
      "detail": "YoY growth: -2.4% vs prior quarter YoY: +15.2% (decel: -17.6%)",
      "severity": "WARNING"
    },
    {
      "quarter": "2024-03 (Q1)",
      "signal": "FCF TURNED POSITIVE",
      "detail": "FCF margin: -16.5% -> +1.4%",
      "severity": "HIGH"
    },
    {
      "quarter": "2024-03 (Q1)",
      "signal": "GROSS MARGIN INFLECTION",
      "detail": "GM: +54.8% -> +51.0% -> +55.0% (reversal +4.0%)",
      "severity": "MEDIUM"
    },
    {
      "quarter": "2023-12 (Q4)",
      "signal": "YoY REVENUE GROWTH ACCELERATION",
      "detail": "YoY growth: +15.9% vs prior quarter YoY: +3.0% (accel: +12.9%)",
      "severity": "MEDIUM"
    },
    {
      "quarter": "2023-09 (Q3)",
      "signal": "FCF TURNED POSITIVE",
      "detail": "FCF margin: -3.1% -> +3.5%",
      "severity": "HIGH"
    },
    {
      "quarter": "2023-03 (Q1)",
      "signal": "FCF TURNED POSITIVE",
      "detail": "FCF margin: -7.3% -> +1.3%",
      "severity": "HIGH"
    },
    {
      "quarter": "2022-09 (Q3)",
      "signal": "YoY REVENUE GROWTH DECELERATION",
      "detail": "YoY growth: -1.8% vs prior quarter YoY: +15.8% (decel: -17.6%)",
      "severity": "WARNING"
    },
    {
      "quarter": "2022-06 (Q2)",
      "signal": "FCF TURNED POSITIVE",
      "detail": "FCF margin: -6.7% -> +19.5%",
      "severity": "HIGH"
    },
    {
      "quarter": "2022-06 (Q2)",
      "signal": "YoY REVENUE GROWTH DECELERATION",
      "detail": "YoY growth: +15.8% vs prior quarter YoY: +24.7% (decel: -8.9%)",
      "severity": "WARNING"
    },
    {
      "quarter": "2022-03 (Q1)",
      "signal": "YoY REVENUE GROWTH ACCELERATION",
      "detail": "YoY growth: +24.7% vs prior quarter YoY: +11.9% (accel: +12.8%)",
      "severity": "MEDIUM"
    },
    {
      "quarter": "2021-09 (Q3)",
      "signal": "FCF TURNED POSITIVE",
      "detail": "FCF margin: -4.0% -> +4.4%",
      "severity": "HIGH"
    },
    {
      "quarter": "2021-06 (Q2)",
      "signal": "FCF MARGIN EXPANSION",
      "detail": "FCF margin: -23.7% -> -4.0% (+19.7%)",
      "severity": "MEDIUM"
    },
    {
      "quarter": "2021-03 (Q1)",
      "signal": "OP MARGIN TURNED POSITIVE (QoQ)",
      "detail": "Op margin: -11.4% -> +0.5%",
      "severity": "HIGH"
    }
  ],
  "data_quality": {
    "n_quarters": 20,
    "coverage": {
      "revenue": [
        20,
        20
      ],
      "gross_profit": [
        20,
        20
      ],
      "op_income": [
        20,
        20
      ],
      "fcf": [
        20,
        20
      ]
    },
    "gaps": [],
    "warnings": []
  },
  "market_cap": null,
  "source": "SEC EDGAR",
  "last_updated": "2026-02-02T23:26:06.508150",
  "sector": "Communication Services",
  "industry": "Telecom Services"
}