{
  "ticker": "KOS",
  "name": "KOSMOS ENERGY LTD.",
  "quarters": [
    {
      "date": "2020-12-31T00:00:00",
      "quarter_label": "2020-12 (Q4)",
      "revenue": 274153000,
      "gross_profit": null,
      "operating_income": null,
      "net_income": 7956000,
      "opex": 382579000,
      "cogs": null,
      "rd": null,
      "sga": null,
      "fcf": 175488000,
      "ocf": 175488000,
      "capex": null,
      "gross_margin": null,
      "op_margin": null,
      "fcf_margin": 0.6401097197550273
    },
    {
      "date": "2021-03-31T00:00:00",
      "quarter_label": "2021-03 (Q1)",
      "revenue": 176474000,
      "gross_profit": null,
      "operating_income": null,
      "net_income": -90768000,
      "opex": 284043000,
      "cogs": null,
      "rd": null,
      "sga": null,
      "fcf": -46626000,
      "ocf": -46626000,
      "capex": null,
      "gross_margin": null,
      "op_margin": null,
      "fcf_margin": -0.26420889196142205,
      "fcf_margin_change": -0.9043186117164493
    },
    {
      "date": "2021-06-30T00:00:00",
      "quarter_label": "2021-06 (Q2)",
      "revenue": 384045000,
      "gross_profit": null,
      "operating_income": null,
      "net_income": -57187000,
      "opex": 447839000,
      "cogs": null,
      "rd": null,
      "sga": null,
      "fcf": 288881000,
      "ocf": 288881000,
      "capex": null,
      "gross_margin": null,
      "op_margin": null,
      "fcf_margin": 0.7522061216784491,
      "op_leverage_ratio": 2.0397021190753515,
      "fcf_margin_change": 1.0164150136398713
    },
    {
      "date": "2021-09-30T00:00:00",
      "quarter_label": "2021-09 (Q3)",
      "revenue": 198936000,
      "gross_profit": null,
      "operating_income": null,
      "net_income": -28597000,
      "opex": 228516000,
      "cogs": null,
      "rd": null,
      "sga": null,
      "fcf": -98414000,
      "ocf": -98414000,
      "capex": null,
      "gross_margin": null,
      "op_margin": null,
      "fcf_margin": -0.4947018136486106,
      "fcf_margin_change": -1.2469079353270598
    },
    {
      "date": "2021-12-31T00:00:00",
      "quarter_label": "2021-12 (Q4)",
      "revenue": 572558000,
      "gross_profit": null,
      "operating_income": null,
      "net_income": 98716000,
      "opex": 416821000,
      "cogs": null,
      "rd": null,
      "sga": null,
      "fcf": 230503000,
      "ocf": 230503000,
      "capex": null,
      "gross_margin": null,
      "op_margin": null,
      "fcf_margin": 0.402584541653422,
      "rev_growth_yoy": 1.0884615524907624,
      "op_leverage_ratio": 2.2791547880800045,
      "fcf_margin_change": 0.8972863553020326
    },
    {
      "date": "2022-03-31T00:00:00",
      "quarter_label": "2022-03 (Q1)",
      "revenue": 659015000,
      "gross_profit": null,
      "operating_income": null,
      "net_income": 1400000,
      "opex": 646214000,
      "cogs": null,
      "rd": null,
      "sga": null,
      "fcf": 329628000,
      "ocf": 329628000,
      "capex": null,
      "gross_margin": null,
      "op_margin": null,
      "fcf_margin": 0.5001828486453267,
      "rev_growth_yoy": 2.7343461359747043,
      "rev_growth_yoy_accel": 1.645884583483942,
      "op_leverage_ratio": 0.2743785171056386,
      "fcf_margin_change": 0.09759830699190469
    },
    {
      "date": "2022-06-30T00:00:00",
      "quarter_label": "2022-06 (Q2)",
      "revenue": 620368000,
      "gross_profit": null,
      "operating_income": null,
      "net_income": 117173000,
      "opex": 426731000,
      "cogs": null,
      "rd": null,
      "sga": null,
      "fcf": 278558000,
      "ocf": 278558000,
      "capex": null,
      "gross_margin": null,
      "op_margin": null,
      "fcf_margin": 0.44902058133237044,
      "rev_growth_yoy": 0.6153523675610931,
      "rev_growth_yoy_accel": -2.118993768413611,
      "fcf_margin_change": -0.051162267312956256
    },
    {
      "date": "2022-09-30T00:00:00",
      "quarter_label": "2022-09 (Q3)",
      "revenue": 456056000,
      "gross_profit": null,
      "operating_income": null,
      "net_income": 222254000,
      "opex": 126137000,
      "cogs": null,
      "rd": null,
      "sga": null,
      "fcf": 255050000,
      "ocf": 255050000,
      "capex": null,
      "gross_margin": null,
      "op_margin": null,
      "fcf_margin": 0.5592514954303858,
      "rev_growth_yoy": 1.2924759721719548,
      "rev_growth_yoy_accel": 0.6771236046108616,
      "fcf_margin_change": 0.11023091409801533
    },
    {
      "date": "2022-12-31T00:00:00",
      "quarter_label": "2022-12 (Q4)",
      "revenue": 509916000,
      "gross_profit": null,
      "operating_income": null,
      "net_income": -114276000,
      "opex": 763626000,
      "cogs": null,
      "rd": null,
      "sga": null,
      "fcf": 267240000,
      "ocf": 267240000,
      "capex": null,
      "gross_margin": null,
      "op_margin": null,
      "fcf_margin": 0.5240863200997812,
      "rev_growth_yoy": -0.10940725655741428,
      "rev_growth_yoy_accel": -1.401883228729369,
      "op_leverage_ratio": 0.023367808106538112,
      "fcf_margin_change": -0.03516517533060459
    },
    {
      "date": "2023-03-31T00:00:00",
      "quarter_label": "2023-03 (Q1)",
      "revenue": 394240000,
      "gross_profit": null,
      "operating_income": null,
      "net_income": 83309000,
      "opex": 254235000,
      "cogs": null,
      "rd": null,
      "sga": null,
      "fcf": 203853000,
      "ocf": 203853000,
      "capex": null,
      "gross_margin": null,
      "op_margin": null,
      "fcf_margin": 0.5170784293831169,
      "rev_growth_yoy": -0.40177385947209093,
      "rev_growth_yoy_accel": -0.29236660291467664,
      "fcf_margin_change": -0.0070078907166643
    },
    {
      "date": "2023-06-30T00:00:00",
      "quarter_label": "2023-06 (Q2)",
      "revenue": 273255000,
      "gross_profit": null,
      "operating_income": null,
      "net_income": 23345000,
      "opex": 220132000,
      "cogs": null,
      "rd": null,
      "sga": null,
      "fcf": 18110000,
      "ocf": 18110000,
      "capex": null,
      "gross_margin": null,
      "op_margin": null,
      "fcf_margin": 0.06627509103218605,
      "rev_growth_yoy": -0.5595275707322106,
      "rev_growth_yoy_accel": -0.15775371126011967,
      "fcf_margin_change": -0.45080333835093084
    },
    {
      "date": "2023-09-30T00:00:00",
      "quarter_label": "2023-09 (Q3)",
      "revenue": 526348000,
      "gross_profit": null,
      "operating_income": null,
      "net_income": 85185000,
      "opex": 389005000,
      "cogs": null,
      "rd": null,
      "sga": null,
      "fcf": 249431000,
      "ocf": 249431000,
      "capex": null,
      "gross_margin": null,
      "op_margin": null,
      "fcf_margin": 0.47388989793824615,
      "rev_growth_yoy": 0.15413019453751295,
      "rev_growth_yoy_accel": 0.7136577652697236,
      "op_leverage_ratio": 1.2073549779538477,
      "fcf_margin_change": 0.4076148069060601
    },
    {
      "date": "2023-12-31T00:00:00",
      "quarter_label": "2023-12 (Q4)",
      "revenue": 507765000,
      "gross_profit": null,
      "operating_income": null,
      "net_income": 21681000,
      "opex": 466428000,
      "cogs": null,
      "rd": null,
      "sga": null,
      "fcf": 293776000,
      "ocf": 293776000,
      "capex": null,
      "gross_margin": null,
      "op_margin": null,
      "fcf_margin": 0.5785668567152128,
      "rev_growth_yoy": -0.0042183418445391006,
      "rev_growth_yoy_accel": -0.15834853638205204,
      "fcf_margin_change": 0.10467695877696664
    },
    {
      "date": "2024-03-31T00:00:00",
      "quarter_label": "2024-03 (Q1)",
      "revenue": 419103000,
      "gross_profit": null,
      "operating_income": null,
      "net_income": 91686000,
      "opex": 277170000,
      "cogs": null,
      "rd": null,
      "sga": null,
      "fcf": 272563000,
      "ocf": 272563000,
      "capex": null,
      "gross_margin": null,
      "op_margin": null,
      "fcf_margin": 0.6503484823539798,
      "rev_growth_yoy": 0.06306564529220779,
      "rev_growth_yoy_accel": 0.0672839871367469,
      "fcf_margin_change": 0.071781625638767
    },
    {
      "date": "2024-06-30T00:00:00",
      "quarter_label": "2024-06 (Q2)",
      "revenue": 450900000,
      "gross_profit": null,
      "operating_income": null,
      "net_income": 59770000,
      "opex": 315812000,
      "cogs": null,
      "rd": null,
      "sga": null,
      "fcf": 223657000,
      "ocf": 223657000,
      "capex": null,
      "gross_margin": null,
      "op_margin": null,
      "fcf_margin": 0.4960235085384786,
      "rev_growth_yoy": 0.6501070428720426,
      "rev_growth_yoy_accel": 0.5870413975798348,
      "op_leverage_ratio": 0.5441918118957513,
      "fcf_margin_change": -0.1543249738155012
    },
    {
      "date": "2024-09-30T00:00:00",
      "quarter_label": "2024-09 (Q3)",
      "revenue": 407794000,
      "gross_profit": null,
      "operating_income": null,
      "net_income": 44974000,
      "opex": 301279000,
      "cogs": null,
      "rd": null,
      "sga": null,
      "fcf": 6282000,
      "ocf": 6282000,
      "capex": null,
      "gross_margin": null,
      "op_margin": null,
      "fcf_margin": 0.015404836755812983,
      "rev_growth_yoy": -0.22523881538449847,
      "rev_growth_yoy_accel": -0.875345858256541,
      "fcf_margin_change": -0.4806186717826656
    },
    {
      "date": "2024-12-31T00:00:00",
      "quarter_label": "2024-12 (Q4)",
      "revenue": 397561000,
      "gross_profit": null,
      "operating_income": null,
      "net_income": -6579000,
      "opex": 431489000,
      "cogs": null,
      "rd": null,
      "sga": null,
      "fcf": 175747000,
      "ocf": 175747000,
      "capex": null,
      "gross_margin": null,
      "op_margin": null,
      "fcf_margin": 0.44206297901454117,
      "rev_growth_yoy": -0.21703740903764537,
      "rev_growth_yoy_accel": 0.008201406346853096,
      "fcf_margin_change": 0.42665814225872817
    },
    {
      "date": "2025-03-31T00:00:00",
      "quarter_label": "2025-03 (Q1)",
      "revenue": 290135000,
      "gross_profit": null,
      "operating_income": null,
      "net_income": -110606000,
      "opex": 384462000,
      "cogs": null,
      "rd": null,
      "sga": null,
      "fcf": -888000,
      "ocf": -888000,
      "capex": null,
      "gross_margin": null,
      "op_margin": null,
      "fcf_margin": -0.003060644182880383,
      "rev_growth_yoy": -0.30772387694671716,
      "rev_growth_yoy_accel": -0.09068646790907178,
      "fcf_margin_change": -0.44512362319742155
    },
    {
      "date": "2025-06-30T00:00:00",
      "quarter_label": "2025-06 (Q2)",
      "revenue": 392635000,
      "gross_profit": null,
      "operating_income": null,
      "net_income": -87740000,
      "opex": 457278000,
      "cogs": null,
      "rd": null,
      "sga": null,
      "fcf": 127168000,
      "ocf": 127168000,
      "capex": null,
      "gross_margin": null,
      "op_margin": null,
      "fcf_margin": 0.3238835050364843,
      "rev_growth_yoy": -0.1292193390995786,
      "rev_growth_yoy_accel": 0.17850453784713854,
      "op_leverage_ratio": 1.8653071100638612,
      "fcf_margin_change": 0.32694414921936465
    },
    {
      "date": "2025-09-30T00:00:00",
      "quarter_label": "2025-09 (Q3)",
      "revenue": 310959000,
      "gross_profit": null,
      "operating_income": null,
      "net_income": -124299000,
      "opex": 417701000,
      "cogs": null,
      "rd": null,
      "sga": null,
      "fcf": -27568000,
      "ocf": -27568000,
      "capex": null,
      "gross_margin": null,
      "op_margin": null,
      "fcf_margin": -0.08865477442363784,
      "rev_growth_yoy": -0.2374605805872573,
      "rev_growth_yoy_accel": -0.10824124148767869,
      "fcf_margin_change": -0.4125382794601221
    }
  ],
  "signals": [
    {
      "quarter": "2025-09 (Q3)",
      "signal": "YoY REVENUE GROWTH DECELERATION",
      "detail": "YoY growth: -23.7% vs prior quarter YoY: -12.9% (decel: -10.8%)",
      "severity": "WARNING"
    },
    {
      "quarter": "2025-06 (Q2)",
      "signal": "FCF TURNED POSITIVE",
      "detail": "FCF margin: -0.3% -> +32.4%",
      "severity": "HIGH"
    },
    {
      "quarter": "2025-06 (Q2)",
      "signal": "OPERATING LEVERAGE",
      "detail": "Rev growth +35.3% vs OpEx growth +18.9% (leverage: 1.9x)",
      "severity": "MEDIUM"
    },
    {
      "quarter": "2025-06 (Q2)",
      "signal": "YoY REVENUE GROWTH ACCELERATION",
      "detail": "YoY growth: -12.9% vs prior quarter YoY: -30.8% (accel: +17.9%)",
      "severity": "HIGH"
    },
    {
      "quarter": "2025-03 (Q1)",
      "signal": "YoY REVENUE GROWTH DECELERATION",
      "detail": "YoY growth: -30.8% vs prior quarter YoY: -21.7% (decel: -9.1%)",
      "severity": "WARNING"
    },
    {
      "quarter": "2024-12 (Q4)",
      "signal": "FCF MARGIN EXPANSION",
      "detail": "FCF margin: +1.5% -> +44.2% (+42.7%)",
      "severity": "MEDIUM"
    },
    {
      "quarter": "2024-09 (Q3)",
      "signal": "YoY REVENUE GROWTH DECELERATION",
      "detail": "YoY growth: -22.5% vs prior quarter YoY: +65.0% (decel: -87.5%)",
      "severity": "WARNING"
    },
    {
      "quarter": "2024-06 (Q2)",
      "signal": "YoY REVENUE GROWTH ACCELERATION",
      "detail": "YoY growth: +65.0% vs prior quarter YoY: +6.3% (accel: +58.7%)",
      "severity": "HIGH"
    },
    {
      "quarter": "2024-03 (Q1)",
      "signal": "FCF MARGIN EXPANSION",
      "detail": "FCF margin: +57.9% -> +65.0% (+7.2%)",
      "severity": "MEDIUM"
    },
    {
      "quarter": "2024-03 (Q1)",
      "signal": "YoY REVENUE GROWTH ACCELERATION",
      "detail": "YoY growth: +6.3% vs prior quarter YoY: -0.4% (accel: +6.7%)",
      "severity": "MEDIUM"
    },
    {
      "quarter": "2023-12 (Q4)",
      "signal": "FCF MARGIN EXPANSION",
      "detail": "FCF margin: +47.4% -> +57.9% (+10.5%)",
      "severity": "MEDIUM"
    },
    {
      "quarter": "2023-12 (Q4)",
      "signal": "YoY REVENUE GROWTH DECELERATION",
      "detail": "YoY growth: -0.4% vs prior quarter YoY: +15.4% (decel: -15.8%)",
      "severity": "WARNING"
    },
    {
      "quarter": "2023-09 (Q3)",
      "signal": "FCF MARGIN EXPANSION",
      "detail": "FCF margin: +6.6% -> +47.4% (+40.8%)",
      "severity": "MEDIUM"
    },
    {
      "quarter": "2023-09 (Q3)",
      "signal": "YoY REVENUE GROWTH ACCELERATION",
      "detail": "YoY growth: +15.4% vs prior quarter YoY: -56.0% (accel: +71.4%)",
      "severity": "HIGH"
    },
    {
      "quarter": "2023-06 (Q2)",
      "signal": "YoY REVENUE GROWTH DECELERATION",
      "detail": "YoY growth: -56.0% vs prior quarter YoY: -40.2% (decel: -15.8%)",
      "severity": "WARNING"
    },
    {
      "quarter": "2023-03 (Q1)",
      "signal": "YoY REVENUE GROWTH DECELERATION",
      "detail": "YoY growth: -40.2% vs prior quarter YoY: -10.9% (decel: -29.2%)",
      "severity": "WARNING"
    },
    {
      "quarter": "2022-12 (Q4)",
      "signal": "YoY REVENUE GROWTH DECELERATION",
      "detail": "YoY growth: -10.9% vs prior quarter YoY: +129.2% (decel: -140.2%)",
      "severity": "WARNING"
    },
    {
      "quarter": "2022-09 (Q3)",
      "signal": "FCF MARGIN EXPANSION",
      "detail": "FCF margin: +44.9% -> +55.9% (+11.0%)",
      "severity": "MEDIUM"
    },
    {
      "quarter": "2022-09 (Q3)",
      "signal": "YoY REVENUE GROWTH ACCELERATION",
      "detail": "YoY growth: +129.2% vs prior quarter YoY: +61.5% (accel: +67.7%)",
      "severity": "HIGH"
    },
    {
      "quarter": "2022-06 (Q2)",
      "signal": "YoY REVENUE GROWTH DECELERATION",
      "detail": "YoY growth: +61.5% vs prior quarter YoY: +273.4% (decel: -211.9%)",
      "severity": "WARNING"
    },
    {
      "quarter": "2022-03 (Q1)",
      "signal": "FCF MARGIN EXPANSION",
      "detail": "FCF margin: +40.3% -> +50.0% (+9.8%)",
      "severity": "MEDIUM"
    },
    {
      "quarter": "2022-03 (Q1)",
      "signal": "YoY REVENUE GROWTH ACCELERATION",
      "detail": "YoY growth: +273.4% vs prior quarter YoY: +108.8% (accel: +164.6%)",
      "severity": "HIGH"
    },
    {
      "quarter": "2021-12 (Q4)",
      "signal": "FCF TURNED POSITIVE",
      "detail": "FCF margin: -49.5% -> +40.3%",
      "severity": "HIGH"
    },
    {
      "quarter": "2021-12 (Q4)",
      "signal": "OPERATING LEVERAGE",
      "detail": "Rev growth +187.8% vs OpEx growth +82.4% (leverage: 2.3x)",
      "severity": "MEDIUM"
    },
    {
      "quarter": "2021-06 (Q2)",
      "signal": "FCF TURNED POSITIVE",
      "detail": "FCF margin: -26.4% -> +75.2%",
      "severity": "HIGH"
    },
    {
      "quarter": "2021-06 (Q2)",
      "signal": "OPERATING LEVERAGE",
      "detail": "Rev growth +117.6% vs OpEx growth +57.7% (leverage: 2.0x)",
      "severity": "MEDIUM"
    }
  ],
  "data_quality": {
    "n_quarters": 20,
    "coverage": {
      "revenue": [
        20,
        20
      ],
      "gross_profit": [
        0,
        20
      ],
      "op_income": [
        0,
        20
      ],
      "fcf": [
        20,
        20
      ]
    },
    "gaps": [],
    "warnings": [
      "gross_profit: no data",
      "op_income: no data"
    ]
  },
  "market_cap": null,
  "source": "SEC EDGAR",
  "last_updated": "2026-02-02T22:15:14.120939"
}