{
  "ticker": "KPTI",
  "name": "Karyopharm Therapeutics Inc.",
  "quarters": [
    {
      "date": "2020-12-31T00:00:00",
      "quarter_label": "2020-12 (Q4)",
      "revenue": 35100000,
      "gross_profit": null,
      "operating_income": -37066000,
      "net_income": -43421000,
      "opex": 72166000,
      "cogs": null,
      "rd": 37185000,
      "sga": 33929000,
      "fcf": -30753000,
      "ocf": -30634000,
      "capex": -119000,
      "gross_margin": null,
      "op_margin": -1.056011396011396,
      "fcf_margin": -0.8761538461538462
    },
    {
      "date": "2021-03-31T00:00:00",
      "quarter_label": "2021-03 (Q1)",
      "revenue": 23260000,
      "gross_profit": null,
      "operating_income": -52373000,
      "net_income": -57414000,
      "opex": 75633000,
      "cogs": null,
      "rd": 37050000,
      "sga": 37650000,
      "fcf": -52888000,
      "ocf": -52888000,
      "capex": null,
      "gross_margin": null,
      "op_margin": -2.251633705932932,
      "fcf_margin": -2.273774720550301,
      "fcf_margin_change": -1.397620874396455
    },
    {
      "date": "2021-06-30T00:00:00",
      "quarter_label": "2021-06 (Q2)",
      "revenue": 22601000,
      "gross_profit": null,
      "operating_income": -49048000,
      "net_income": -53582000,
      "opex": 71649000,
      "cogs": null,
      "rd": 33981000,
      "sga": 36530000,
      "fcf": -55748000,
      "ocf": -55748000,
      "capex": null,
      "gross_margin": null,
      "op_margin": -2.1701694615282507,
      "fcf_margin": -2.466616521392859,
      "fcf_margin_change": -0.19284180084255764
    },
    {
      "date": "2021-09-30T00:00:00",
      "quarter_label": "2021-09 (Q3)",
      "revenue": 37689000,
      "gross_profit": null,
      "operating_income": -43812000,
      "net_income": -51812000,
      "opex": 81501000,
      "cogs": null,
      "rd": 45808000,
      "sga": 35104000,
      "fcf": -23960000,
      "ocf": -23955000,
      "capex": -5000,
      "gross_margin": null,
      "op_margin": -1.1624611955743056,
      "fcf_margin": -0.6357292578736501,
      "op_leverage_ratio": 4.855005768934048,
      "fcf_margin_change": 1.8308872635192088
    },
    {
      "date": "2021-12-31T00:00:00",
      "quarter_label": "2021-12 (Q4)",
      "revenue": 126269000,
      "gross_profit": null,
      "operating_income": 46962000,
      "net_income": 38720000,
      "opex": 79307000,
      "cogs": null,
      "rd": 44003000,
      "sga": 34562000,
      "fcf": 25268000,
      "ocf": 25475000,
      "capex": -207000,
      "gross_margin": null,
      "op_margin": 0.37192026546499934,
      "fcf_margin": 0.20011245832310384,
      "incr_op_margin_yoy": 0.9216729370729085,
      "rev_growth_yoy": 2.5974074074074074,
      "op_leverage_ratio": Infinity,
      "fcf_margin_change": 0.835841716196754
    },
    {
      "date": "2022-03-31T00:00:00",
      "quarter_label": "2022-03 (Q1)",
      "revenue": 47670000,
      "gross_profit": null,
      "operating_income": -34586000,
      "net_income": -41399000,
      "opex": 82256000,
      "cogs": null,
      "rd": 42062000,
      "sga": 38768000,
      "fcf": -59276000,
      "ocf": -59197000,
      "capex": -79000,
      "gross_margin": null,
      "op_margin": -0.7255296832389343,
      "fcf_margin": -1.2434654919236416,
      "incr_op_margin_yoy": 0.72867677181483,
      "rev_growth_yoy": 1.0494411006018916,
      "rev_growth_yoy_accel": -1.5479663068055158,
      "fcf_margin_change": -1.4435779502467454
    },
    {
      "date": "2022-06-30T00:00:00",
      "quarter_label": "2022-06 (Q2)",
      "revenue": 39679000,
      "gross_profit": null,
      "operating_income": -42908000,
      "net_income": -49062000,
      "opex": 82587000,
      "cogs": null,
      "rd": 44309000,
      "sga": 37339000,
      "fcf": -35144000,
      "ocf": -35144000,
      "capex": null,
      "gross_margin": null,
      "op_margin": -1.0813780589228559,
      "fcf_margin": -0.8857078051362182,
      "incr_op_margin_yoy": 0.3595268766834524,
      "rev_growth_yoy": 0.7556302818459361,
      "rev_growth_yoy_accel": -0.2938108187559555,
      "fcf_margin_change": 0.3577576867874235
    },
    {
      "date": "2022-09-30T00:00:00",
      "quarter_label": "2022-09 (Q3)",
      "revenue": 36145000,
      "gross_profit": null,
      "operating_income": -30839000,
      "net_income": -36324000,
      "opex": 66984000,
      "cogs": null,
      "rd": 31359000,
      "sga": 34645000,
      "fcf": -28409000,
      "ocf": -28370000,
      "capex": -39000,
      "gross_margin": null,
      "op_margin": -0.8532023793055747,
      "fcf_margin": -0.7859731636464241,
      "incr_op_margin_yoy": -8.40220207253886,
      "rev_growth_yoy": -0.04096686035713338,
      "rev_growth_yoy_accel": -0.7965971422030694,
      "fcf_margin_change": 0.09973464148979405
    },
    {
      "date": "2022-12-31T00:00:00",
      "quarter_label": "2022-12 (Q4)",
      "revenue": 33580000,
      "gross_profit": null,
      "operating_income": -33869000,
      "net_income": -38506000,
      "opex": 67449000,
      "cogs": null,
      "rd": 30932000,
      "sga": 34649000,
      "fcf": -26843000,
      "ocf": -26843000,
      "capex": null,
      "gross_margin": null,
      "op_margin": -1.0086063132817153,
      "fcf_margin": -0.7993746277546159,
      "incr_op_margin_yoy": 0.8720668040436298,
      "rev_growth_yoy": -0.7340598246600512,
      "rev_growth_yoy_accel": -0.6930929643029178,
      "fcf_margin_change": -0.013401464108191763
    },
    {
      "date": "2023-03-31T00:00:00",
      "quarter_label": "2023-03 (Q1)",
      "revenue": 38698000,
      "gross_profit": null,
      "operating_income": -30899000,
      "net_income": -34126000,
      "opex": 69597000,
      "cogs": null,
      "rd": 32339000,
      "sga": 35907000,
      "fcf": -18910000,
      "ocf": -18910000,
      "capex": null,
      "gross_margin": null,
      "op_margin": -0.7984650369528141,
      "fcf_margin": -0.48865574448291904,
      "incr_op_margin_yoy": -0.41094516272848863,
      "rev_growth_yoy": -0.1882106146423327,
      "rev_growth_yoy_accel": 0.5458492100177185,
      "op_leverage_ratio": 4.785869232484088,
      "fcf_margin_change": 0.31071888327169683
    },
    {
      "date": "2023-06-30T00:00:00",
      "quarter_label": "2023-06 (Q2)",
      "revenue": 37579000,
      "gross_profit": null,
      "operating_income": -29573000,
      "net_income": -32630000,
      "opex": 67152000,
      "cogs": null,
      "rd": 31477000,
      "sga": 34481000,
      "fcf": -25698000,
      "ocf": -25698000,
      "capex": null,
      "gross_margin": null,
      "op_margin": -0.7869554804545091,
      "fcf_margin": -0.6838393783762208,
      "incr_op_margin_yoy": -6.35,
      "rev_growth_yoy": -0.05292472088510295,
      "rev_growth_yoy_accel": 0.13528589375722977,
      "fcf_margin_change": -0.19518363389330173
    },
    {
      "date": "2023-09-30T00:00:00",
      "quarter_label": "2023-09 (Q3)",
      "revenue": 36009000,
      "gross_profit": null,
      "operating_income": -31260000,
      "net_income": -34506000,
      "opex": 67269000,
      "cogs": null,
      "rd": 35553000,
      "sga": 30805000,
      "fcf": -29530000,
      "ocf": -29530000,
      "capex": null,
      "gross_margin": null,
      "op_margin": -0.868116304257269,
      "fcf_margin": -0.8200727595878808,
      "rev_growth_yoy": -0.0037626227694010236,
      "rev_growth_yoy_accel": 0.04916209811570193,
      "fcf_margin_change": -0.13623338121166007
    },
    {
      "date": "2023-12-31T00:00:00",
      "quarter_label": "2023-12 (Q4)",
      "revenue": 33747000,
      "gross_profit": null,
      "operating_income": -37808000,
      "net_income": -41837000,
      "opex": 71555000,
      "cogs": null,
      "rd": 39381000,
      "sga": 30688000,
      "fcf": -18585000,
      "ocf": -18585000,
      "capex": null,
      "gross_margin": null,
      "op_margin": -1.1203366225145939,
      "fcf_margin": -0.5507156191661481,
      "rev_growth_yoy": 0.004973198332340679,
      "rev_growth_yoy_accel": 0.008735821101741703,
      "fcf_margin_change": 0.26935714042173275
    },
    {
      "date": "2024-03-31T00:00:00",
      "quarter_label": "2024-03 (Q1)",
      "revenue": 33126000,
      "gross_profit": null,
      "operating_income": -33759000,
      "net_income": -37362000,
      "opex": 66885000,
      "cogs": null,
      "rd": 35425000,
      "sga": 29549000,
      "fcf": -43920000,
      "ocf": -43725000,
      "capex": -195000,
      "gross_margin": null,
      "op_margin": -1.0191088570911067,
      "fcf_margin": -1.3258467668900562,
      "incr_op_margin_yoy": 0.5132806891600862,
      "rev_growth_yoy": -0.14398676934208487,
      "rev_growth_yoy_accel": -0.14895996767442554,
      "fcf_margin_change": -0.7751311477239081
    },
    {
      "date": "2024-06-30T00:00:00",
      "quarter_label": "2024-06 (Q2)",
      "revenue": 42786000,
      "gross_profit": null,
      "operating_income": -28120000,
      "net_income": 23792000,
      "opex": 70906000,
      "cogs": null,
      "rd": 38371000,
      "sga": 31070000,
      "fcf": -38498000,
      "ocf": -38498000,
      "capex": null,
      "gross_margin": null,
      "op_margin": -0.6572243257140186,
      "fcf_margin": -0.8997803019679335,
      "incr_op_margin_yoy": 0.2790474361436528,
      "rev_growth_yoy": 0.13856143058623166,
      "rev_growth_yoy_accel": 0.28254819992831653,
      "op_leverage_ratio": 4.850681810370577,
      "fcf_margin_change": 0.42606646492212275
    },
    {
      "date": "2024-09-30T00:00:00",
      "quarter_label": "2024-09 (Q3)",
      "revenue": 38783000,
      "gross_profit": null,
      "operating_income": -26283000,
      "net_income": -32072000,
      "opex": 65066000,
      "cogs": null,
      "rd": 36134000,
      "sga": 27632000,
      "fcf": -19453000,
      "ocf": -19453000,
      "capex": null,
      "gross_margin": null,
      "op_margin": -0.6776938349276745,
      "fcf_margin": -0.5015857463321558,
      "incr_op_margin_yoy": 1.7941600576784427,
      "rev_growth_yoy": 0.0770362964814352,
      "rev_growth_yoy_accel": -0.06152513410479646,
      "fcf_margin_change": 0.39819455563577766
    },
    {
      "date": "2024-12-31T00:00:00",
      "quarter_label": "2024-12 (Q4)",
      "revenue": 30542000,
      "gross_profit": null,
      "operating_income": -31281000,
      "net_income": -30780000,
      "opex": 61823000,
      "cogs": null,
      "rd": 33302000,
      "sga": 27190000,
      "fcf": -25757000,
      "ocf": -25810000,
      "capex": 53000,
      "gross_margin": null,
      "op_margin": -1.024196188854692,
      "fcf_margin": -0.8433304957108244,
      "incr_op_margin_yoy": -2.0365054602184087,
      "rev_growth_yoy": -0.09497140486561768,
      "rev_growth_yoy_accel": -0.1720077013470529,
      "fcf_margin_change": -0.3417447493786686
    },
    {
      "date": "2025-03-31T00:00:00",
      "quarter_label": "2025-03 (Q1)",
      "revenue": 30015000,
      "gross_profit": null,
      "operating_income": -33256000,
      "net_income": -23462000,
      "opex": 63271000,
      "cogs": null,
      "rd": 34618000,
      "sga": 27352000,
      "fcf": -38984000,
      "ocf": -38984000,
      "capex": null,
      "gross_margin": null,
      "op_margin": -1.1079793436615026,
      "fcf_margin": -1.2988172580376478,
      "incr_op_margin_yoy": -0.16168434586949534,
      "rev_growth_yoy": -0.09391414598804565,
      "rev_growth_yoy_accel": 0.0010572588775720343,
      "fcf_margin_change": -0.4554867623268234
    },
    {
      "date": "2025-06-30T00:00:00",
      "quarter_label": "2025-06 (Q2)",
      "revenue": 37929000,
      "gross_profit": null,
      "operating_income": -24387000,
      "net_income": -37252000,
      "opex": 62316000,
      "cogs": null,
      "rd": 32788000,
      "sga": 28477000,
      "fcf": -18697000,
      "ocf": -18697000,
      "capex": null,
      "gross_margin": null,
      "op_margin": -0.6429644862769912,
      "fcf_margin": -0.4929473489941733,
      "incr_op_margin_yoy": -0.7685814288655549,
      "rev_growth_yoy": -0.11351844061141494,
      "rev_growth_yoy_accel": -0.019604294623369295,
      "op_leverage_ratio": Infinity,
      "fcf_margin_change": 0.8058699090434744
    },
    {
      "date": "2025-09-30T00:00:00",
      "quarter_label": "2025-09 (Q3)",
      "revenue": 44044000,
      "gross_profit": null,
      "operating_income": -15220000,
      "net_income": -33127000,
      "opex": 59264000,
      "cogs": null,
      "rd": 30544000,
      "sga": 26607000,
      "fcf": -5860000,
      "ocf": -5860000,
      "capex": null,
      "gross_margin": null,
      "op_margin": -0.3455635273817092,
      "fcf_margin": -0.1330487694124058,
      "incr_op_margin_yoy": 2.1028321611860865,
      "rev_growth_yoy": 0.13565221875564035,
      "rev_growth_yoy_accel": 0.2491706593670553,
      "op_leverage_ratio": Infinity,
      "fcf_margin_change": 0.3598985795817675
    }
  ],
  "signals": [
    {
      "quarter": "2025-09 (Q3)",
      "signal": "FCF MARGIN EXPANSION",
      "detail": "FCF margin: -49.3% -> -13.3% (+36.0%)",
      "severity": "MEDIUM"
    },
    {
      "quarter": "2025-09 (Q3)",
      "signal": "YoY REVENUE GROWTH ACCELERATION",
      "detail": "YoY growth: +13.6% vs prior quarter YoY: -11.4% (accel: +24.9%)",
      "severity": "HIGH"
    },
    {
      "quarter": "2025-06 (Q2)",
      "signal": "FCF MARGIN EXPANSION",
      "detail": "FCF margin: -129.9% -> -49.3% (+80.6%)",
      "severity": "MEDIUM"
    },
    {
      "quarter": "2024-12 (Q4)",
      "signal": "YoY REVENUE GROWTH DECELERATION",
      "detail": "YoY growth: -9.5% vs prior quarter YoY: +7.7% (decel: -17.2%)",
      "severity": "WARNING"
    },
    {
      "quarter": "2024-09 (Q3)",
      "signal": "FCF MARGIN EXPANSION",
      "detail": "FCF margin: -90.0% -> -50.2% (+39.8%)",
      "severity": "MEDIUM"
    },
    {
      "quarter": "2024-09 (Q3)",
      "signal": "YoY REVENUE GROWTH DECELERATION",
      "detail": "YoY growth: +7.7% vs prior quarter YoY: +13.9% (decel: -6.2%)",
      "severity": "WARNING"
    },
    {
      "quarter": "2024-06 (Q2)",
      "signal": "FCF MARGIN EXPANSION",
      "detail": "FCF margin: -132.6% -> -90.0% (+42.6%)",
      "severity": "MEDIUM"
    },
    {
      "quarter": "2024-06 (Q2)",
      "signal": "OPERATING LEVERAGE",
      "detail": "Rev growth +29.2% vs OpEx growth +6.0% (leverage: 4.9x)",
      "severity": "MEDIUM"
    },
    {
      "quarter": "2024-06 (Q2)",
      "signal": "YoY REVENUE GROWTH ACCELERATION",
      "detail": "YoY growth: +13.9% vs prior quarter YoY: -14.4% (accel: +28.3%)",
      "severity": "HIGH"
    },
    {
      "quarter": "2024-03 (Q1)",
      "signal": "YoY REVENUE GROWTH DECELERATION",
      "detail": "YoY growth: -14.4% vs prior quarter YoY: +0.5% (decel: -14.9%)",
      "severity": "WARNING"
    },
    {
      "quarter": "2023-12 (Q4)",
      "signal": "FCF MARGIN EXPANSION",
      "detail": "FCF margin: -82.0% -> -55.1% (+26.9%)",
      "severity": "MEDIUM"
    },
    {
      "quarter": "2023-06 (Q2)",
      "signal": "YoY REVENUE GROWTH ACCELERATION",
      "detail": "YoY growth: -5.3% vs prior quarter YoY: -18.8% (accel: +13.5%)",
      "severity": "MEDIUM"
    },
    {
      "quarter": "2023-03 (Q1)",
      "signal": "FCF MARGIN EXPANSION",
      "detail": "FCF margin: -79.9% -> -48.9% (+31.1%)",
      "severity": "MEDIUM"
    },
    {
      "quarter": "2023-03 (Q1)",
      "signal": "OPERATING LEVERAGE",
      "detail": "Rev growth +15.2% vs OpEx growth +3.2% (leverage: 4.8x)",
      "severity": "MEDIUM"
    },
    {
      "quarter": "2023-03 (Q1)",
      "signal": "YoY REVENUE GROWTH ACCELERATION",
      "detail": "YoY growth: -18.8% vs prior quarter YoY: -73.4% (accel: +54.6%)",
      "severity": "HIGH"
    },
    {
      "quarter": "2022-12 (Q4)",
      "signal": "YoY REVENUE GROWTH DECELERATION",
      "detail": "YoY growth: -73.4% vs prior quarter YoY: -4.1% (decel: -69.3%)",
      "severity": "WARNING"
    },
    {
      "quarter": "2022-09 (Q3)",
      "signal": "FCF MARGIN EXPANSION",
      "detail": "FCF margin: -88.6% -> -78.6% (+10.0%)",
      "severity": "MEDIUM"
    },
    {
      "quarter": "2022-09 (Q3)",
      "signal": "YoY REVENUE GROWTH DECELERATION",
      "detail": "YoY growth: -4.1% vs prior quarter YoY: +75.6% (decel: -79.7%)",
      "severity": "WARNING"
    },
    {
      "quarter": "2022-06 (Q2)",
      "signal": "FCF MARGIN EXPANSION",
      "detail": "FCF margin: -124.3% -> -88.6% (+35.8%)",
      "severity": "MEDIUM"
    },
    {
      "quarter": "2022-06 (Q2)",
      "signal": "YoY REVENUE GROWTH DECELERATION",
      "detail": "YoY growth: +75.6% vs prior quarter YoY: +104.9% (decel: -29.4%)",
      "severity": "WARNING"
    },
    {
      "quarter": "2022-03 (Q1)",
      "signal": "YoY REVENUE GROWTH DECELERATION",
      "detail": "YoY growth: +104.9% vs prior quarter YoY: +259.7% (decel: -154.8%)",
      "severity": "WARNING"
    },
    {
      "quarter": "2021-12 (Q4)",
      "signal": "FCF TURNED POSITIVE",
      "detail": "FCF margin: -63.6% -> +20.0%",
      "severity": "HIGH"
    },
    {
      "quarter": "2021-12 (Q4)",
      "signal": "OP MARGIN TURNED POSITIVE (YoY)",
      "detail": "Op margin: -105.6% (year-ago) -> +37.2%",
      "severity": "HIGH"
    },
    {
      "quarter": "2021-12 (Q4)",
      "signal": "OP MARGIN TURNED POSITIVE (QoQ)",
      "detail": "Op margin: -116.2% -> +37.2%",
      "severity": "HIGH"
    },
    {
      "quarter": "2021-09 (Q3)",
      "signal": "FCF MARGIN EXPANSION",
      "detail": "FCF margin: -246.7% -> -63.6% (+183.1%)",
      "severity": "MEDIUM"
    },
    {
      "quarter": "2021-09 (Q3)",
      "signal": "OPERATING LEVERAGE",
      "detail": "Rev growth +66.8% vs OpEx growth +13.8% (leverage: 4.9x)",
      "severity": "MEDIUM"
    }
  ],
  "data_quality": {
    "n_quarters": 20,
    "coverage": {
      "revenue": [
        20,
        20
      ],
      "gross_profit": [
        0,
        20
      ],
      "op_income": [
        20,
        20
      ],
      "fcf": [
        20,
        20
      ]
    },
    "gaps": [],
    "warnings": [
      "gross_profit: no data"
    ]
  },
  "market_cap": null,
  "source": "SEC EDGAR",
  "last_updated": "2026-02-02T23:14:25.133225"
}