{
  "ticker": "KR",
  "name": "Kroger Co.",
  "quarters": [
    {
      "date": "2019-08-17T00:00:00",
      "quarter_label": "2019-08 (Q3)",
      "revenue": 28168000000,
      "gross_profit": 6161000000,
      "operating_income": 559000000,
      "net_income": 297000000,
      "opex": 5602000000,
      "cogs": 22007000000,
      "rd": null,
      "sga": null,
      "fcf": null,
      "ocf": null,
      "capex": null,
      "gross_margin": 0.2187233740414655,
      "op_margin": 0.019845214427719398,
      "fcf_margin": null
    },
    {
      "date": "2019-11-09T00:00:00",
      "quarter_label": "2019-11 (Q4)",
      "revenue": 27974000000,
      "gross_profit": 6176000000,
      "operating_income": 254000000,
      "net_income": 263000000,
      "opex": 5922000000,
      "cogs": 21798000000,
      "rd": null,
      "sga": null,
      "fcf": 771000000,
      "ocf": 771000000,
      "capex": null,
      "gross_margin": 0.22077643526131407,
      "op_margin": 0.009079859869879173,
      "fcf_margin": 0.027561306927861587
    },
    {
      "date": "2020-02-01T00:00:00",
      "quarter_label": "2020-02 (Q1)",
      "revenue": 28893000000,
      "gross_profit": 6386000000,
      "operating_income": 537000000,
      "net_income": 327000000,
      "opex": 5849000000,
      "cogs": 22507000000,
      "rd": null,
      "sga": null,
      "fcf": 616000000,
      "ocf": 616000000,
      "capex": null,
      "gross_margin": 0.22102239296715467,
      "op_margin": 0.01858581663378673,
      "fcf_margin": 0.021320042916969508,
      "op_leverage_ratio": Infinity,
      "fcf_margin_change": -0.006241264010892079
    },
    {
      "date": "2020-08-15T00:00:00",
      "quarter_label": "2020-08 (Q3)",
      "revenue": 30489000000,
      "gross_profit": 6938000000,
      "operating_income": 820000000,
      "net_income": 819000000,
      "opex": 6118000000,
      "cogs": 23551000000,
      "rd": null,
      "sga": null,
      "fcf": null,
      "ocf": null,
      "capex": null,
      "gross_margin": 0.22755747974679394,
      "op_margin": 0.02689494571812785,
      "fcf_margin": null,
      "incr_op_margin_yoy": 0.11245152951314089,
      "rev_growth_yoy": 0.08239846634478841,
      "op_leverage_ratio": 1.2010735160894246
    },
    {
      "date": "2020-11-07T00:00:00",
      "quarter_label": "2020-11 (Q4)",
      "revenue": 29723000000,
      "gross_profit": 6822000000,
      "operating_income": 792000000,
      "net_income": 631000000,
      "opex": 6030000000,
      "cogs": 22901000000,
      "rd": null,
      "sga": null,
      "fcf": 492000000,
      "ocf": 492000000,
      "capex": null,
      "gross_margin": 0.22951922753423276,
      "op_margin": 0.026646031692628604,
      "fcf_margin": 0.016552837869663224,
      "incr_op_margin_yoy": 0.3076043453401944,
      "rev_growth_yoy": 0.06252234217487668,
      "rev_growth_yoy_accel": -0.019876124169911732
    },
    {
      "date": "2021-01-30T00:00:00",
      "quarter_label": "2021-01 (Q1)",
      "revenue": 30737000000,
      "gross_profit": 7046000000,
      "operating_income": -158000000,
      "net_income": -77000000,
      "opex": 7204000000,
      "cogs": 23691000000,
      "rd": null,
      "sga": null,
      "fcf": 918000000,
      "ocf": 918000000,
      "capex": null,
      "gross_margin": 0.2292351237921723,
      "op_margin": -0.005140384552819078,
      "fcf_margin": 0.029866284933467806,
      "incr_op_margin_yoy": -0.37689804772234275,
      "rev_growth_yoy": 0.06382168691378534,
      "rev_growth_yoy_accel": 0.0012993447389086643,
      "op_leverage_ratio": 0.17522437869112997,
      "fcf_margin_change": 0.013313447063804582
    },
    {
      "date": "2021-08-14T00:00:00",
      "quarter_label": "2021-08 (Q3)",
      "revenue": 31682000000,
      "gross_profit": 6768000000,
      "operating_income": 839000000,
      "net_income": 467000000,
      "opex": 5929000000,
      "cogs": 24914000000,
      "rd": null,
      "sga": null,
      "fcf": null,
      "ocf": null,
      "capex": null,
      "gross_margin": 0.21362287734360205,
      "op_margin": 0.02648191402057951,
      "fcf_margin": null,
      "incr_op_margin_yoy": 0.01592623637887678,
      "rev_growth_yoy": 0.03912886614844698,
      "rev_growth_yoy_accel": -0.02469282076533836,
      "op_leverage_ratio": Infinity
    },
    {
      "date": "2021-11-06T00:00:00",
      "quarter_label": "2021-11 (Q4)",
      "revenue": 31860000000,
      "gross_profit": 6901000000,
      "operating_income": 868000000,
      "net_income": 483000000,
      "opex": 6033000000,
      "cogs": 24959000000,
      "rd": null,
      "sga": null,
      "fcf": 1668000000,
      "ocf": 1668000000,
      "capex": null,
      "gross_margin": 0.21660389202762084,
      "op_margin": 0.027244193345888262,
      "fcf_margin": 0.052354048964218455,
      "incr_op_margin_yoy": 0.035563874590547495,
      "rev_growth_yoy": 0.07189718399892339,
      "rev_growth_yoy_accel": 0.03276831785047641
    },
    {
      "date": "2022-01-29T00:00:00",
      "quarter_label": "2022-01 (Q1)",
      "revenue": 33048000000,
      "gross_profit": 7329000000,
      "operating_income": 965000000,
      "net_income": 565000000,
      "opex": 6364000000,
      "cogs": 25719000000,
      "rd": null,
      "sga": null,
      "fcf": 1399000000,
      "ocf": 1399000000,
      "capex": null,
      "gross_margin": 0.2217683369644154,
      "op_margin": 0.029199951585572502,
      "fcf_margin": 0.04233236504478335,
      "incr_op_margin_yoy": 0.48593682388576376,
      "rev_growth_yoy": 0.07518625760484107,
      "rev_growth_yoy_accel": 0.0032890736059176806,
      "op_leverage_ratio": 0.6796354139996929,
      "fcf_margin_change": -0.010021683919435108
    },
    {
      "date": "2022-08-13T00:00:00",
      "quarter_label": "2022-08 (Q3)",
      "revenue": 34638000000,
      "gross_profit": 7246000000,
      "operating_income": 954000000,
      "net_income": 731000000,
      "opex": 6292000000,
      "cogs": 27392000000,
      "rd": null,
      "sga": null,
      "fcf": null,
      "ocf": null,
      "capex": null,
      "gross_margin": 0.20919221664068363,
      "op_margin": 0.027542005889485535,
      "fcf_margin": null,
      "incr_op_margin_yoy": 0.038903924221921515,
      "rev_growth_yoy": 0.09330219051827536,
      "rev_growth_yoy_accel": 0.018115932913434288,
      "op_leverage_ratio": Infinity
    },
    {
      "date": "2022-11-05T00:00:00",
      "quarter_label": "2022-11 (Q4)",
      "revenue": 34198000000,
      "gross_profit": 7308000000,
      "operating_income": 841000000,
      "net_income": 398000000,
      "opex": 6467000000,
      "cogs": 26890000000,
      "rd": null,
      "sga": null,
      "fcf": 911000000,
      "ocf": 911000000,
      "capex": null,
      "gross_margin": 0.21369670740979005,
      "op_margin": 0.02459208140826949,
      "fcf_margin": 0.02663898473594947,
      "incr_op_margin_yoy": -0.011548331907613344,
      "rev_growth_yoy": 0.07338355304456999,
      "rev_growth_yoy_accel": -0.01991863747370537
    },
    {
      "date": "2023-01-28T00:00:00",
      "quarter_label": "2023-01 (Q1)",
      "revenue": 34822000000,
      "gross_profit": 7576000000,
      "operating_income": 826000000,
      "net_income": 451000000,
      "opex": 6750000000,
      "cogs": 27246000000,
      "rd": null,
      "sga": null,
      "fcf": 1160000000,
      "ocf": 1160000000,
      "capex": null,
      "gross_margin": 0.21756360921256676,
      "op_margin": 0.02372063637930044,
      "fcf_margin": 0.03331227384986503,
      "incr_op_margin_yoy": -0.07835400225479143,
      "rev_growth_yoy": 0.05367949648995401,
      "rev_growth_yoy_accel": -0.019704056554615983,
      "op_leverage_ratio": 0.4169656771199605,
      "fcf_margin_change": 0.00667328911391556
    },
    {
      "date": "2023-08-12T00:00:00",
      "quarter_label": "2023-08 (Q3)",
      "revenue": 33853000000,
      "gross_profit": 7378000000,
      "operating_income": -479000000,
      "net_income": -180000000,
      "opex": 7857000000,
      "cogs": 26475000000,
      "rd": null,
      "sga": null,
      "fcf": null,
      "ocf": null,
      "capex": null,
      "gross_margin": 0.2179422798570289,
      "op_margin": -0.014149410687383688,
      "fcf_margin": null,
      "incr_op_margin_yoy": 1.8254777070063695,
      "rev_growth_yoy": -0.022662971303193023,
      "rev_growth_yoy_accel": -0.07634246779314703
    },
    {
      "date": "2023-11-04T00:00:00",
      "quarter_label": "2023-11 (Q4)",
      "revenue": 33957000000,
      "gross_profit": 7480000000,
      "operating_income": 912000000,
      "net_income": 646000000,
      "opex": 6568000000,
      "cogs": 26477000000,
      "rd": null,
      "sga": null,
      "fcf": 504000000,
      "ocf": 504000000,
      "capex": null,
      "gross_margin": 0.2202785876255264,
      "op_margin": 0.02685749624525135,
      "fcf_margin": 0.014842300556586271,
      "incr_op_margin_yoy": -0.2946058091286307,
      "rev_growth_yoy": -0.007047195742441078,
      "rev_growth_yoy_accel": 0.015615775560751945
    },
    {
      "date": "2024-02-03T00:00:00",
      "quarter_label": "2024-02 (Q1)",
      "revenue": 37064000000,
      "gross_profit": 8421000000,
      "operating_income": 1194000000,
      "net_income": 736000000,
      "opex": 7227000000,
      "cogs": 28643000000,
      "rd": null,
      "sga": null,
      "fcf": 1920000000,
      "ocf": 1920000000,
      "capex": null,
      "gross_margin": 0.2272015972372113,
      "op_margin": 0.03221454780919491,
      "fcf_margin": 0.05180228793438377,
      "incr_op_margin_yoy": 0.1641391614629795,
      "rev_growth_yoy": 0.0643845844581012,
      "rev_growth_yoy_accel": 0.07143178020054228,
      "op_leverage_ratio": 0.9119261470690663,
      "fcf_margin_change": 0.036959987377797494
    },
    {
      "date": "2024-08-17T00:00:00",
      "quarter_label": "2024-08 (Q3)",
      "revenue": 33912000000,
      "gross_profit": 7651000000,
      "operating_income": 815000000,
      "net_income": 466000000,
      "opex": 6836000000,
      "cogs": 26261000000,
      "rd": null,
      "sga": null,
      "fcf": null,
      "ocf": null,
      "capex": null,
      "gross_margin": 0.22561335220570888,
      "op_margin": 0.024032790752535976,
      "fcf_margin": null,
      "incr_op_margin_yoy": 21.93220338983051,
      "rev_growth_yoy": 0.0017428292913478863,
      "rev_growth_yoy_accel": -0.06264175516675331
    },
    {
      "date": "2024-11-09T00:00:00",
      "quarter_label": "2024-11 (Q4)",
      "revenue": 33634000000,
      "gross_profit": 7686000000,
      "operating_income": 828000000,
      "net_income": 618000000,
      "opex": 6858000000,
      "cogs": 25948000000,
      "rd": null,
      "sga": null,
      "fcf": 926000000,
      "ocf": 926000000,
      "capex": null,
      "gross_margin": 0.22851876077778438,
      "op_margin": 0.024617946125943986,
      "fcf_margin": 0.02753166438722721,
      "incr_op_margin_yoy": 0.26006191950464397,
      "rev_growth_yoy": -0.009512029920193186,
      "rev_growth_yoy_accel": -0.011254859211541072
    },
    {
      "date": "2025-02-01T00:00:00",
      "quarter_label": "2025-02 (Q1)",
      "revenue": 34308000000,
      "gross_profit": 7920000000,
      "operating_income": 912000000,
      "net_income": 634000000,
      "opex": 7008000000,
      "cogs": 26388000000,
      "rd": null,
      "sga": null,
      "fcf": 1404000000,
      "ocf": 1404000000,
      "capex": null,
      "gross_margin": 0.23084994753410285,
      "op_margin": 0.02658272123119972,
      "fcf_margin": 0.040923399790136414,
      "incr_op_margin_yoy": 0.102322206095791,
      "rev_growth_yoy": -0.07435786747248004,
      "rev_growth_yoy_accel": -0.06484583755228684,
      "op_leverage_ratio": 0.9161943271689362,
      "fcf_margin_change": 0.013391735402909204
    },
    {
      "date": "2025-08-16T00:00:00",
      "quarter_label": "2025-08 (Q3)",
      "revenue": 33940000000,
      "gross_profit": 7810000000,
      "operating_income": 863000000,
      "net_income": 609000000,
      "opex": 6947000000,
      "cogs": 26130000000,
      "rd": null,
      "sga": null,
      "fcf": null,
      "ocf": null,
      "capex": null,
      "gross_margin": 0.23011196228638775,
      "op_margin": 0.025427224513847966,
      "fcf_margin": null,
      "incr_op_margin_yoy": 1.7142857142857142,
      "rev_growth_yoy": 0.0008256664307619722,
      "rev_growth_yoy_accel": 0.075183533903242
    },
    {
      "date": "2025-11-08T00:00:00",
      "quarter_label": "2025-11 (Q4)",
      "revenue": 33859000000,
      "gross_profit": 7902000000,
      "operating_income": -1541000000,
      "net_income": -1320000000,
      "opex": 9443000000,
      "cogs": 25957000000,
      "rd": null,
      "sga": null,
      "fcf": 970000000,
      "ocf": 970000000,
      "capex": null,
      "gross_margin": 0.23337960365043267,
      "op_margin": -0.04551227147877965,
      "fcf_margin": 0.028648217608316845,
      "incr_op_margin_yoy": -10.528888888888888,
      "rev_growth_yoy": 0.006689659273354344,
      "rev_growth_yoy_accel": 0.005863992842592372
    }
  ],
  "signals": [
    {
      "quarter": "2025-08 (Q3)",
      "signal": "YoY REVENUE GROWTH ACCELERATION",
      "detail": "YoY growth: +0.1% vs prior quarter YoY: -7.4% (accel: +7.5%)",
      "severity": "MEDIUM"
    },
    {
      "quarter": "2025-08 (Q3)",
      "signal": "INCREMENTAL MARGIN (YoY)",
      "detail": "YoY Incr OPM: +171.4% vs year-ago OPM: +2.4%",
      "severity": "HIGH"
    },
    {
      "quarter": "2025-02 (Q1)",
      "signal": "YoY REVENUE GROWTH DECELERATION",
      "detail": "YoY growth: -7.4% vs prior quarter YoY: -1.0% (decel: -6.5%)",
      "severity": "WARNING"
    },
    {
      "quarter": "2024-11 (Q4)",
      "signal": "INCREMENTAL MARGIN (YoY)",
      "detail": "YoY Incr OPM: +26.0% vs year-ago OPM: +2.7%",
      "severity": "HIGH"
    },
    {
      "quarter": "2024-08 (Q3)",
      "signal": "YoY REVENUE GROWTH DECELERATION",
      "detail": "YoY growth: +0.2% vs prior quarter YoY: +6.4% (decel: -6.3%)",
      "severity": "WARNING"
    },
    {
      "quarter": "2024-08 (Q3)",
      "signal": "OP MARGIN TURNED POSITIVE (YoY)",
      "detail": "Op margin: -1.4% (year-ago) -> +2.4%",
      "severity": "HIGH"
    },
    {
      "quarter": "2024-02 (Q1)",
      "signal": "YoY REVENUE GROWTH ACCELERATION",
      "detail": "YoY growth: +6.4% vs prior quarter YoY: -0.7% (accel: +7.1%)",
      "severity": "MEDIUM"
    },
    {
      "quarter": "2024-02 (Q1)",
      "signal": "INCREMENTAL MARGIN (YoY)",
      "detail": "YoY Incr OPM: +16.4% vs year-ago OPM: +2.4%",
      "severity": "MEDIUM"
    },
    {
      "quarter": "2023-11 (Q4)",
      "signal": "OP MARGIN TURNED POSITIVE (QoQ)",
      "detail": "Op margin: -1.4% -> +2.7%",
      "severity": "HIGH"
    },
    {
      "quarter": "2023-08 (Q3)",
      "signal": "YoY REVENUE GROWTH DECELERATION",
      "detail": "YoY growth: -2.3% vs prior quarter YoY: +5.4% (decel: -7.6%)",
      "severity": "WARNING"
    },
    {
      "quarter": "2022-01 (Q1)",
      "signal": "OP MARGIN TURNED POSITIVE (YoY)",
      "detail": "Op margin: -0.5% (year-ago) -> +2.9%",
      "severity": "HIGH"
    },
    {
      "quarter": "2021-08 (Q3)",
      "signal": "OP MARGIN TURNED POSITIVE (QoQ)",
      "detail": "Op margin: -0.5% -> +2.6%",
      "severity": "HIGH"
    },
    {
      "quarter": "2020-11 (Q4)",
      "signal": "INCREMENTAL MARGIN (YoY)",
      "detail": "YoY Incr OPM: +30.8% vs year-ago OPM: +0.9%",
      "severity": "HIGH"
    }
  ],
  "data_quality": {
    "n_quarters": 20,
    "coverage": {
      "revenue": [
        20,
        20
      ],
      "gross_profit": [
        20,
        20
      ],
      "op_income": [
        20,
        20
      ],
      "fcf": [
        13,
        20
      ]
    },
    "gaps": [
      [
        "2020-02 (Q1)",
        "2020-08 (Q3)",
        196
      ],
      [
        "2021-01 (Q1)",
        "2021-08 (Q3)",
        196
      ],
      [
        "2022-01 (Q1)",
        "2022-08 (Q3)",
        196
      ],
      [
        "2023-01 (Q1)",
        "2023-08 (Q3)",
        196
      ],
      [
        "2024-02 (Q1)",
        "2024-08 (Q3)",
        196
      ],
      [
        "2025-02 (Q1)",
        "2025-08 (Q3)",
        196
      ]
    ],
    "warnings": [
      "fcf: 13/20Q",
      "gap: 1Q missing between 2020-02 (Q1) and 2020-08 (Q3)",
      "gap: 1Q missing between 2021-01 (Q1) and 2021-08 (Q3)",
      "gap: 1Q missing between 2022-01 (Q1) and 2022-08 (Q3)",
      "gap: 1Q missing between 2023-01 (Q1) and 2023-08 (Q3)",
      "gap: 1Q missing between 2024-02 (Q1) and 2024-08 (Q3)",
      "gap: 1Q missing between 2025-02 (Q1) and 2025-08 (Q3)"
    ]
  },
  "market_cap": null,
  "source": "SEC EDGAR",
  "last_updated": "2026-02-02T20:02:42.907406",
  "sector": "Consumer Defensive",
  "industry": "Grocery Stores"
}