{
  "ticker": "KRC",
  "name": "KILROY REALTY CORPORATION",
  "quarters": [
    {
      "date": "2020-12-31T00:00:00",
      "quarter_label": "2020-12 (Q4)",
      "revenue": 229332000,
      "gross_profit": null,
      "operating_income": null,
      "net_income": 78642000,
      "opex": 162285000,
      "cogs": null,
      "rd": null,
      "sga": null,
      "fcf": 91610000,
      "ocf": 91610000,
      "capex": null,
      "gross_margin": null,
      "op_margin": null,
      "fcf_margin": 0.39946453177053354
    },
    {
      "date": "2021-03-31T00:00:00",
      "quarter_label": "2021-03 (Q1)",
      "revenue": 235646000,
      "gross_profit": null,
      "operating_income": null,
      "net_income": null,
      "opex": 164562000,
      "cogs": null,
      "rd": null,
      "sga": null,
      "fcf": 144152000,
      "ocf": 144152000,
      "capex": null,
      "gross_margin": null,
      "op_margin": null,
      "fcf_margin": 0.611731156056118,
      "op_leverage_ratio": 1.9622542042079618,
      "fcf_margin_change": 0.21226662428558452
    },
    {
      "date": "2021-06-30T00:00:00",
      "quarter_label": "2021-06 (Q2)",
      "revenue": 225983000,
      "gross_profit": null,
      "operating_income": null,
      "net_income": null,
      "opex": 163593000,
      "cogs": null,
      "rd": null,
      "sga": null,
      "fcf": 72314000,
      "ocf": 72314000,
      "capex": null,
      "gross_margin": null,
      "op_margin": null,
      "fcf_margin": 0.31999752193749087,
      "fcf_margin_change": -0.2917336341186272
    },
    {
      "date": "2021-09-30T00:00:00",
      "quarter_label": "2021-09 (Q3)",
      "revenue": 232326000,
      "gross_profit": null,
      "operating_income": null,
      "net_income": null,
      "opex": 163704000,
      "cogs": null,
      "rd": null,
      "sga": null,
      "fcf": 191094000,
      "ocf": 191094000,
      "capex": null,
      "gross_margin": null,
      "op_margin": null,
      "fcf_margin": 0.8225252446992588,
      "op_leverage_ratio": Infinity,
      "fcf_margin_change": 0.5025277227617679
    },
    {
      "date": "2021-12-31T00:00:00",
      "quarter_label": "2021-12 (Q4)",
      "revenue": 261085000,
      "gross_profit": null,
      "operating_income": null,
      "net_income": null,
      "opex": 180514000,
      "cogs": null,
      "rd": null,
      "sga": null,
      "fcf": 108843000,
      "ocf": 108843000,
      "capex": null,
      "gross_margin": null,
      "op_margin": null,
      "fcf_margin": 0.4168872206369573,
      "rev_growth_yoy": 0.13845865382938272,
      "op_leverage_ratio": 1.2055009124980656,
      "fcf_margin_change": -0.4056380240623015
    },
    {
      "date": "2022-03-31T00:00:00",
      "quarter_label": "2022-03 (Q1)",
      "revenue": 265501000,
      "gross_profit": null,
      "operating_income": null,
      "net_income": null,
      "opex": 185574000,
      "cogs": null,
      "rd": null,
      "sga": null,
      "fcf": 178659000,
      "ocf": 178659000,
      "capex": null,
      "gross_margin": null,
      "op_margin": null,
      "fcf_margin": 0.6729127197261028,
      "rev_growth_yoy": 0.12669427870619487,
      "rev_growth_yoy_accel": -0.011764375123187842,
      "op_leverage_ratio": 0.603403071448344,
      "fcf_margin_change": 0.25602549908914546
    },
    {
      "date": "2022-06-30T00:00:00",
      "quarter_label": "2022-06 (Q2)",
      "revenue": 271184000,
      "gross_profit": null,
      "operating_income": null,
      "net_income": null,
      "opex": 197213000,
      "cogs": null,
      "rd": null,
      "sga": null,
      "fcf": 100290000,
      "ocf": 100290000,
      "capex": null,
      "gross_margin": null,
      "op_margin": null,
      "fcf_margin": 0.36982270340433065,
      "rev_growth_yoy": 0.20001947049114313,
      "rev_growth_yoy_accel": 0.07332519178494826,
      "op_leverage_ratio": 0.3412816640147645,
      "fcf_margin_change": -0.3030900163217721
    },
    {
      "date": "2022-09-30T00:00:00",
      "quarter_label": "2022-09 (Q3)",
      "revenue": 275958000,
      "gross_profit": null,
      "operating_income": null,
      "net_income": null,
      "opex": 186940000,
      "cogs": null,
      "rd": null,
      "sga": null,
      "fcf": 205281000,
      "ocf": 205281000,
      "capex": null,
      "gross_margin": null,
      "op_margin": null,
      "fcf_margin": 0.7438849390124584,
      "rev_growth_yoy": 0.18780506701789726,
      "rev_growth_yoy_accel": -0.012214403473245872,
      "op_leverage_ratio": Infinity,
      "fcf_margin_change": 0.3740622356081278
    },
    {
      "date": "2022-12-31T00:00:00",
      "quarter_label": "2022-12 (Q4)",
      "revenue": 284344000,
      "gross_profit": null,
      "operating_income": null,
      "net_income": null,
      "opex": 202583000,
      "cogs": null,
      "rd": null,
      "sga": null,
      "fcf": 108005000,
      "ocf": 108005000,
      "capex": null,
      "gross_margin": null,
      "op_margin": null,
      "fcf_margin": 0.3798392088456236,
      "rev_growth_yoy": 0.0890859298695827,
      "rev_growth_yoy_accel": -0.09871913714831455,
      "op_leverage_ratio": 0.3631567011339946,
      "fcf_margin_change": -0.36404573016683484
    },
    {
      "date": "2023-03-31T00:00:00",
      "quarter_label": "2023-03 (Q1)",
      "revenue": 292802000,
      "gross_profit": null,
      "operating_income": null,
      "net_income": null,
      "opex": 203361000,
      "cogs": null,
      "rd": null,
      "sga": null,
      "fcf": 182136000,
      "ocf": 182136000,
      "capex": null,
      "gross_margin": null,
      "op_margin": null,
      "fcf_margin": 0.6220449313870807,
      "rev_growth_yoy": 0.10282823793507369,
      "rev_growth_yoy_accel": 0.013742308065490982,
      "op_leverage_ratio": 7.745456397830008,
      "fcf_margin_change": 0.2422057225414571
    },
    {
      "date": "2023-06-30T00:00:00",
      "quarter_label": "2023-06 (Q2)",
      "revenue": 284282000,
      "gross_profit": null,
      "operating_income": null,
      "net_income": null,
      "opex": 200045000,
      "cogs": null,
      "rd": null,
      "sga": null,
      "fcf": 101414000,
      "ocf": 101414000,
      "capex": null,
      "gross_margin": null,
      "op_margin": null,
      "fcf_margin": 0.35673732420624593,
      "rev_growth_yoy": 0.04829930969378724,
      "rev_growth_yoy_accel": -0.054528928241286446,
      "fcf_margin_change": -0.2653076071808348
    },
    {
      "date": "2023-09-30T00:00:00",
      "quarter_label": "2023-09 (Q3)",
      "revenue": 283594000,
      "gross_profit": null,
      "operating_income": null,
      "net_income": null,
      "opex": 202035000,
      "cogs": null,
      "rd": null,
      "sga": null,
      "fcf": 208816000,
      "ocf": 208816000,
      "capex": null,
      "gross_margin": null,
      "op_margin": null,
      "fcf_margin": 0.7363202324449741,
      "rev_growth_yoy": 0.02767087745236594,
      "rev_growth_yoy_accel": -0.0206284322414213,
      "fcf_margin_change": 0.3795829082387282
    },
    {
      "date": "2023-12-31T00:00:00",
      "quarter_label": "2023-12 (Q4)",
      "revenue": 269016000,
      "gross_profit": null,
      "operating_income": null,
      "net_income": null,
      "opex": 194341000,
      "cogs": null,
      "rd": null,
      "sga": null,
      "fcf": 110223000,
      "ocf": 110223000,
      "capex": null,
      "gross_margin": null,
      "op_margin": null,
      "fcf_margin": 0.40972655901507715,
      "rev_growth_yoy": -0.05390653574543511,
      "rev_growth_yoy_accel": -0.08157741319780104,
      "fcf_margin_change": -0.326593673429897
    },
    {
      "date": "2024-03-31T00:00:00",
      "quarter_label": "2024-03 (Q1)",
      "revenue": 278581000,
      "gross_profit": null,
      "operating_income": null,
      "net_income": null,
      "opex": 197200000,
      "cogs": null,
      "rd": null,
      "sga": null,
      "fcf": 167869000,
      "ocf": 167869000,
      "capex": null,
      "gross_margin": null,
      "op_margin": null,
      "fcf_margin": 0.6025859624310345,
      "rev_growth_yoy": -0.048568657317914495,
      "rev_growth_yoy_accel": 0.005337878427520613,
      "op_leverage_ratio": 2.4168914270835327,
      "fcf_margin_change": 0.1928594034159573
    },
    {
      "date": "2024-06-30T00:00:00",
      "quarter_label": "2024-06 (Q2)",
      "revenue": 280731000,
      "gross_profit": null,
      "operating_income": null,
      "net_income": null,
      "opex": 199505000,
      "cogs": null,
      "rd": null,
      "sga": null,
      "fcf": 88693000,
      "ocf": 88693000,
      "capex": null,
      "gross_margin": null,
      "op_margin": null,
      "fcf_margin": 0.3159358959288429,
      "rev_growth_yoy": -0.012491117974405696,
      "rev_growth_yoy_accel": 0.0360775393435088,
      "fcf_margin_change": -0.28665006650219155
    },
    {
      "date": "2024-09-30T00:00:00",
      "quarter_label": "2024-09 (Q3)",
      "revenue": 289938000,
      "gross_profit": null,
      "operating_income": null,
      "net_income": null,
      "opex": 205545000,
      "cogs": null,
      "rd": null,
      "sga": null,
      "fcf": 176350000,
      "ocf": 176350000,
      "capex": null,
      "gross_margin": null,
      "op_margin": null,
      "fcf_margin": 0.6082334844001132,
      "rev_growth_yoy": 0.022370007828092273,
      "rev_growth_yoy_accel": 0.03486112580249797,
      "op_leverage_ratio": 1.0832897061010138,
      "fcf_margin_change": 0.29229758847127024
    },
    {
      "date": "2024-12-31T00:00:00",
      "quarter_label": "2024-12 (Q4)",
      "revenue": 286379000,
      "gross_profit": null,
      "operating_income": null,
      "net_income": null,
      "opex": 198869000,
      "cogs": null,
      "rd": null,
      "sga": null,
      "fcf": 108237000,
      "ocf": 108237000,
      "capex": null,
      "gross_margin": null,
      "op_margin": null,
      "fcf_margin": 0.37795019886234676,
      "rev_growth_yoy": 0.06454262943468046,
      "rev_growth_yoy_accel": 0.04217262160658819,
      "fcf_margin_change": -0.2302832855377664
    },
    {
      "date": "2025-03-31T00:00:00",
      "quarter_label": "2025-03 (Q1)",
      "revenue": 270844000,
      "gross_profit": null,
      "operating_income": null,
      "net_income": null,
      "opex": 196992000,
      "cogs": null,
      "rd": null,
      "sga": null,
      "fcf": 136921000,
      "ocf": 136921000,
      "capex": null,
      "gross_margin": null,
      "op_margin": null,
      "fcf_margin": 0.5055345512545968,
      "rev_growth_yoy": -0.02777289190576529,
      "rev_growth_yoy_accel": -0.09231552134044575,
      "fcf_margin_change": 0.12758435239225002
    },
    {
      "date": "2025-06-30T00:00:00",
      "quarter_label": "2025-06 (Q2)",
      "revenue": 289892000,
      "gross_profit": null,
      "operating_income": null,
      "net_income": null,
      "opex": 196736000,
      "cogs": null,
      "rd": null,
      "sga": null,
      "fcf": 143746000,
      "ocf": 143746000,
      "capex": null,
      "gross_margin": null,
      "op_margin": null,
      "fcf_margin": 0.4958605273688132,
      "rev_growth_yoy": 0.03263266258446698,
      "rev_growth_yoy_accel": 0.06040555449023227,
      "op_leverage_ratio": Infinity,
      "fcf_margin_change": -0.00967402388578359
    },
    {
      "date": "2025-09-30T00:00:00",
      "quarter_label": "2025-09 (Q3)",
      "revenue": 279744000,
      "gross_profit": null,
      "operating_income": null,
      "net_income": null,
      "opex": 199004000,
      "cogs": null,
      "rd": null,
      "sga": null,
      "fcf": 176568000,
      "ocf": 176568000,
      "capex": null,
      "gross_margin": null,
      "op_margin": null,
      "fcf_margin": 0.6311770761839396,
      "rev_growth_yoy": -0.03515924094116673,
      "rev_growth_yoy_accel": -0.06779190352563372,
      "fcf_margin_change": 0.1353165488151264
    }
  ],
  "signals": [
    {
      "quarter": "2025-09 (Q3)",
      "signal": "FCF MARGIN EXPANSION",
      "detail": "FCF margin: +49.6% -> +63.1% (+13.5%)",
      "severity": "MEDIUM"
    },
    {
      "quarter": "2025-09 (Q3)",
      "signal": "YoY REVENUE GROWTH DECELERATION",
      "detail": "YoY growth: -3.5% vs prior quarter YoY: +3.3% (decel: -6.8%)",
      "severity": "WARNING"
    },
    {
      "quarter": "2025-06 (Q2)",
      "signal": "YoY REVENUE GROWTH ACCELERATION",
      "detail": "YoY growth: +3.3% vs prior quarter YoY: -2.8% (accel: +6.0%)",
      "severity": "MEDIUM"
    },
    {
      "quarter": "2025-03 (Q1)",
      "signal": "FCF MARGIN EXPANSION",
      "detail": "FCF margin: +37.8% -> +50.6% (+12.8%)",
      "severity": "MEDIUM"
    },
    {
      "quarter": "2025-03 (Q1)",
      "signal": "YoY REVENUE GROWTH DECELERATION",
      "detail": "YoY growth: -2.8% vs prior quarter YoY: +6.5% (decel: -9.2%)",
      "severity": "WARNING"
    },
    {
      "quarter": "2024-09 (Q3)",
      "signal": "FCF MARGIN EXPANSION",
      "detail": "FCF margin: +31.6% -> +60.8% (+29.2%)",
      "severity": "MEDIUM"
    },
    {
      "quarter": "2024-03 (Q1)",
      "signal": "FCF MARGIN EXPANSION",
      "detail": "FCF margin: +41.0% -> +60.3% (+19.3%)",
      "severity": "MEDIUM"
    },
    {
      "quarter": "2024-03 (Q1)",
      "signal": "OPERATING LEVERAGE",
      "detail": "Rev growth +3.6% vs OpEx growth +1.5% (leverage: 2.4x)",
      "severity": "MEDIUM"
    },
    {
      "quarter": "2023-12 (Q4)",
      "signal": "YoY REVENUE GROWTH DECELERATION",
      "detail": "YoY growth: -5.4% vs prior quarter YoY: +2.8% (decel: -8.2%)",
      "severity": "WARNING"
    },
    {
      "quarter": "2023-09 (Q3)",
      "signal": "FCF MARGIN EXPANSION",
      "detail": "FCF margin: +35.7% -> +73.6% (+38.0%)",
      "severity": "MEDIUM"
    },
    {
      "quarter": "2023-06 (Q2)",
      "signal": "YoY REVENUE GROWTH DECELERATION",
      "detail": "YoY growth: +4.8% vs prior quarter YoY: +10.3% (decel: -5.5%)",
      "severity": "WARNING"
    },
    {
      "quarter": "2023-03 (Q1)",
      "signal": "FCF MARGIN EXPANSION",
      "detail": "FCF margin: +38.0% -> +62.2% (+24.2%)",
      "severity": "MEDIUM"
    },
    {
      "quarter": "2023-03 (Q1)",
      "signal": "OPERATING LEVERAGE",
      "detail": "Rev growth +3.0% vs OpEx growth +0.4% (leverage: 7.7x)",
      "severity": "MEDIUM"
    },
    {
      "quarter": "2022-12 (Q4)",
      "signal": "YoY REVENUE GROWTH DECELERATION",
      "detail": "YoY growth: +8.9% vs prior quarter YoY: +18.8% (decel: -9.9%)",
      "severity": "WARNING"
    },
    {
      "quarter": "2022-09 (Q3)",
      "signal": "FCF MARGIN EXPANSION",
      "detail": "FCF margin: +37.0% -> +74.4% (+37.4%)",
      "severity": "MEDIUM"
    },
    {
      "quarter": "2022-06 (Q2)",
      "signal": "YoY REVENUE GROWTH ACCELERATION",
      "detail": "YoY growth: +20.0% vs prior quarter YoY: +12.7% (accel: +7.3%)",
      "severity": "MEDIUM"
    },
    {
      "quarter": "2022-03 (Q1)",
      "signal": "FCF MARGIN EXPANSION",
      "detail": "FCF margin: +41.7% -> +67.3% (+25.6%)",
      "severity": "MEDIUM"
    },
    {
      "quarter": "2021-09 (Q3)",
      "signal": "FCF MARGIN EXPANSION",
      "detail": "FCF margin: +32.0% -> +82.3% (+50.3%)",
      "severity": "MEDIUM"
    },
    {
      "quarter": "2021-09 (Q3)",
      "signal": "OPERATING LEVERAGE",
      "detail": "Rev growth +2.8% vs OpEx growth +0.1% (leverage: 41.4x)",
      "severity": "MEDIUM"
    },
    {
      "quarter": "2021-03 (Q1)",
      "signal": "FCF MARGIN EXPANSION",
      "detail": "FCF margin: +39.9% -> +61.2% (+21.2%)",
      "severity": "MEDIUM"
    },
    {
      "quarter": "2021-03 (Q1)",
      "signal": "OPERATING LEVERAGE",
      "detail": "Rev growth +2.8% vs OpEx growth +1.4% (leverage: 2.0x)",
      "severity": "MEDIUM"
    }
  ],
  "data_quality": {
    "n_quarters": 20,
    "coverage": {
      "revenue": [
        20,
        20
      ],
      "gross_profit": [
        0,
        20
      ],
      "op_income": [
        0,
        20
      ],
      "fcf": [
        20,
        20
      ]
    },
    "gaps": [],
    "warnings": [
      "gross_profit: no data",
      "op_income: no data"
    ]
  },
  "market_cap": null,
  "source": "SEC EDGAR",
  "last_updated": "2026-02-02T21:11:33.878235"
}