{
  "ticker": "KRG",
  "name": "KITE REALTY GROUP TRUST",
  "sector": "Real Estate",
  "industry": "REIT - Retail",
  "quarters": [
    {
      "date": "2021-03-31T00:00:00",
      "quarter_label": "2021-03 (Q1)",
      "revenue": 69375000,
      "gross_profit": null,
      "operating_income": 38003000,
      "net_income": 24577000,
      "opex": 57579000,
      "cogs": null,
      "rd": null,
      "sga": null,
      "fcf": 31305000,
      "ocf": 31305000,
      "capex": null,
      "gross_margin": null,
      "op_margin": 0.547790990990991,
      "fcf_margin": 0.4512432432432432
    },
    {
      "date": "2021-06-30T00:00:00",
      "quarter_label": "2021-06 (Q2)",
      "revenue": 69532000,
      "gross_profit": null,
      "operating_income": 12088000,
      "net_income": -242000,
      "opex": 57494000,
      "cogs": null,
      "rd": null,
      "sga": null,
      "fcf": 36094000,
      "ocf": 36094000,
      "capex": null,
      "gross_margin": null,
      "op_margin": 0.1738480124259334,
      "fcf_margin": 0.5190991198297187,
      "fcf_margin_change": 0.06785587658647546
    },
    {
      "date": "2021-09-30T00:00:00",
      "quarter_label": "2021-09 (Q3)",
      "revenue": 71465000,
      "gross_profit": null,
      "operating_income": 5987000,
      "net_income": -6960000,
      "opex": 66738000,
      "cogs": null,
      "rd": null,
      "sga": null,
      "fcf": 36432000,
      "ocf": 36432000,
      "capex": null,
      "gross_margin": null,
      "op_margin": 0.08377527460994892,
      "fcf_margin": 0.5097880081158609,
      "op_leverage_ratio": 0.17290586320415857,
      "fcf_margin_change": -0.00931111171385779
    },
    {
      "date": "2021-12-31T00:00:00",
      "quarter_label": "2021-12 (Q4)",
      "revenue": 162950000,
      "gross_profit": null,
      "operating_income": -77604000,
      "net_income": -98181000,
      "opex": 244246000,
      "cogs": null,
      "rd": null,
      "sga": null,
      "fcf": -3480000,
      "ocf": -3480000,
      "capex": null,
      "gross_margin": null,
      "op_margin": -0.47624424670144216,
      "fcf_margin": -0.02135624424670144,
      "op_leverage_ratio": 0.4812954446345462,
      "fcf_margin_change": -0.5311442523625624
    },
    {
      "date": "2022-03-31T00:00:00",
      "quarter_label": "2022-03 (Q1)",
      "revenue": 194391000,
      "gross_profit": null,
      "operating_income": 9034000,
      "net_income": -16804000,
      "opex": 188525000,
      "cogs": null,
      "rd": null,
      "sga": null,
      "fcf": 49583000,
      "ocf": 49583000,
      "capex": null,
      "gross_margin": null,
      "op_margin": 0.04647334495938598,
      "fcf_margin": 0.25506839308404194,
      "incr_op_margin_yoy": -0.2317223395405388,
      "rev_growth_yoy": 1.8020324324324324,
      "op_leverage_ratio": null,
      "fcf_margin_change": 0.2764246373307434
    },
    {
      "date": "2022-06-30T00:00:00",
      "quarter_label": "2022-06 (Q2)",
      "revenue": 202605000,
      "gross_profit": null,
      "operating_income": 39014000,
      "net_income": 13131000,
      "opex": 187549000,
      "cogs": null,
      "rd": null,
      "sga": null,
      "fcf": 104739000,
      "ocf": 104739000,
      "capex": null,
      "gross_margin": null,
      "op_margin": 0.19256188149354656,
      "fcf_margin": 0.516961575479381,
      "incr_op_margin_yoy": 0.20234006898469262,
      "rev_growth_yoy": 1.913838232756141,
      "rev_growth_yoy_accel": 0.11180580032370857,
      "op_leverage_ratio": null,
      "fcf_margin_change": 0.2618931823953391
    },
    {
      "date": "2022-09-30T00:00:00",
      "quarter_label": "2022-09 (Q3)",
      "revenue": 200311000,
      "gross_profit": null,
      "operating_income": 18303000,
      "net_income": -7837000,
      "opex": 182008000,
      "cogs": null,
      "rd": null,
      "sga": null,
      "fcf": 108107000,
      "ocf": 108107000,
      "capex": null,
      "gross_margin": null,
      "op_margin": 0.09137291511699308,
      "fcf_margin": 0.5396957730728716,
      "incr_op_margin_yoy": 0.09558697980534903,
      "rev_growth_yoy": 1.8029245085006647,
      "rev_growth_yoy_accel": -0.1109137242554763,
      "fcf_margin_change": 0.0227341975934906
    },
    {
      "date": "2022-12-31T00:00:00",
      "quarter_label": "2022-12 (Q4)",
      "revenue": 204689000,
      "gross_profit": null,
      "operating_income": 25318000,
      "net_income": null,
      "opex": 179314000,
      "cogs": null,
      "rd": null,
      "sga": null,
      "fcf": 116854000,
      "ocf": 116854000,
      "capex": null,
      "gross_margin": null,
      "op_margin": 0.1236900859352481,
      "fcf_margin": 0.570885587403329,
      "incr_op_margin_yoy": 2.4658472891061116,
      "rev_growth_yoy": 0.2561460570727217,
      "rev_growth_yoy_accel": -1.546778451427943,
      "op_leverage_ratio": null,
      "fcf_margin_change": 0.03118981433045731
    },
    {
      "date": "2023-03-31T00:00:00",
      "quarter_label": "2023-03 (Q1)",
      "revenue": 206750000,
      "gross_profit": null,
      "operating_income": 30798000,
      "net_income": 5391000,
      "opex": 175952000,
      "cogs": null,
      "rd": null,
      "sga": null,
      "fcf": 63603000,
      "ocf": 63603000,
      "capex": null,
      "gross_margin": null,
      "op_margin": 0.14896251511487305,
      "fcf_margin": 0.3076324062877872,
      "incr_op_margin_yoy": 1.7609838983736548,
      "rev_growth_yoy": 0.06357804630872828,
      "rev_growth_yoy_accel": -0.19256801076399344,
      "op_leverage_ratio": null,
      "fcf_margin_change": -0.26325318111554175
    },
    {
      "date": "2023-06-30T00:00:00",
      "quarter_label": "2023-06 (Q2)",
      "revenue": 208759000,
      "gross_profit": null,
      "operating_income": 59309000,
      "net_income": 32058000,
      "opex": 177890000,
      "cogs": null,
      "rd": null,
      "sga": null,
      "fcf": 116822000,
      "ocf": 116822000,
      "capex": null,
      "gross_margin": null,
      "op_margin": 0.2841027213197994,
      "fcf_margin": 0.5596022207425788,
      "incr_op_margin_yoy": 3.2978550536236595,
      "rev_growth_yoy": 0.030374373781496013,
      "rev_growth_yoy_accel": -0.03320367252723226,
      "fcf_margin_change": 0.2519698144547916
    },
    {
      "date": "2023-09-30T00:00:00",
      "quarter_label": "2023-09 (Q3)",
      "revenue": 207219000,
      "gross_profit": null,
      "operating_income": 26826000,
      "net_income": 2070000,
      "opex": 174421000,
      "cogs": null,
      "rd": null,
      "sga": null,
      "fcf": 110752000,
      "ocf": 110752000,
      "capex": null,
      "gross_margin": null,
      "op_margin": 0.12945724089007282,
      "fcf_margin": 0.5344683643874355,
      "incr_op_margin_yoy": 1.2337869137232194,
      "rev_growth_yoy": 0.03448637368891374,
      "rev_growth_yoy_accel": 0.004111999907417726,
      "fcf_margin_change": -0.025133856355143314
    },
    {
      "date": "2023-12-31T00:00:00",
      "quarter_label": "2023-12 (Q4)",
      "revenue": 200276000,
      "gross_profit": null,
      "operating_income": 35308000,
      "net_income": null,
      "opex": 165101000,
      "cogs": null,
      "rd": null,
      "sga": null,
      "fcf": 103471000,
      "ocf": 103471000,
      "capex": null,
      "gross_margin": null,
      "op_margin": 0.17629671053945556,
      "fcf_margin": 0.5166420339930895,
      "incr_op_margin_yoy": -2.263766145479266,
      "rev_growth_yoy": -0.02155953666293743,
      "rev_growth_yoy_accel": -0.05604591035185117,
      "fcf_margin_change": -0.017826330394346
    },
    {
      "date": "2024-03-31T00:00:00",
      "quarter_label": "2024-03 (Q1)",
      "revenue": 207439000,
      "gross_profit": null,
      "operating_income": 39425000,
      "net_income": 14156000,
      "opex": 167778000,
      "cogs": null,
      "rd": null,
      "sga": null,
      "fcf": 53581000,
      "ocf": 53581000,
      "capex": null,
      "gross_margin": null,
      "op_margin": 0.19005587184666337,
      "fcf_margin": 0.25829762002323575,
      "rev_growth_yoy": 0.0033325272067714633,
      "rev_growth_yoy_accel": 0.024892063869708894,
      "op_leverage_ratio": 2.2058063104145265,
      "fcf_margin_change": -0.25834441396985375
    },
    {
      "date": "2024-06-30T00:00:00",
      "quarter_label": "2024-06 (Q2)",
      "revenue": 212434000,
      "gross_profit": null,
      "operating_income": -22311000,
      "net_income": -48638000,
      "opex": 233515000,
      "cogs": null,
      "rd": null,
      "sga": null,
      "fcf": 142105000,
      "ocf": 142105000,
      "capex": null,
      "gross_margin": null,
      "op_margin": -0.1050255608800851,
      "fcf_margin": 0.6689371757816546,
      "incr_op_margin_yoy": -22.20952380952381,
      "rev_growth_yoy": 0.01760403144295575,
      "rev_growth_yoy_accel": 0.014271504236184288,
      "op_leverage_ratio": 0.06145683845169422,
      "fcf_margin_change": 0.4106395557584188
    },
    {
      "date": "2024-09-30T00:00:00",
      "quarter_label": "2024-09 (Q3)",
      "revenue": 207253000,
      "gross_profit": null,
      "operating_income": 44964000,
      "net_income": 16729000,
      "opex": 162891000,
      "cogs": null,
      "rd": null,
      "sga": null,
      "fcf": 112363000,
      "ocf": 112363000,
      "capex": null,
      "gross_margin": null,
      "op_margin": 0.21695222747077245,
      "fcf_margin": 0.5421537927074638,
      "rev_growth_yoy": 0.0001640776183651113,
      "rev_growth_yoy_accel": -0.01743995382459064,
      "fcf_margin_change": -0.1267833830741908
    },
    {
      "date": "2024-12-31T00:00:00",
      "quarter_label": "2024-12 (Q4)",
      "revenue": 214716000,
      "gross_profit": null,
      "operating_income": 49312000,
      "net_income": null,
      "opex": 165404000,
      "cogs": null,
      "rd": null,
      "sga": null,
      "fcf": 110979000,
      "ocf": 110979000,
      "capex": null,
      "gross_margin": null,
      "op_margin": 0.22966150636189198,
      "fcf_margin": 0.5168641368132789,
      "incr_op_margin_yoy": 0.9698060941828255,
      "rev_growth_yoy": 0.07210050130819469,
      "rev_growth_yoy_accel": 0.07193642368982958,
      "op_leverage_ratio": 2.3340879514552006,
      "fcf_margin_change": -0.02528965589418486
    },
    {
      "date": "2025-03-31T00:00:00",
      "quarter_label": "2025-03 (Q1)",
      "revenue": 221762000,
      "gross_profit": null,
      "operating_income": 53777000,
      "net_income": 23730000,
      "opex": 168076000,
      "cogs": null,
      "rd": null,
      "sga": null,
      "fcf": 74060000,
      "ocf": 74060000,
      "capex": null,
      "gross_margin": null,
      "op_margin": 0.24249871483843038,
      "fcf_margin": 0.333961634545143,
      "incr_op_margin_yoy": 1.0020247154925643,
      "rev_growth_yoy": 0.06904680412072947,
      "rev_growth_yoy_accel": -0.003053697187465218,
      "op_leverage_ratio": 2.031364156502286,
      "fcf_margin_change": -0.18290250226813592
    },
    {
      "date": "2025-06-30T00:00:00",
      "quarter_label": "2025-06 (Q2)",
      "revenue": 213395000,
      "gross_profit": null,
      "operating_income": null,
      "net_income": 110318000,
      "opex": 166809000,
      "cogs": null,
      "rd": null,
      "sga": null,
      "fcf": 132834000,
      "ocf": 132834000,
      "capex": null,
      "gross_margin": null,
      "op_margin": null,
      "fcf_margin": 0.6224794395370088,
      "rev_growth_yoy": 0.004523757967180395,
      "rev_growth_yoy_accel": -0.06452304615354908,
      "fcf_margin_change": 0.2885178049918658
    },
    {
      "date": "2025-09-30T00:00:00",
      "quarter_label": "2025-09 (Q3)",
      "revenue": 205055000,
      "gross_profit": null,
      "operating_income": null,
      "net_income": -16207000,
      "opex": 197072000,
      "cogs": null,
      "rd": null,
      "sga": null,
      "fcf": 116181000,
      "ocf": 116181000,
      "capex": null,
      "gross_margin": null,
      "op_margin": null,
      "fcf_margin": 0.5665845748701568,
      "rev_growth_yoy": -0.01060539533806507,
      "rev_growth_yoy_accel": -0.015129153305245465,
      "fcf_margin_change": -0.05589486466685201
    },
    {
      "date": "2025-12-31T00:00:00",
      "quarter_label": "2025-12 (Q4)",
      "revenue": 204153000,
      "gross_profit": null,
      "operating_income": null,
      "net_income": null,
      "opex": 169282000,
      "cogs": null,
      "rd": null,
      "sga": null,
      "fcf": 106584000,
      "ocf": 106584000,
      "capex": null,
      "gross_margin": null,
      "op_margin": null,
      "fcf_margin": 0.5220790289635714,
      "rev_growth_yoy": -0.04919521600625943,
      "rev_growth_yoy_accel": -0.03858982066819436,
      "fcf_margin_change": -0.0445055459065854
    }
  ],
  "signals": [
    {
      "quarter": "2025-06 (Q2)",
      "signal": "FCF MARGIN EXPANSION",
      "detail": "FCF margin: +33.4% -> +62.2% (+28.9%)",
      "severity": "MEDIUM"
    },
    {
      "quarter": "2025-06 (Q2)",
      "signal": "YoY REVENUE GROWTH DECELERATION",
      "detail": "YoY growth: +0.5% vs prior quarter YoY: +6.9% (decel: -6.5%)",
      "severity": "WARNING"
    },
    {
      "quarter": "2025-03 (Q1)",
      "signal": "OPERATING LEVERAGE",
      "detail": "Rev growth +3.3% vs OpEx growth +1.6% (leverage: 2.0x)",
      "severity": "MEDIUM"
    },
    {
      "quarter": "2025-03 (Q1)",
      "signal": "INCREMENTAL MARGIN (YoY)",
      "detail": "YoY Incr OPM: +100.2% vs year-ago OPM: +19.0%",
      "severity": "HIGH"
    },
    {
      "quarter": "2024-12 (Q4)",
      "signal": "OPERATING LEVERAGE",
      "detail": "Rev growth +3.6% vs OpEx growth +1.5% (leverage: 2.3x)",
      "severity": "MEDIUM"
    },
    {
      "quarter": "2024-12 (Q4)",
      "signal": "YoY REVENUE GROWTH ACCELERATION",
      "detail": "YoY growth: +7.2% vs prior quarter YoY: +0.0% (accel: +7.2%)",
      "severity": "MEDIUM"
    },
    {
      "quarter": "2024-12 (Q4)",
      "signal": "INCREMENTAL MARGIN (YoY)",
      "detail": "YoY Incr OPM: +97.0% vs year-ago OPM: +17.6%",
      "severity": "HIGH"
    },
    {
      "quarter": "2024-09 (Q3)",
      "signal": "OP MARGIN TURNED POSITIVE (QoQ)",
      "detail": "Op margin: -10.5% -> +21.7%",
      "severity": "HIGH"
    },
    {
      "quarter": "2024-06 (Q2)",
      "signal": "FCF MARGIN EXPANSION",
      "detail": "FCF margin: +25.8% -> +66.9% (+41.1%)",
      "severity": "MEDIUM"
    },
    {
      "quarter": "2024-03 (Q1)",
      "signal": "OPERATING LEVERAGE",
      "detail": "Rev growth +3.6% vs OpEx growth +1.6% (leverage: 2.2x)",
      "severity": "MEDIUM"
    },
    {
      "quarter": "2023-12 (Q4)",
      "signal": "YoY REVENUE GROWTH DECELERATION",
      "detail": "YoY growth: -2.2% vs prior quarter YoY: +3.4% (decel: -5.6%)",
      "severity": "WARNING"
    },
    {
      "quarter": "2023-09 (Q3)",
      "signal": "INCREMENTAL MARGIN (YoY)",
      "detail": "YoY Incr OPM: +123.4% vs year-ago OPM: +9.1%",
      "severity": "HIGH"
    },
    {
      "quarter": "2023-06 (Q2)",
      "signal": "FCF MARGIN EXPANSION",
      "detail": "FCF margin: +30.8% -> +56.0% (+25.2%)",
      "severity": "MEDIUM"
    },
    {
      "quarter": "2023-06 (Q2)",
      "signal": "INCREMENTAL MARGIN (YoY)",
      "detail": "YoY Incr OPM: +329.8% vs year-ago OPM: +19.3%",
      "severity": "HIGH"
    },
    {
      "quarter": "2023-03 (Q1)",
      "signal": "YoY REVENUE GROWTH DECELERATION",
      "detail": "YoY growth: +6.4% vs prior quarter YoY: +25.6% (decel: -19.3%)",
      "severity": "WARNING"
    },
    {
      "quarter": "2023-03 (Q1)",
      "signal": "INCREMENTAL MARGIN (YoY)",
      "detail": "YoY Incr OPM: +176.1% vs year-ago OPM: +4.6%",
      "severity": "HIGH"
    },
    {
      "quarter": "2022-12 (Q4)",
      "signal": "YoY REVENUE GROWTH DECELERATION",
      "detail": "YoY growth: +25.6% vs prior quarter YoY: +180.3% (decel: -154.7%)",
      "severity": "WARNING"
    },
    {
      "quarter": "2022-12 (Q4)",
      "signal": "OP MARGIN TURNED POSITIVE (YoY)",
      "detail": "Op margin: -47.6% (year-ago) -> +12.4%",
      "severity": "HIGH"
    },
    {
      "quarter": "2022-09 (Q3)",
      "signal": "YoY REVENUE GROWTH DECELERATION",
      "detail": "YoY growth: +180.3% vs prior quarter YoY: +191.4% (decel: -11.1%)",
      "severity": "WARNING"
    },
    {
      "quarter": "2022-06 (Q2)",
      "signal": "FCF MARGIN EXPANSION",
      "detail": "FCF margin: +25.5% -> +51.7% (+26.2%)",
      "severity": "MEDIUM"
    },
    {
      "quarter": "2022-06 (Q2)",
      "signal": "YoY REVENUE GROWTH ACCELERATION",
      "detail": "YoY growth: +191.4% vs prior quarter YoY: +180.2% (accel: +11.2%)",
      "severity": "MEDIUM"
    },
    {
      "quarter": "2022-03 (Q1)",
      "signal": "FCF TURNED POSITIVE",
      "detail": "FCF margin: -2.1% -> +25.5%",
      "severity": "HIGH"
    },
    {
      "quarter": "2022-03 (Q1)",
      "signal": "OP MARGIN TURNED POSITIVE (QoQ)",
      "detail": "Op margin: -47.6% -> +4.6%",
      "severity": "HIGH"
    },
    {
      "quarter": "2021-06 (Q2)",
      "signal": "FCF MARGIN EXPANSION",
      "detail": "FCF margin: +45.1% -> +51.9% (+6.8%)",
      "severity": "MEDIUM"
    }
  ],
  "data_quality": {
    "n_quarters": 20,
    "coverage": {
      "revenue": [
        20,
        20
      ],
      "gross_profit": [
        0,
        20
      ],
      "op_income": [
        17,
        20
      ],
      "fcf": [
        20,
        20
      ]
    },
    "gaps": [],
    "warnings": [
      "gross_profit: no data"
    ]
  },
  "market_cap": null,
  "source": "SEC EDGAR",
  "last_updated": "2026-02-24T10:39:51.193545"
}