{
  "ticker": "KRP",
  "name": "Kimbell Royalty Partners,\u00a0LP",
  "quarters": [
    {
      "date": "2020-12-31T00:00:00",
      "quarter_label": "2020-12 (Q4)",
      "revenue": 23287347,
      "gross_profit": null,
      "operating_income": -92117150,
      "net_income": -62225565,
      "opex": 115404497,
      "cogs": null,
      "rd": null,
      "sga": 6402190,
      "fcf": 14320991,
      "ocf": 14320991,
      "capex": null,
      "gross_margin": null,
      "op_margin": -3.9556738687322346,
      "fcf_margin": 0.6149687639386315
    },
    {
      "date": "2021-03-31T00:00:00",
      "quarter_label": "2021-03 (Q1)",
      "revenue": 22419090,
      "gross_profit": null,
      "operating_income": 1984441,
      "net_income": null,
      "opex": 20434649,
      "cogs": null,
      "rd": null,
      "sga": 6796385,
      "fcf": 15480993,
      "ocf": 15480993,
      "capex": null,
      "gross_margin": null,
      "op_margin": 0.08851568016364625,
      "fcf_margin": 0.6905272693940744,
      "fcf_margin_change": 0.07555850545544285
    },
    {
      "date": "2021-06-30T00:00:00",
      "quarter_label": "2021-06 (Q2)",
      "revenue": 25724790,
      "gross_profit": null,
      "operating_income": 5587573,
      "net_income": null,
      "opex": 20137217,
      "cogs": null,
      "rd": null,
      "sga": 6684830,
      "fcf": 28479121,
      "ocf": 28479121,
      "capex": null,
      "gross_margin": null,
      "op_margin": 0.21720577699565283,
      "fcf_margin": 1.1070691344807868,
      "op_leverage_ratio": Infinity,
      "fcf_margin_change": 0.4165418650867124
    },
    {
      "date": "2021-09-30T00:00:00",
      "quarter_label": "2021-09 (Q3)",
      "revenue": 31794314,
      "gross_profit": null,
      "operating_income": 10098233,
      "net_income": null,
      "opex": 21696081,
      "cogs": null,
      "rd": null,
      "sga": 6766628,
      "fcf": 25122540,
      "ocf": 25122540,
      "capex": null,
      "gross_margin": null,
      "op_margin": 0.31761128735156857,
      "fcf_margin": 0.7901582654055691,
      "op_leverage_ratio": 3.04785300294717,
      "fcf_margin_change": -0.3169108690752177
    },
    {
      "date": "2021-12-31T00:00:00",
      "quarter_label": "2021-12 (Q4)",
      "revenue": 55677022,
      "gross_profit": null,
      "operating_income": 31640445,
      "net_income": null,
      "opex": 24036577,
      "cogs": null,
      "rd": null,
      "sga": 6729676,
      "fcf": 22359827,
      "ocf": 22359827,
      "capex": null,
      "gross_margin": null,
      "op_margin": 0.5682855128278952,
      "fcf_margin": 0.40159883192028484,
      "incr_op_margin_yoy": 3.820896473953505,
      "rev_growth_yoy": 1.3908701150027953,
      "op_leverage_ratio": 6.963178047165385,
      "fcf_margin_change": -0.38855943348528427
    },
    {
      "date": "2022-03-31T00:00:00",
      "quarter_label": "2022-03 (Q1)",
      "revenue": 33754513,
      "gross_profit": null,
      "operating_income": 8137654,
      "net_income": null,
      "opex": 25616859,
      "cogs": null,
      "rd": null,
      "sga": 6589259,
      "fcf": 36032473,
      "ocf": 36032473,
      "capex": null,
      "gross_margin": null,
      "op_margin": 0.24108343675407196,
      "fcf_margin": 1.0674860869715406,
      "incr_op_margin_yoy": 0.542830470464137,
      "rev_growth_yoy": 0.5056147684852508,
      "rev_growth_yoy_accel": -0.8852553465175446,
      "fcf_margin_change": 0.6658872550512558
    },
    {
      "date": "2022-06-30T00:00:00",
      "quarter_label": "2022-06 (Q2)",
      "revenue": 72710664,
      "gross_profit": null,
      "operating_income": 43914230,
      "net_income": null,
      "opex": 28796434,
      "cogs": null,
      "rd": null,
      "sga": 7866176,
      "fcf": 40423167,
      "ocf": 40423167,
      "capex": null,
      "gross_margin": null,
      "op_margin": 0.603958588522861,
      "fcf_margin": 0.5559455075255536,
      "incr_op_margin_yoy": 0.8157059502607102,
      "rev_growth_yoy": 1.8264823153075302,
      "rev_growth_yoy_accel": 1.3208675468222795,
      "op_leverage_ratio": 9.298245279387787,
      "fcf_margin_change": -0.511540579445987
    },
    {
      "date": "2022-09-30T00:00:00",
      "quarter_label": "2022-09 (Q3)",
      "revenue": 72922972,
      "gross_profit": null,
      "operating_income": 45998909,
      "net_income": null,
      "opex": 26924063,
      "cogs": null,
      "rd": null,
      "sga": 7482814,
      "fcf": 51550250,
      "ocf": 51550250,
      "capex": null,
      "gross_margin": null,
      "op_margin": 0.6307876343822081,
      "fcf_margin": 0.7069137280910602,
      "incr_op_margin_yoy": 0.8728871241069913,
      "rev_growth_yoy": 1.2935853247218985,
      "rev_growth_yoy_accel": -0.5328969905856318,
      "fcf_margin_change": 0.15096822056550663
    },
    {
      "date": "2022-12-31T00:00:00",
      "quarter_label": "2022-12 (Q4)",
      "revenue": 68671036,
      "gross_profit": null,
      "operating_income": 38866986,
      "net_income": null,
      "opex": 29804050,
      "cogs": null,
      "rd": null,
      "sga": 7190410,
      "fcf": 38630603,
      "ocf": 38630603,
      "capex": null,
      "gross_margin": null,
      "op_margin": 0.5659880535368652,
      "fcf_margin": 0.5625458016972396,
      "incr_op_margin_yoy": 0.556143852084506,
      "rev_growth_yoy": 0.2333819865581173,
      "rev_growth_yoy_accel": -1.0602033381637812,
      "fcf_margin_change": -0.14436792639382068
    },
    {
      "date": "2023-03-31T00:00:00",
      "quarter_label": "2023-03 (Q1)",
      "revenue": 66916472,
      "gross_profit": null,
      "operating_income": 33327088,
      "net_income": null,
      "opex": 33589384,
      "cogs": null,
      "rd": null,
      "sga": 8278267,
      "fcf": 47053606,
      "ocf": 47053606,
      "capex": null,
      "gross_margin": null,
      "op_margin": 0.4980401238128633,
      "fcf_margin": 0.7031692585347297,
      "incr_op_margin_yoy": 0.7595882378360096,
      "rev_growth_yoy": 0.9824451918473834,
      "rev_growth_yoy_accel": 0.7490632052892662,
      "fcf_margin_change": 0.1406234568374901
    },
    {
      "date": "2023-06-30T00:00:00",
      "quarter_label": "2023-06 (Q2)",
      "revenue": 60752262,
      "gross_profit": null,
      "operating_income": 24638361,
      "net_income": null,
      "opex": 36113901,
      "cogs": null,
      "rd": null,
      "sga": 7925159,
      "fcf": 31518529,
      "ocf": 31518529,
      "capex": null,
      "gross_margin": null,
      "op_margin": 0.40555462774373735,
      "fcf_margin": 0.5188042051833395,
      "incr_op_margin_yoy": 1.6119101030388507,
      "rev_growth_yoy": -0.16446558650599039,
      "rev_growth_yoy_accel": -1.1469107783533738,
      "fcf_margin_change": -0.1843650533513902
    },
    {
      "date": "2023-09-30T00:00:00",
      "quarter_label": "2023-09 (Q3)",
      "revenue": 67204273,
      "gross_profit": null,
      "operating_income": 25290058,
      "net_income": null,
      "opex": 41914215,
      "cogs": null,
      "rd": null,
      "sga": 10358674,
      "fcf": 36386578,
      "ocf": 36386578,
      "capex": null,
      "gross_margin": null,
      "op_margin": 0.37631622024986416,
      "fcf_margin": 0.541432506828844,
      "incr_op_margin_yoy": 3.6212521414398626,
      "rev_growth_yoy": -0.07842109068182246,
      "rev_growth_yoy_accel": 0.08604449582416793,
      "op_leverage_ratio": 0.6612345608697221,
      "fcf_margin_change": 0.022628301645504556
    },
    {
      "date": "2023-12-31T00:00:00",
      "quarter_label": "2023-12 (Q4)",
      "revenue": 99195605,
      "gross_profit": null,
      "operating_income": 26619283,
      "net_income": null,
      "opex": 72576322,
      "cogs": null,
      "rd": null,
      "sga": 9115751,
      "fcf": 59308954,
      "ocf": 59308954,
      "capex": null,
      "gross_margin": null,
      "op_margin": 0.26835143552983015,
      "fcf_margin": 0.5978990097393931,
      "incr_op_margin_yoy": -0.40124081686460505,
      "rev_growth_yoy": 0.44450427397076114,
      "rev_growth_yoy_accel": 0.5229253646525835,
      "op_leverage_ratio": 0.6507209325504433,
      "fcf_margin_change": 0.05646650291054911
    },
    {
      "date": "2024-03-31T00:00:00",
      "quarter_label": "2024-03 (Q1)",
      "revenue": 82233944,
      "gross_profit": null,
      "operating_income": 17560837,
      "net_income": null,
      "opex": 64673107,
      "cogs": null,
      "rd": null,
      "sga": 9447881,
      "fcf": 69045616,
      "ocf": 69045616,
      "capex": null,
      "gross_margin": null,
      "op_margin": 0.21354730353198187,
      "fcf_margin": 0.8396242797256568,
      "incr_op_margin_yoy": -1.0292985030427997,
      "rev_growth_yoy": 0.2289043570617411,
      "rev_growth_yoy_accel": -0.21559991690902006,
      "fcf_margin_change": 0.24172526998626365
    },
    {
      "date": "2024-06-30T00:00:00",
      "quarter_label": "2024-06 (Q2)",
      "revenue": 76572892,
      "gross_profit": null,
      "operating_income": 23892391,
      "net_income": null,
      "opex": 52680501,
      "cogs": null,
      "rd": null,
      "sga": 10252123,
      "fcf": 62883384,
      "ocf": 62883384,
      "capex": null,
      "gross_margin": null,
      "op_margin": 0.31202153106611147,
      "fcf_margin": 0.8212225287246563,
      "incr_op_margin_yoy": -0.047151725310559695,
      "rev_growth_yoy": 0.2604121966684961,
      "rev_growth_yoy_accel": 0.03150783960675499,
      "fcf_margin_change": -0.0184017510010005
    },
    {
      "date": "2024-09-30T00:00:00",
      "quarter_label": "2024-09 (Q3)",
      "revenue": 83785439,
      "gross_profit": null,
      "operating_income": 34204320,
      "net_income": null,
      "opex": 49581119,
      "cogs": null,
      "rd": null,
      "sga": 9472117,
      "fcf": 62417000,
      "ocf": 62417000,
      "capex": null,
      "gross_margin": null,
      "op_margin": 0.40823704462537935,
      "fcf_margin": 0.7449623794416116,
      "incr_op_margin_yoy": 0.5376136997844422,
      "rev_growth_yoy": 0.24672785315302792,
      "rev_growth_yoy_accel": -0.013684343515468156,
      "op_leverage_ratio": Infinity,
      "fcf_margin_change": -0.0762601492830447
    },
    {
      "date": "2024-12-31T00:00:00",
      "quarter_label": "2024-12 (Q4)",
      "revenue": 66715261,
      "gross_profit": null,
      "operating_income": -38663123,
      "net_income": null,
      "opex": 105378384,
      "cogs": null,
      "rd": null,
      "sga": 9370935,
      "fcf": 56570075,
      "ocf": 56570075,
      "capex": null,
      "gross_margin": null,
      "op_margin": -0.5795244209566983,
      "fcf_margin": 0.8479330538780325,
      "incr_op_margin_yoy": 2.009905005932203,
      "rev_growth_yoy": -0.3274373295066853,
      "rev_growth_yoy_accel": -0.5741651826597132,
      "fcf_margin_change": 0.10297067443642094
    },
    {
      "date": "2025-03-31T00:00:00",
      "quarter_label": "2025-03 (Q1)",
      "revenue": 84208766,
      "gross_profit": null,
      "operating_income": 33576732,
      "net_income": null,
      "opex": 50632034,
      "cogs": null,
      "rd": null,
      "sga": 9636743,
      "fcf": 54152677,
      "ocf": 54152677,
      "capex": null,
      "gross_margin": null,
      "op_margin": 0.3987320274946197,
      "fcf_margin": 0.6430764820850123,
      "incr_op_margin_yoy": 8.11004485467551,
      "rev_growth_yoy": 0.024014681820441447,
      "rev_growth_yoy_accel": 0.3514520113271268,
      "op_leverage_ratio": Infinity,
      "fcf_margin_change": -0.2048565717930202
    },
    {
      "date": "2025-06-30T00:00:00",
      "quarter_label": "2025-06 (Q2)",
      "revenue": 86548000,
      "gross_profit": null,
      "operating_income": 37786000,
      "net_income": null,
      "opex": 48762000,
      "cogs": null,
      "rd": null,
      "sga": 9573000,
      "fcf": 72321323,
      "ocf": 72321323,
      "capex": null,
      "gross_margin": null,
      "op_margin": 0.4365901002911679,
      "fcf_margin": 0.835620961778435,
      "incr_op_margin_yoy": 1.392827927276577,
      "rev_growth_yoy": 0.130269443134001,
      "rev_growth_yoy_accel": 0.10625476131355954,
      "op_leverage_ratio": Infinity,
      "fcf_margin_change": 0.1925444796934227
    },
    {
      "date": "2025-09-30T00:00:00",
      "quarter_label": "2025-09 (Q3)",
      "revenue": 80620000,
      "gross_profit": null,
      "operating_income": 28848000,
      "net_income": null,
      "opex": 51772000,
      "cogs": null,
      "rd": null,
      "sga": 10066000,
      "fcf": 62763000,
      "ocf": 62763000,
      "capex": null,
      "gross_margin": null,
      "op_margin": 0.3578268419746961,
      "fcf_margin": 0.7785040932771025,
      "incr_op_margin_yoy": 1.692125484016593,
      "rev_growth_yoy": -0.03778029974874274,
      "rev_growth_yoy_accel": -0.1680497428827437,
      "fcf_margin_change": -0.057116868501332574
    }
  ],
  "signals": [
    {
      "quarter": "2025-09 (Q3)",
      "signal": "YoY REVENUE GROWTH DECELERATION",
      "detail": "YoY growth: -3.8% vs prior quarter YoY: +13.0% (decel: -16.8%)",
      "severity": "WARNING"
    },
    {
      "quarter": "2025-09 (Q3)",
      "signal": "INCREMENTAL MARGIN (YoY)",
      "detail": "YoY Incr OPM: +169.2% vs year-ago OPM: +40.8%",
      "severity": "HIGH"
    },
    {
      "quarter": "2025-06 (Q2)",
      "signal": "FCF MARGIN EXPANSION",
      "detail": "FCF margin: +64.3% -> +83.6% (+19.3%)",
      "severity": "MEDIUM"
    },
    {
      "quarter": "2025-06 (Q2)",
      "signal": "YoY REVENUE GROWTH ACCELERATION",
      "detail": "YoY growth: +13.0% vs prior quarter YoY: +2.4% (accel: +10.6%)",
      "severity": "MEDIUM"
    },
    {
      "quarter": "2025-06 (Q2)",
      "signal": "INCREMENTAL MARGIN (YoY)",
      "detail": "YoY Incr OPM: +139.3% vs year-ago OPM: +31.2%",
      "severity": "HIGH"
    },
    {
      "quarter": "2025-03 (Q1)",
      "signal": "YoY REVENUE GROWTH ACCELERATION",
      "detail": "YoY growth: +2.4% vs prior quarter YoY: -32.7% (accel: +35.1%)",
      "severity": "HIGH"
    },
    {
      "quarter": "2025-03 (Q1)",
      "signal": "INCREMENTAL MARGIN (YoY)",
      "detail": "YoY Incr OPM: +811.0% vs year-ago OPM: +21.4%",
      "severity": "HIGH"
    },
    {
      "quarter": "2025-03 (Q1)",
      "signal": "OP MARGIN TURNED POSITIVE (QoQ)",
      "detail": "Op margin: -58.0% -> +39.9%",
      "severity": "HIGH"
    },
    {
      "quarter": "2024-12 (Q4)",
      "signal": "FCF MARGIN EXPANSION",
      "detail": "FCF margin: +74.5% -> +84.8% (+10.3%)",
      "severity": "MEDIUM"
    },
    {
      "quarter": "2024-12 (Q4)",
      "signal": "YoY REVENUE GROWTH DECELERATION",
      "detail": "YoY growth: -32.7% vs prior quarter YoY: +24.7% (decel: -57.4%)",
      "severity": "WARNING"
    },
    {
      "quarter": "2024-09 (Q3)",
      "signal": "INCREMENTAL MARGIN (YoY)",
      "detail": "YoY Incr OPM: +53.8% vs year-ago OPM: +37.6%",
      "severity": "MEDIUM"
    },
    {
      "quarter": "2024-03 (Q1)",
      "signal": "FCF MARGIN EXPANSION",
      "detail": "FCF margin: +59.8% -> +84.0% (+24.2%)",
      "severity": "MEDIUM"
    },
    {
      "quarter": "2024-03 (Q1)",
      "signal": "YoY REVENUE GROWTH DECELERATION",
      "detail": "YoY growth: +22.9% vs prior quarter YoY: +44.5% (decel: -21.6%)",
      "severity": "WARNING"
    },
    {
      "quarter": "2023-12 (Q4)",
      "signal": "FCF MARGIN EXPANSION",
      "detail": "FCF margin: +54.1% -> +59.8% (+5.6%)",
      "severity": "MEDIUM"
    },
    {
      "quarter": "2023-12 (Q4)",
      "signal": "YoY REVENUE GROWTH ACCELERATION",
      "detail": "YoY growth: +44.5% vs prior quarter YoY: -7.8% (accel: +52.3%)",
      "severity": "HIGH"
    },
    {
      "quarter": "2023-09 (Q3)",
      "signal": "YoY REVENUE GROWTH ACCELERATION",
      "detail": "YoY growth: -7.8% vs prior quarter YoY: -16.4% (accel: +8.6%)",
      "severity": "MEDIUM"
    },
    {
      "quarter": "2023-09 (Q3)",
      "signal": "INCREMENTAL MARGIN (YoY)",
      "detail": "YoY Incr OPM: +362.1% vs year-ago OPM: +63.1%",
      "severity": "HIGH"
    },
    {
      "quarter": "2023-06 (Q2)",
      "signal": "YoY REVENUE GROWTH DECELERATION",
      "detail": "YoY growth: -16.4% vs prior quarter YoY: +98.2% (decel: -114.7%)",
      "severity": "WARNING"
    },
    {
      "quarter": "2023-06 (Q2)",
      "signal": "INCREMENTAL MARGIN (YoY)",
      "detail": "YoY Incr OPM: +161.2% vs year-ago OPM: +60.4%",
      "severity": "HIGH"
    },
    {
      "quarter": "2023-03 (Q1)",
      "signal": "FCF MARGIN EXPANSION",
      "detail": "FCF margin: +56.3% -> +70.3% (+14.1%)",
      "severity": "MEDIUM"
    },
    {
      "quarter": "2023-03 (Q1)",
      "signal": "YoY REVENUE GROWTH ACCELERATION",
      "detail": "YoY growth: +98.2% vs prior quarter YoY: +23.3% (accel: +74.9%)",
      "severity": "HIGH"
    },
    {
      "quarter": "2023-03 (Q1)",
      "signal": "INCREMENTAL MARGIN (YoY)",
      "detail": "YoY Incr OPM: +76.0% vs year-ago OPM: +24.1%",
      "severity": "HIGH"
    },
    {
      "quarter": "2022-12 (Q4)",
      "signal": "YoY REVENUE GROWTH DECELERATION",
      "detail": "YoY growth: +23.3% vs prior quarter YoY: +129.4% (decel: -106.0%)",
      "severity": "WARNING"
    },
    {
      "quarter": "2022-09 (Q3)",
      "signal": "FCF MARGIN EXPANSION",
      "detail": "FCF margin: +55.6% -> +70.7% (+15.1%)",
      "severity": "MEDIUM"
    },
    {
      "quarter": "2022-09 (Q3)",
      "signal": "YoY REVENUE GROWTH DECELERATION",
      "detail": "YoY growth: +129.4% vs prior quarter YoY: +182.6% (decel: -53.3%)",
      "severity": "WARNING"
    },
    {
      "quarter": "2022-09 (Q3)",
      "signal": "INCREMENTAL MARGIN (YoY)",
      "detail": "YoY Incr OPM: +87.3% vs year-ago OPM: +31.8%",
      "severity": "HIGH"
    },
    {
      "quarter": "2022-06 (Q2)",
      "signal": "OPERATING LEVERAGE",
      "detail": "Rev growth +115.4% vs OpEx growth +12.4% (leverage: 9.3x)",
      "severity": "MEDIUM"
    },
    {
      "quarter": "2022-06 (Q2)",
      "signal": "YoY REVENUE GROWTH ACCELERATION",
      "detail": "YoY growth: +182.6% vs prior quarter YoY: +50.6% (accel: +132.1%)",
      "severity": "HIGH"
    },
    {
      "quarter": "2022-06 (Q2)",
      "signal": "INCREMENTAL MARGIN (YoY)",
      "detail": "YoY Incr OPM: +81.6% vs year-ago OPM: +21.7%",
      "severity": "HIGH"
    },
    {
      "quarter": "2022-03 (Q1)",
      "signal": "FCF MARGIN EXPANSION",
      "detail": "FCF margin: +40.2% -> +106.7% (+66.6%)",
      "severity": "MEDIUM"
    },
    {
      "quarter": "2022-03 (Q1)",
      "signal": "YoY REVENUE GROWTH DECELERATION",
      "detail": "YoY growth: +50.6% vs prior quarter YoY: +139.1% (decel: -88.5%)",
      "severity": "WARNING"
    },
    {
      "quarter": "2022-03 (Q1)",
      "signal": "INCREMENTAL MARGIN (YoY)",
      "detail": "YoY Incr OPM: +54.3% vs year-ago OPM: +8.9%",
      "severity": "HIGH"
    },
    {
      "quarter": "2021-12 (Q4)",
      "signal": "OPERATING LEVERAGE",
      "detail": "Rev growth +75.1% vs OpEx growth +10.8% (leverage: 7.0x)",
      "severity": "MEDIUM"
    },
    {
      "quarter": "2021-12 (Q4)",
      "signal": "OP MARGIN TURNED POSITIVE (YoY)",
      "detail": "Op margin: -395.6% (year-ago) -> +56.8%",
      "severity": "HIGH"
    },
    {
      "quarter": "2021-09 (Q3)",
      "signal": "OPERATING LEVERAGE",
      "detail": "Rev growth +23.6% vs OpEx growth +7.7% (leverage: 3.0x)",
      "severity": "MEDIUM"
    },
    {
      "quarter": "2021-06 (Q2)",
      "signal": "FCF MARGIN EXPANSION",
      "detail": "FCF margin: +69.1% -> +110.7% (+41.7%)",
      "severity": "MEDIUM"
    },
    {
      "quarter": "2021-03 (Q1)",
      "signal": "FCF MARGIN EXPANSION",
      "detail": "FCF margin: +61.5% -> +69.1% (+7.6%)",
      "severity": "MEDIUM"
    },
    {
      "quarter": "2021-03 (Q1)",
      "signal": "OP MARGIN TURNED POSITIVE (QoQ)",
      "detail": "Op margin: -395.6% -> +8.9%",
      "severity": "HIGH"
    }
  ],
  "data_quality": {
    "n_quarters": 20,
    "coverage": {
      "revenue": [
        20,
        20
      ],
      "gross_profit": [
        0,
        20
      ],
      "op_income": [
        20,
        20
      ],
      "fcf": [
        20,
        20
      ]
    },
    "gaps": [],
    "warnings": [
      "gross_profit: no data"
    ]
  },
  "market_cap": null,
  "source": "SEC EDGAR",
  "last_updated": "2026-02-02T21:50:26.179747"
}