{
  "ticker": "KRUS",
  "name": "KURA SUSHI USA, INC.",
  "quarters": [
    {
      "date": "2021-02-28T00:00:00",
      "quarter_label": "2021-02 (Q1)",
      "revenue": 9082000,
      "gross_profit": null,
      "operating_income": -3802000,
      "net_income": -3881000,
      "opex": 12884000,
      "cogs": null,
      "rd": null,
      "sga": null,
      "fcf": -9475000,
      "ocf": -6201000,
      "capex": -3274000,
      "gross_margin": null,
      "op_margin": -0.41863025765249945,
      "fcf_margin": -1.0432724069588197
    },
    {
      "date": "2021-05-31T00:00:00",
      "quarter_label": "2021-05 (Q2)",
      "revenue": 18471000,
      "gross_profit": null,
      "operating_income": 866000,
      "net_income": 770000,
      "opex": 17605000,
      "cogs": null,
      "rd": null,
      "sga": null,
      "fcf": -2384000,
      "ocf": -765000,
      "capex": -1619000,
      "gross_margin": null,
      "op_margin": 0.046884305126955766,
      "fcf_margin": -0.12906718640030318,
      "op_leverage_ratio": 2.8213343548187497,
      "fcf_margin_change": 0.9142052205585165
    },
    {
      "date": "2021-08-31T00:00:00",
      "quarter_label": "2021-08 (Q3)",
      "revenue": 27924000,
      "gross_profit": null,
      "operating_income": -762000,
      "net_income": -834000,
      "opex": 28686000,
      "cogs": null,
      "rd": null,
      "sga": null,
      "fcf": -113000,
      "ocf": 2551000,
      "capex": -2664000,
      "gross_margin": null,
      "op_margin": -0.027288354103996562,
      "fcf_margin": -0.0040466981807763935,
      "op_leverage_ratio": 0.8130857019795044,
      "fcf_margin_change": 0.1250204882195268
    },
    {
      "date": "2021-11-30T00:00:00",
      "quarter_label": "2021-11 (Q4)",
      "revenue": 29832000,
      "gross_profit": null,
      "operating_income": -1264000,
      "net_income": -1275000,
      "opex": 31096000,
      "cogs": null,
      "rd": null,
      "sga": null,
      "fcf": 4540000,
      "ocf": 10576000,
      "capex": -6036000,
      "gross_margin": null,
      "op_margin": -0.04237060874229016,
      "fcf_margin": 0.15218557253955484,
      "op_leverage_ratio": 0.8133054687263176,
      "fcf_margin_change": 0.15623227072033122
    },
    {
      "date": "2022-02-28T00:00:00",
      "quarter_label": "2022-02 (Q1)",
      "revenue": 31290000,
      "gross_profit": null,
      "operating_income": -1878000,
      "net_income": -1879000,
      "opex": 33168000,
      "cogs": null,
      "rd": null,
      "sga": null,
      "fcf": -7116000,
      "ocf": -854000,
      "capex": -6262000,
      "gross_margin": null,
      "op_margin": -0.060019175455417066,
      "fcf_margin": -0.2274209012464046,
      "incr_op_margin_yoy": 0.08663544668587896,
      "rev_growth_yoy": 2.4452763708434264,
      "op_leverage_ratio": 0.7334827932173065,
      "fcf_margin_change": -0.37960647378595946
    },
    {
      "date": "2022-05-31T00:00:00",
      "quarter_label": "2022-05 (Q2)",
      "revenue": 37969000,
      "gross_profit": null,
      "operating_income": 473000,
      "net_income": 477000,
      "opex": 37496000,
      "cogs": null,
      "rd": null,
      "sga": null,
      "fcf": 118000,
      "ocf": 7277000,
      "capex": -7159000,
      "gross_margin": null,
      "op_margin": 0.01245753114382786,
      "fcf_margin": 0.0031077984671705867,
      "incr_op_margin_yoy": -0.020155913427018154,
      "rev_growth_yoy": 1.0556006713226138,
      "rev_growth_yoy_accel": -1.3896756995208126,
      "op_leverage_ratio": 1.635829037168838,
      "fcf_margin_change": 0.23052869971357517
    },
    {
      "date": "2022-08-31T00:00:00",
      "quarter_label": "2022-08 (Q3)",
      "revenue": 41998000,
      "gross_profit": null,
      "operating_income": 1915000,
      "net_income": 1913000,
      "opex": 40083000,
      "cogs": null,
      "rd": null,
      "sga": null,
      "fcf": -614000,
      "ocf": 6695000,
      "capex": -7309000,
      "gross_margin": null,
      "op_margin": 0.04559740940044764,
      "fcf_margin": -0.014619743797323682,
      "incr_op_margin_yoy": 0.19020889583629388,
      "rev_growth_yoy": 0.504010886692451,
      "rev_growth_yoy_accel": -0.5515897846301628,
      "op_leverage_ratio": 1.53800100773928,
      "fcf_margin_change": -0.01772754226449427
    },
    {
      "date": "2022-11-30T00:00:00",
      "quarter_label": "2022-11 (Q4)",
      "revenue": 39318000,
      "gross_profit": null,
      "operating_income": -2156000,
      "net_income": -2088000,
      "opex": 41474000,
      "cogs": null,
      "rd": null,
      "sga": null,
      "fcf": -7815000,
      "ocf": 529000,
      "capex": -8344000,
      "gross_margin": null,
      "op_margin": -0.05483493565288163,
      "fcf_margin": -0.198763924919884,
      "incr_op_margin_yoy": -0.09403331224963103,
      "rev_growth_yoy": 0.3179806918744972,
      "rev_growth_yoy_accel": -0.1860301948179538,
      "fcf_margin_change": -0.18414418112256034
    },
    {
      "date": "2023-02-28T00:00:00",
      "quarter_label": "2023-02 (Q1)",
      "revenue": 43944000,
      "gross_profit": null,
      "operating_income": -1049000,
      "net_income": -1015000,
      "opex": 44993000,
      "cogs": null,
      "rd": null,
      "sga": null,
      "fcf": -4810000,
      "ocf": 1148000,
      "capex": -5958000,
      "gross_margin": null,
      "op_margin": -0.023871290733661024,
      "fcf_margin": -0.10945749135263062,
      "incr_op_margin_yoy": 0.06551288130235498,
      "rev_growth_yoy": 0.40441035474592524,
      "rev_growth_yoy_accel": 0.08642966287142806,
      "op_leverage_ratio": 1.386662805436269,
      "fcf_margin_change": 0.08930643356725339
    },
    {
      "date": "2023-05-31T00:00:00",
      "quarter_label": "2023-05 (Q2)",
      "revenue": 49238000,
      "gross_profit": null,
      "operating_income": 1308000,
      "net_income": 1680000,
      "opex": 47930000,
      "cogs": null,
      "rd": null,
      "sga": null,
      "fcf": -7527000,
      "ocf": 5386000,
      "capex": -12913000,
      "gross_margin": null,
      "op_margin": 0.026564848287907714,
      "fcf_margin": -0.15286973475770746,
      "incr_op_margin_yoy": 0.07409708048628982,
      "rev_growth_yoy": 0.296794753614791,
      "rev_growth_yoy_accel": -0.10761560113113422,
      "op_leverage_ratio": 1.8455480466952678,
      "fcf_margin_change": -0.043412243405076836
    },
    {
      "date": "2023-08-31T00:00:00",
      "quarter_label": "2023-08 (Q3)",
      "revenue": 54929000,
      "gross_profit": null,
      "operating_income": 2229000,
      "net_income": 2925000,
      "opex": 52700000,
      "cogs": null,
      "rd": null,
      "sga": null,
      "fcf": -852000,
      "ocf": 11001000,
      "capex": -11853000,
      "gross_margin": null,
      "op_margin": 0.04057965737588523,
      "fcf_margin": -0.015510932294416429,
      "incr_op_margin_yoy": 0.024282731420617123,
      "rev_growth_yoy": 0.3078956140768608,
      "rev_growth_yoy_accel": 0.011100860462069762,
      "op_leverage_ratio": 1.1613877250300875,
      "fcf_margin_change": 0.13735880246329102
    },
    {
      "date": "2023-11-30T00:00:00",
      "quarter_label": "2023-11 (Q4)",
      "revenue": 51475000,
      "gross_profit": null,
      "operating_income": -2841000,
      "net_income": -2047000,
      "opex": 54316000,
      "cogs": null,
      "rd": null,
      "sga": null,
      "fcf": -6967000,
      "ocf": 2428000,
      "capex": -9395000,
      "gross_margin": null,
      "op_margin": -0.055191840699368624,
      "fcf_margin": -0.13534725594949004,
      "incr_op_margin_yoy": -0.05634613802747388,
      "rev_growth_yoy": 0.30919680553436085,
      "rev_growth_yoy_accel": 0.0013011914575000727,
      "fcf_margin_change": -0.11983632365507361
    },
    {
      "date": "2024-02-29T00:00:00",
      "quarter_label": "2024-02 (Q1)",
      "revenue": 57291000,
      "gross_profit": null,
      "operating_income": -1690000,
      "net_income": -998000,
      "opex": 58981000,
      "cogs": null,
      "rd": null,
      "sga": null,
      "fcf": -9660000,
      "ocf": 3790000,
      "capex": -13450000,
      "gross_margin": null,
      "op_margin": -0.029498525073746312,
      "fcf_margin": -0.16861287113159135,
      "incr_op_margin_yoy": -0.04802577358207837,
      "rev_growth_yoy": 0.3037274713271436,
      "rev_growth_yoy_accel": -0.005469334207217236,
      "op_leverage_ratio": 1.3155403527347327,
      "fcf_margin_change": -0.033265615182101305
    },
    {
      "date": "2024-05-31T00:00:00",
      "quarter_label": "2024-05 (Q2)",
      "revenue": 63082000,
      "gross_profit": null,
      "operating_income": -1169000,
      "net_income": -558000,
      "opex": 64251000,
      "cogs": null,
      "rd": null,
      "sga": null,
      "fcf": -2407000,
      "ocf": 8725000,
      "capex": -11132000,
      "gross_margin": null,
      "op_margin": -0.01853143527472179,
      "fcf_margin": -0.03815668494974795,
      "incr_op_margin_yoy": -0.1789222767986131,
      "rev_growth_yoy": 0.2811649538973963,
      "rev_growth_yoy_accel": -0.022562517429747297,
      "op_leverage_ratio": 1.1312762729984944,
      "fcf_margin_change": 0.1304561861818434
    },
    {
      "date": "2024-08-31T00:00:00",
      "quarter_label": "2024-08 (Q3)",
      "revenue": 66012000,
      "gross_profit": null,
      "operating_income": -5805000,
      "net_income": -5201000,
      "opex": 71817000,
      "cogs": null,
      "rd": null,
      "sga": null,
      "fcf": -9605000,
      "ocf": 669000,
      "capex": -10274000,
      "gross_margin": null,
      "op_margin": -0.08793855662606799,
      "fcf_margin": -0.14550384778525116,
      "incr_op_margin_yoy": -0.724893981773888,
      "rev_growth_yoy": 0.20176955706457428,
      "rev_growth_yoy_accel": -0.07939539683282204,
      "op_leverage_ratio": 0.3944352505095076,
      "fcf_margin_change": -0.10734716283550322
    },
    {
      "date": "2024-11-30T00:00:00",
      "quarter_label": "2024-11 (Q4)",
      "revenue": 64456000,
      "gross_profit": null,
      "operating_income": -1474000,
      "net_income": -961000,
      "opex": 65930000,
      "cogs": null,
      "rd": null,
      "sga": null,
      "fcf": -7193000,
      "ocf": 4362000,
      "capex": -11555000,
      "gross_margin": null,
      "op_margin": -0.022868313267965745,
      "fcf_margin": -0.11159550701253568,
      "incr_op_margin_yoy": 0.10530775749171867,
      "rev_growth_yoy": 0.2521806702282661,
      "rev_growth_yoy_accel": 0.050411113163691845,
      "fcf_margin_change": 0.033908340772715484
    },
    {
      "date": "2025-02-28T00:00:00",
      "quarter_label": "2025-02 (Q1)",
      "revenue": 64894000,
      "gross_profit": null,
      "operating_income": -4589000,
      "net_income": -3781000,
      "opex": 69483000,
      "cogs": null,
      "rd": null,
      "sga": null,
      "fcf": -7293000,
      "ocf": 4261000,
      "capex": -11554000,
      "gross_margin": null,
      "op_margin": -0.0707153203686011,
      "fcf_margin": -0.11238327118069467,
      "incr_op_margin_yoy": -0.38129685650401157,
      "rev_growth_yoy": 0.13270845333472972,
      "rev_growth_yoy_accel": -0.1194722168935364,
      "fcf_margin_change": -0.000787764168158997
    },
    {
      "date": "2025-05-31T00:00:00",
      "quarter_label": "2025-05 (Q2)",
      "revenue": 73965000,
      "gross_profit": null,
      "operating_income": -162000,
      "net_income": 565000,
      "opex": 74127000,
      "cogs": null,
      "rd": null,
      "sga": null,
      "fcf": -6874000,
      "ocf": 6715000,
      "capex": -13589000,
      "gross_margin": null,
      "op_margin": -0.002190225106469276,
      "fcf_margin": -0.09293584803623335,
      "incr_op_margin_yoy": 0.09252963337315079,
      "rev_growth_yoy": 0.17252147997844075,
      "rev_growth_yoy_accel": 0.03981302664371103,
      "op_leverage_ratio": 2.0913993693074033,
      "fcf_margin_change": 0.019447423144461323
    },
    {
      "date": "2025-08-31T00:00:00",
      "quarter_label": "2025-08 (Q3)",
      "revenue": 79448000,
      "gross_profit": null,
      "operating_income": 1464000,
      "net_income": 2273000,
      "opex": 77984000,
      "cogs": null,
      "rd": null,
      "sga": null,
      "fcf": -79000,
      "ocf": 9373000,
      "capex": -9452000,
      "gross_margin": null,
      "op_margin": 0.018427147316483736,
      "fcf_margin": -0.0009943610915315677,
      "incr_op_margin_yoy": 0.5410092289371837,
      "rev_growth_yoy": 0.20353875053020662,
      "rev_growth_yoy_accel": 0.03101727055176587,
      "op_leverage_ratio": 1.4246847301682062,
      "fcf_margin_change": 0.09194148694470178
    },
    {
      "date": "2025-11-30T00:00:00",
      "quarter_label": "2025-11 (Q4)",
      "revenue": 73455000,
      "gross_profit": null,
      "operating_income": -3680000,
      "net_income": -3060000,
      "opex": 77135000,
      "cogs": null,
      "rd": null,
      "sga": null,
      "fcf": -13297000,
      "ocf": 529000,
      "capex": -13826000,
      "gross_margin": null,
      "op_margin": -0.05009869988428289,
      "fcf_margin": -0.18102239466339937,
      "incr_op_margin_yoy": -0.2451383487054117,
      "rev_growth_yoy": 0.1396146208266104,
      "rev_growth_yoy_accel": -0.0639241297035962,
      "fcf_margin_change": -0.1800280335718678
    }
  ],
  "signals": [
    {
      "quarter": "2025-11 (Q4)",
      "signal": "YoY REVENUE GROWTH DECELERATION",
      "detail": "YoY growth: +14.0% vs prior quarter YoY: +20.4% (decel: -6.4%)",
      "severity": "WARNING"
    },
    {
      "quarter": "2025-08 (Q3)",
      "signal": "FCF MARGIN EXPANSION",
      "detail": "FCF margin: -9.3% -> -0.1% (+9.2%)",
      "severity": "MEDIUM"
    },
    {
      "quarter": "2025-08 (Q3)",
      "signal": "OP MARGIN TURNED POSITIVE (YoY)",
      "detail": "Op margin: -8.8% (year-ago) -> +1.8%",
      "severity": "HIGH"
    },
    {
      "quarter": "2025-08 (Q3)",
      "signal": "OP MARGIN TURNED POSITIVE (QoQ)",
      "detail": "Op margin: -0.2% -> +1.8%",
      "severity": "HIGH"
    },
    {
      "quarter": "2025-05 (Q2)",
      "signal": "OPERATING LEVERAGE",
      "detail": "Rev growth +14.0% vs OpEx growth +6.7% (leverage: 2.1x)",
      "severity": "MEDIUM"
    },
    {
      "quarter": "2025-02 (Q1)",
      "signal": "YoY REVENUE GROWTH DECELERATION",
      "detail": "YoY growth: +13.3% vs prior quarter YoY: +25.2% (decel: -11.9%)",
      "severity": "WARNING"
    },
    {
      "quarter": "2024-11 (Q4)",
      "signal": "YoY REVENUE GROWTH ACCELERATION",
      "detail": "YoY growth: +25.2% vs prior quarter YoY: +20.2% (accel: +5.0%)",
      "severity": "MEDIUM"
    },
    {
      "quarter": "2024-08 (Q3)",
      "signal": "YoY REVENUE GROWTH DECELERATION",
      "detail": "YoY growth: +20.2% vs prior quarter YoY: +28.1% (decel: -7.9%)",
      "severity": "WARNING"
    },
    {
      "quarter": "2024-05 (Q2)",
      "signal": "FCF MARGIN EXPANSION",
      "detail": "FCF margin: -16.9% -> -3.8% (+13.0%)",
      "severity": "MEDIUM"
    },
    {
      "quarter": "2023-08 (Q3)",
      "signal": "FCF MARGIN EXPANSION",
      "detail": "FCF margin: -15.3% -> -1.6% (+13.7%)",
      "severity": "MEDIUM"
    },
    {
      "quarter": "2023-05 (Q2)",
      "signal": "OPERATING LEVERAGE",
      "detail": "Rev growth +12.0% vs OpEx growth +6.5% (leverage: 1.8x)",
      "severity": "MEDIUM"
    },
    {
      "quarter": "2023-05 (Q2)",
      "signal": "YoY REVENUE GROWTH DECELERATION",
      "detail": "YoY growth: +29.7% vs prior quarter YoY: +40.4% (decel: -10.8%)",
      "severity": "WARNING"
    },
    {
      "quarter": "2023-05 (Q2)",
      "signal": "OP MARGIN TURNED POSITIVE (QoQ)",
      "detail": "Op margin: -2.4% -> +2.7%",
      "severity": "HIGH"
    },
    {
      "quarter": "2023-02 (Q1)",
      "signal": "FCF MARGIN EXPANSION",
      "detail": "FCF margin: -19.9% -> -10.9% (+8.9%)",
      "severity": "MEDIUM"
    },
    {
      "quarter": "2023-02 (Q1)",
      "signal": "YoY REVENUE GROWTH ACCELERATION",
      "detail": "YoY growth: +40.4% vs prior quarter YoY: +31.8% (accel: +8.6%)",
      "severity": "MEDIUM"
    },
    {
      "quarter": "2022-11 (Q4)",
      "signal": "YoY REVENUE GROWTH DECELERATION",
      "detail": "YoY growth: +31.8% vs prior quarter YoY: +50.4% (decel: -18.6%)",
      "severity": "WARNING"
    },
    {
      "quarter": "2022-08 (Q3)",
      "signal": "OPERATING LEVERAGE",
      "detail": "Rev growth +10.6% vs OpEx growth +6.9% (leverage: 1.5x)",
      "severity": "MEDIUM"
    },
    {
      "quarter": "2022-08 (Q3)",
      "signal": "YoY REVENUE GROWTH DECELERATION",
      "detail": "YoY growth: +50.4% vs prior quarter YoY: +105.6% (decel: -55.2%)",
      "severity": "WARNING"
    },
    {
      "quarter": "2022-08 (Q3)",
      "signal": "OP MARGIN TURNED POSITIVE (YoY)",
      "detail": "Op margin: -2.7% (year-ago) -> +4.6%",
      "severity": "HIGH"
    },
    {
      "quarter": "2022-05 (Q2)",
      "signal": "FCF TURNED POSITIVE",
      "detail": "FCF margin: -22.7% -> +0.3%",
      "severity": "HIGH"
    },
    {
      "quarter": "2022-05 (Q2)",
      "signal": "OPERATING LEVERAGE",
      "detail": "Rev growth +21.3% vs OpEx growth +13.0% (leverage: 1.6x)",
      "severity": "MEDIUM"
    },
    {
      "quarter": "2022-05 (Q2)",
      "signal": "YoY REVENUE GROWTH DECELERATION",
      "detail": "YoY growth: +105.6% vs prior quarter YoY: +244.5% (decel: -139.0%)",
      "severity": "WARNING"
    },
    {
      "quarter": "2022-05 (Q2)",
      "signal": "OP MARGIN TURNED POSITIVE (QoQ)",
      "detail": "Op margin: -6.0% -> +1.2%",
      "severity": "HIGH"
    },
    {
      "quarter": "2021-11 (Q4)",
      "signal": "FCF TURNED POSITIVE",
      "detail": "FCF margin: -0.4% -> +15.2%",
      "severity": "HIGH"
    },
    {
      "quarter": "2021-08 (Q3)",
      "signal": "FCF MARGIN EXPANSION",
      "detail": "FCF margin: -12.9% -> -0.4% (+12.5%)",
      "severity": "MEDIUM"
    },
    {
      "quarter": "2021-05 (Q2)",
      "signal": "FCF MARGIN EXPANSION",
      "detail": "FCF margin: -104.3% -> -12.9% (+91.4%)",
      "severity": "MEDIUM"
    },
    {
      "quarter": "2021-05 (Q2)",
      "signal": "OPERATING LEVERAGE",
      "detail": "Rev growth +103.4% vs OpEx growth +36.6% (leverage: 2.8x)",
      "severity": "MEDIUM"
    },
    {
      "quarter": "2021-05 (Q2)",
      "signal": "OP MARGIN TURNED POSITIVE (QoQ)",
      "detail": "Op margin: -41.9% -> +4.7%",
      "severity": "HIGH"
    }
  ],
  "data_quality": {
    "n_quarters": 20,
    "coverage": {
      "revenue": [
        20,
        20
      ],
      "gross_profit": [
        0,
        20
      ],
      "op_income": [
        20,
        20
      ],
      "fcf": [
        20,
        20
      ]
    },
    "gaps": [],
    "warnings": [
      "gross_profit: no data"
    ]
  },
  "market_cap": null,
  "source": "SEC EDGAR",
  "last_updated": "2026-02-02T22:07:32.274323"
}