{
  "ticker": "KTOS",
  "name": "KRATOS DEFENSE\u00a0& SECURITY SOLUTIONS,\u00a0INC.",
  "quarters": [
    {
      "date": "2020-12-27T00:00:00",
      "quarter_label": "2020-12 (Q4)",
      "revenue": 206400000,
      "gross_profit": 54300000,
      "operating_income": 9000000,
      "net_income": 78100000,
      "opex": 45300000,
      "cogs": 152100000,
      "rd": 7600000,
      "sga": 37300000,
      "fcf": null,
      "ocf": null,
      "capex": null,
      "gross_margin": 0.26308139534883723,
      "op_margin": 0.0436046511627907,
      "fcf_margin": null
    },
    {
      "date": "2021-03-28T00:00:00",
      "quarter_label": "2021-03 (Q1)",
      "revenue": 194200000,
      "gross_profit": 51000000,
      "operating_income": 4900000,
      "net_income": 1900000,
      "opex": 46100000,
      "cogs": 143200000,
      "rd": 8000000,
      "sga": 37900000,
      "fcf": null,
      "ocf": null,
      "capex": null,
      "gross_margin": 0.262615859938208,
      "op_margin": 0.025231719876416064,
      "fcf_margin": null
    },
    {
      "date": "2021-06-27T00:00:00",
      "quarter_label": "2021-06 (Q2)",
      "revenue": 205100000,
      "gross_profit": 52000000,
      "operating_income": 3300000,
      "net_income": 1100000,
      "opex": 48700000,
      "cogs": 153100000,
      "rd": 10200000,
      "sga": 38200000,
      "fcf": null,
      "ocf": null,
      "capex": null,
      "gross_margin": 0.25353486104339346,
      "op_margin": 0.016089712335446125,
      "fcf_margin": null,
      "op_leverage_ratio": 0.9951873564128971
    },
    {
      "date": "2021-09-26T00:00:00",
      "quarter_label": "2021-09 (Q3)",
      "revenue": 200600000,
      "gross_profit": 60600000,
      "operating_income": 10500000,
      "net_income": -2400000,
      "opex": 50100000,
      "cogs": 140000000,
      "rd": 8000000,
      "sga": 41800000,
      "fcf": null,
      "ocf": null,
      "capex": null,
      "gross_margin": 0.3020937188434696,
      "op_margin": 0.052342971086739784,
      "fcf_margin": null
    },
    {
      "date": "2021-12-26T00:00:00",
      "quarter_label": "2021-12 (Q4)",
      "revenue": 211600000,
      "gross_profit": 61500000,
      "operating_income": 9200000,
      "net_income": -2600000,
      "opex": 52300000,
      "cogs": 150100000,
      "rd": 9000000,
      "sga": 42300000,
      "fcf": null,
      "ocf": null,
      "capex": null,
      "gross_margin": 0.29064272211720227,
      "op_margin": 0.043478260869565216,
      "fcf_margin": null,
      "incr_op_margin_yoy": 0.038461538461538464,
      "rev_growth_yoy": 0.025193798449612403,
      "op_leverage_ratio": 1.2487537387836491
    },
    {
      "date": "2022-03-27T00:00:00",
      "quarter_label": "2022-03 (Q1)",
      "revenue": 196200000,
      "gross_profit": 51900000,
      "operating_income": -1200000,
      "net_income": -15900000,
      "opex": 53100000,
      "cogs": 144300000,
      "rd": 9200000,
      "sga": 43300000,
      "fcf": null,
      "ocf": null,
      "capex": null,
      "gross_margin": 0.26452599388379205,
      "op_margin": -0.0061162079510703364,
      "fcf_margin": null,
      "incr_op_margin_yoy": -3.05,
      "rev_growth_yoy": 0.010298661174047374,
      "rev_growth_yoy_accel": -0.014895137275565028
    },
    {
      "date": "2022-06-26T00:00:00",
      "quarter_label": "2022-06 (Q2)",
      "revenue": 224200000,
      "gross_profit": 57800000,
      "operating_income": -1900000,
      "net_income": -4700000,
      "opex": 59700000,
      "cogs": 166400000,
      "rd": 9200000,
      "sga": 44500000,
      "fcf": null,
      "ocf": null,
      "capex": null,
      "gross_margin": 0.25780553077609275,
      "op_margin": -0.00847457627118644,
      "fcf_margin": null,
      "incr_op_margin_yoy": -0.27225130890052357,
      "rev_growth_yoy": 0.0931253047294003,
      "rev_growth_yoy_accel": 0.08282664355535292,
      "op_leverage_ratio": 1.148179038087295
    },
    {
      "date": "2022-09-25T00:00:00",
      "quarter_label": "2022-09 (Q3)",
      "revenue": 228600000,
      "gross_profit": 54900000,
      "operating_income": -3600000,
      "net_income": -8000000,
      "opex": 58500000,
      "cogs": 173700000,
      "rd": 9600000,
      "sga": 48500000,
      "fcf": null,
      "ocf": null,
      "capex": null,
      "gross_margin": 0.24015748031496062,
      "op_margin": -0.015748031496062992,
      "fcf_margin": null,
      "incr_op_margin_yoy": -0.5035714285714286,
      "rev_growth_yoy": 0.13958125623130607,
      "rev_growth_yoy_accel": 0.046455951501905776,
      "op_leverage_ratio": Infinity
    },
    {
      "date": "2022-12-25T00:00:00",
      "quarter_label": "2022-12 (Q4)",
      "revenue": 249300000,
      "gross_profit": 61400000,
      "operating_income": 4100000,
      "net_income": -8300000,
      "opex": 57300000,
      "cogs": 187900000,
      "rd": 10600000,
      "sga": 46200000,
      "fcf": null,
      "ocf": null,
      "capex": null,
      "gross_margin": 0.24628961091054954,
      "op_margin": 0.016446048937023665,
      "fcf_margin": null,
      "incr_op_margin_yoy": -0.13527851458885942,
      "rev_growth_yoy": 0.1781663516068053,
      "rev_growth_yoy_accel": 0.03858509537549923,
      "op_leverage_ratio": Infinity
    },
    {
      "date": "2023-03-26T00:00:00",
      "quarter_label": "2023-03 (Q1)",
      "revenue": 231800000,
      "gross_profit": 59400000,
      "operating_income": 500000,
      "net_income": -7000000,
      "opex": 58900000,
      "cogs": 172400000,
      "rd": 10200000,
      "sga": 47800000,
      "fcf": -25700000,
      "ocf": -25700000,
      "capex": null,
      "gross_margin": 0.25625539257981017,
      "op_margin": 0.0021570319240724763,
      "fcf_margin": -0.11087144089732529,
      "incr_op_margin_yoy": 0.047752808988764044,
      "rev_growth_yoy": 0.18144750254842,
      "rev_growth_yoy_accel": 0.0032811509416146856
    },
    {
      "date": "2023-06-25T00:00:00",
      "quarter_label": "2023-06 (Q2)",
      "revenue": 256900000,
      "gross_profit": 63900000,
      "operating_income": 6700000,
      "net_income": -2700000,
      "opex": 57200000,
      "cogs": 193000000,
      "rd": 9900000,
      "sga": 47300000,
      "fcf": 23500000,
      "ocf": 23500000,
      "capex": null,
      "gross_margin": 0.2487349163098482,
      "op_margin": 0.026080186843129623,
      "fcf_margin": 0.09147528221097703,
      "incr_op_margin_yoy": 0.26299694189602446,
      "rev_growth_yoy": 0.14585191793041927,
      "rev_growth_yoy_accel": -0.03559558461800072,
      "op_leverage_ratio": Infinity,
      "fcf_margin_change": 0.20234672310830232
    },
    {
      "date": "2023-10-01T00:00:00",
      "quarter_label": "2023-10 (Q4)",
      "revenue": 274600000,
      "gross_profit": 73400000,
      "operating_income": 12200000,
      "net_income": -1600000,
      "opex": 61200000,
      "cogs": 201200000,
      "rd": 10300000,
      "sga": 50900000,
      "fcf": 0,
      "ocf": 0,
      "capex": null,
      "gross_margin": 0.2672978878368536,
      "op_margin": 0.04442825928623452,
      "fcf_margin": 0.0,
      "incr_op_margin_yoy": 0.34347826086956523,
      "rev_growth_yoy": 0.20122484689413822,
      "rev_growth_yoy_accel": 0.055372928963718954,
      "op_leverage_ratio": 0.9852471778902295,
      "fcf_margin_change": -0.09147528221097703
    },
    {
      "date": "2023-12-31T00:00:00",
      "quarter_label": "2023-12 (Q4)",
      "revenue": 273800000,
      "gross_profit": 71900000,
      "operating_income": 11700000,
      "net_income": 2400000,
      "opex": 60200000,
      "cogs": 201900000,
      "rd": 8000000,
      "sga": 51800000,
      "fcf": 67400000,
      "ocf": 67400000,
      "capex": null,
      "gross_margin": 0.26260043827611396,
      "op_margin": 0.04273192111029949,
      "fcf_margin": 0.24616508400292184,
      "incr_op_margin_yoy": 0.31020408163265306,
      "rev_growth_yoy": 0.09827517047733654,
      "rev_growth_yoy_accel": -0.10294967641680168,
      "fcf_margin_change": 0.24616508400292184
    },
    {
      "date": "2024-03-31T00:00:00",
      "quarter_label": "2024-03 (Q1)",
      "revenue": 277200000,
      "gross_profit": 71000000,
      "operating_income": 7000000,
      "net_income": 1300000,
      "opex": 64000000,
      "cogs": 206200000,
      "rd": 9600000,
      "sga": 54400000,
      "fcf": 700000,
      "ocf": 700000,
      "capex": null,
      "gross_margin": 0.25613275613275616,
      "op_margin": 0.025252525252525252,
      "fcf_margin": 0.0025252525252525255,
      "incr_op_margin_yoy": 0.14317180616740088,
      "rev_growth_yoy": 0.19585849870578084,
      "rev_growth_yoy_accel": 0.0975833282284443,
      "op_leverage_ratio": 0.1967244627273077,
      "fcf_margin_change": -0.24363983147766932
    },
    {
      "date": "2024-06-30T00:00:00",
      "quarter_label": "2024-06 (Q2)",
      "revenue": 300100000,
      "gross_profit": 77200000,
      "operating_income": 12500000,
      "net_income": 7900000,
      "opex": 64700000,
      "cogs": 222900000,
      "rd": 10200000,
      "sga": 54500000,
      "fcf": -2700000,
      "ocf": -2700000,
      "capex": null,
      "gross_margin": 0.2572475841386205,
      "op_margin": 0.04165278240586471,
      "fcf_margin": -0.008997000999666778,
      "incr_op_margin_yoy": 0.13425925925925927,
      "rev_growth_yoy": 0.16815881666017907,
      "rev_growth_yoy_accel": -0.027699682045601776,
      "op_leverage_ratio": 7.553081838796125,
      "fcf_margin_change": -0.011522253524919304
    },
    {
      "date": "2024-09-29T00:00:00",
      "quarter_label": "2024-09 (Q3)",
      "revenue": 275900000,
      "gross_profit": 69200000,
      "operating_income": 6500000,
      "net_income": 3200000,
      "opex": 62700000,
      "cogs": 206700000,
      "rd": 9900000,
      "sga": 52600000,
      "fcf": 6100000,
      "ocf": 6100000,
      "capex": null,
      "gross_margin": 0.2508155128669808,
      "op_margin": 0.02355926060166727,
      "fcf_margin": 0.022109459949256977,
      "incr_op_margin_yoy": -4.384615384615385,
      "rev_growth_yoy": 0.0047341587764020395,
      "rev_growth_yoy_accel": -0.16342465788377702,
      "fcf_margin_change": 0.031106460948923755
    },
    {
      "date": "2024-12-29T00:00:00",
      "quarter_label": "2024-12 (Q4)",
      "revenue": 283100000,
      "gross_profit": 69800000,
      "operating_income": 3000000,
      "net_income": 3900000,
      "opex": 66800000,
      "cogs": 213300000,
      "rd": 10600000,
      "sga": 52500000,
      "fcf": 45600000,
      "ocf": 45600000,
      "capex": null,
      "gross_margin": 0.24655598728364536,
      "op_margin": 0.010596962204168139,
      "fcf_margin": 0.1610738255033557,
      "incr_op_margin_yoy": -0.9354838709677419,
      "rev_growth_yoy": 0.0339663988312637,
      "rev_growth_yoy_accel": 0.02923224005486166,
      "op_leverage_ratio": 0.39908415031957495,
      "fcf_margin_change": 0.13896436555409872
    },
    {
      "date": "2025-03-30T00:00:00",
      "quarter_label": "2025-03 (Q1)",
      "revenue": 302600000,
      "gross_profit": 73600000,
      "operating_income": 6600000,
      "net_income": 4500000,
      "opex": 67000000,
      "cogs": 229000000,
      "rd": 10000000,
      "sga": 57000000,
      "fcf": -29200000,
      "ocf": -29200000,
      "capex": null,
      "gross_margin": 0.24322538003965632,
      "op_margin": 0.021810971579643092,
      "fcf_margin": -0.09649702577660278,
      "incr_op_margin_yoy": -0.015748031496062992,
      "rev_growth_yoy": 0.09163059163059163,
      "rev_growth_yoy_accel": 0.05766419279932793,
      "op_leverage_ratio": 23.006004945249025,
      "fcf_margin_change": -0.2575708512799585
    },
    {
      "date": "2025-06-29T00:00:00",
      "quarter_label": "2025-06 (Q2)",
      "revenue": 351500000,
      "gross_profit": 73800000,
      "operating_income": 3700000,
      "net_income": 2900000,
      "opex": 70100000,
      "cogs": 277700000,
      "rd": 10200000,
      "sga": 59900000,
      "fcf": -11700000,
      "ocf": -11700000,
      "capex": null,
      "gross_margin": 0.20995732574679943,
      "op_margin": 0.010526315789473684,
      "fcf_margin": -0.033285917496443815,
      "incr_op_margin_yoy": -0.17120622568093385,
      "rev_growth_yoy": 0.17127624125291568,
      "rev_growth_yoy_accel": 0.07964564962232405,
      "op_leverage_ratio": 3.492633733449886,
      "fcf_margin_change": 0.06321110828015897
    },
    {
      "date": "2025-09-28T00:00:00",
      "quarter_label": "2025-09 (Q3)",
      "revenue": 347600000,
      "gross_profit": 77100000,
      "operating_income": 7100000,
      "net_income": 8700000,
      "opex": 70000000,
      "cogs": 270500000,
      "rd": 10000000,
      "sga": 59800000,
      "fcf": -13300000,
      "ocf": -13300000,
      "capex": null,
      "gross_margin": 0.2218066743383199,
      "op_margin": 0.020425776754890677,
      "fcf_margin": -0.038262370540851555,
      "incr_op_margin_yoy": 0.008368200836820083,
      "rev_growth_yoy": 0.25987676694454515,
      "rev_growth_yoy_accel": 0.08860052569162946,
      "fcf_margin_change": -0.00497645304440774
    }
  ],
  "signals": [
    {
      "quarter": "2025-09 (Q3)",
      "signal": "YoY REVENUE GROWTH ACCELERATION",
      "detail": "YoY growth: +26.0% vs prior quarter YoY: +17.1% (accel: +8.9%)",
      "severity": "MEDIUM"
    },
    {
      "quarter": "2025-06 (Q2)",
      "signal": "FCF MARGIN EXPANSION",
      "detail": "FCF margin: -9.6% -> -3.3% (+6.3%)",
      "severity": "MEDIUM"
    },
    {
      "quarter": "2025-06 (Q2)",
      "signal": "OPERATING LEVERAGE",
      "detail": "Rev growth +16.2% vs OpEx growth +4.6% (leverage: 3.5x)",
      "severity": "MEDIUM"
    },
    {
      "quarter": "2025-06 (Q2)",
      "signal": "YoY REVENUE GROWTH ACCELERATION",
      "detail": "YoY growth: +17.1% vs prior quarter YoY: +9.2% (accel: +8.0%)",
      "severity": "MEDIUM"
    },
    {
      "quarter": "2025-03 (Q1)",
      "signal": "OPERATING LEVERAGE",
      "detail": "Rev growth +6.9% vs OpEx growth +0.3% (leverage: 23.0x)",
      "severity": "MEDIUM"
    },
    {
      "quarter": "2025-03 (Q1)",
      "signal": "YoY REVENUE GROWTH ACCELERATION",
      "detail": "YoY growth: +9.2% vs prior quarter YoY: +3.4% (accel: +5.8%)",
      "severity": "MEDIUM"
    },
    {
      "quarter": "2024-12 (Q4)",
      "signal": "FCF MARGIN EXPANSION",
      "detail": "FCF margin: +2.2% -> +16.1% (+13.9%)",
      "severity": "MEDIUM"
    },
    {
      "quarter": "2024-09 (Q3)",
      "signal": "FCF TURNED POSITIVE",
      "detail": "FCF margin: -0.9% -> +2.2%",
      "severity": "HIGH"
    },
    {
      "quarter": "2024-09 (Q3)",
      "signal": "YoY REVENUE GROWTH DECELERATION",
      "detail": "YoY growth: +0.5% vs prior quarter YoY: +16.8% (decel: -16.3%)",
      "severity": "WARNING"
    },
    {
      "quarter": "2024-06 (Q2)",
      "signal": "OPERATING LEVERAGE",
      "detail": "Rev growth +8.3% vs OpEx growth +1.1% (leverage: 7.6x)",
      "severity": "MEDIUM"
    },
    {
      "quarter": "2024-06 (Q2)",
      "signal": "INCREMENTAL MARGIN (YoY)",
      "detail": "YoY Incr OPM: +13.4% vs year-ago OPM: +2.6%",
      "severity": "MEDIUM"
    },
    {
      "quarter": "2024-03 (Q1)",
      "signal": "YoY REVENUE GROWTH ACCELERATION",
      "detail": "YoY growth: +19.6% vs prior quarter YoY: +9.8% (accel: +9.8%)",
      "severity": "MEDIUM"
    },
    {
      "quarter": "2024-03 (Q1)",
      "signal": "INCREMENTAL MARGIN (YoY)",
      "detail": "YoY Incr OPM: +14.3% vs year-ago OPM: +0.2%",
      "severity": "MEDIUM"
    },
    {
      "quarter": "2023-12 (Q4)",
      "signal": "FCF MARGIN EXPANSION",
      "detail": "FCF margin: +0.0% -> +24.6% (+24.6%)",
      "severity": "MEDIUM"
    },
    {
      "quarter": "2023-12 (Q4)",
      "signal": "YoY REVENUE GROWTH DECELERATION",
      "detail": "YoY growth: +9.8% vs prior quarter YoY: +20.1% (decel: -10.3%)",
      "severity": "WARNING"
    },
    {
      "quarter": "2023-12 (Q4)",
      "signal": "INCREMENTAL MARGIN (YoY)",
      "detail": "YoY Incr OPM: +31.0% vs year-ago OPM: +1.6%",
      "severity": "HIGH"
    },
    {
      "quarter": "2023-10 (Q4)",
      "signal": "YoY REVENUE GROWTH ACCELERATION",
      "detail": "YoY growth: +20.1% vs prior quarter YoY: +14.6% (accel: +5.5%)",
      "severity": "MEDIUM"
    },
    {
      "quarter": "2023-10 (Q4)",
      "signal": "OP MARGIN TURNED POSITIVE (YoY)",
      "detail": "Op margin: -1.6% (year-ago) -> +4.4%",
      "severity": "HIGH"
    },
    {
      "quarter": "2023-06 (Q2)",
      "signal": "FCF TURNED POSITIVE",
      "detail": "FCF margin: -11.1% -> +9.1%",
      "severity": "HIGH"
    },
    {
      "quarter": "2023-06 (Q2)",
      "signal": "OP MARGIN TURNED POSITIVE (YoY)",
      "detail": "Op margin: -0.8% (year-ago) -> +2.6%",
      "severity": "HIGH"
    },
    {
      "quarter": "2023-03 (Q1)",
      "signal": "OP MARGIN TURNED POSITIVE (YoY)",
      "detail": "Op margin: -0.6% (year-ago) -> +0.2%",
      "severity": "HIGH"
    },
    {
      "quarter": "2022-12 (Q4)",
      "signal": "OP MARGIN TURNED POSITIVE (QoQ)",
      "detail": "Op margin: -1.6% -> +1.6%",
      "severity": "HIGH"
    },
    {
      "quarter": "2022-06 (Q2)",
      "signal": "YoY REVENUE GROWTH ACCELERATION",
      "detail": "YoY growth: +9.3% vs prior quarter YoY: +1.0% (accel: +8.3%)",
      "severity": "MEDIUM"
    },
    {
      "quarter": "2021-09 (Q3)",
      "signal": "GROSS MARGIN INFLECTION",
      "detail": "GM: +26.3% -> +25.4% -> +30.2% (reversal +4.9%)",
      "severity": "MEDIUM"
    }
  ],
  "data_quality": {
    "n_quarters": 20,
    "coverage": {
      "revenue": [
        20,
        20
      ],
      "gross_profit": [
        20,
        20
      ],
      "op_income": [
        20,
        20
      ],
      "fcf": [
        11,
        20
      ]
    },
    "gaps": [],
    "warnings": [
      "fcf: 11/20Q"
    ]
  },
  "market_cap": null,
  "source": "SEC EDGAR",
  "last_updated": "2026-02-02T20:18:41.192633"
}