{
  "ticker": "KVHI",
  "name": "KVH Industries, Inc.",
  "quarters": [
    {
      "date": "2020-12-31T00:00:00",
      "quarter_label": "2020-12 (Q4)",
      "revenue": 44127000,
      "gross_profit": null,
      "operating_income": -11350000,
      "net_income": -11637000,
      "opex": 28412000,
      "cogs": null,
      "rd": 4098000,
      "sga": null,
      "fcf": -4011000,
      "ocf": -151000,
      "capex": -3860000,
      "gross_margin": null,
      "op_margin": -0.2572121376934757,
      "fcf_margin": -0.09089672989326263
    },
    {
      "date": "2021-03-31T00:00:00",
      "quarter_label": "2021-03 (Q1)",
      "revenue": 42292000,
      "gross_profit": null,
      "operating_income": -3607000,
      "net_income": -4028000,
      "opex": 45899000,
      "cogs": null,
      "rd": 4567000,
      "sga": null,
      "fcf": -166000,
      "ocf": 4998000,
      "capex": -5164000,
      "gross_margin": null,
      "op_margin": -0.08528799773006715,
      "fcf_margin": -0.003925092216021942,
      "fcf_margin_change": 0.08697163767724068
    },
    {
      "date": "2021-06-30T00:00:00",
      "quarter_label": "2021-06 (Q2)",
      "revenue": 43363000,
      "gross_profit": null,
      "operating_income": -5802000,
      "net_income": -5673000,
      "opex": 49165000,
      "cogs": null,
      "rd": 4505000,
      "sga": null,
      "fcf": -5540000,
      "ocf": -183000,
      "capex": -5357000,
      "gross_margin": null,
      "op_margin": -0.1338007056707331,
      "fcf_margin": -0.12775868828263728,
      "op_leverage_ratio": 0.3558920531441831,
      "fcf_margin_change": -0.12383359606661534
    },
    {
      "date": "2021-09-30T00:00:00",
      "quarter_label": "2021-09 (Q3)",
      "revenue": 42984000,
      "gross_profit": null,
      "operating_income": -3229000,
      "net_income": 4018000,
      "opex": 46213000,
      "cogs": null,
      "rd": 4335000,
      "sga": null,
      "fcf": -7619000,
      "ocf": -2901000,
      "capex": -4718000,
      "gross_margin": null,
      "op_margin": -0.07512097524660338,
      "fcf_margin": -0.17725200074446307,
      "fcf_margin_change": -0.049493312461825784
    },
    {
      "date": "2021-12-31T00:00:00",
      "quarter_label": "2021-12 (Q4)",
      "revenue": 43128000,
      "gross_profit": null,
      "operating_income": -5308000,
      "net_income": -4080000,
      "opex": 48436000,
      "cogs": null,
      "rd": 4359000,
      "sga": null,
      "fcf": -2506000,
      "ocf": 995000,
      "capex": -3501000,
      "gross_margin": null,
      "op_margin": -0.12307549619736598,
      "fcf_margin": -0.0581061027638657,
      "rev_growth_yoy": -0.022639200489496226,
      "fcf_margin_change": 0.11914589798059737
    },
    {
      "date": "2022-03-31T00:00:00",
      "quarter_label": "2022-03 (Q1)",
      "revenue": 41094000,
      "gross_profit": null,
      "operating_income": -4708000,
      "net_income": -4692000,
      "opex": 45802000,
      "cogs": null,
      "rd": 4649000,
      "sga": null,
      "fcf": -7885000,
      "ocf": -3513000,
      "capex": -4372000,
      "gross_margin": null,
      "op_margin": -0.1145666033970896,
      "fcf_margin": -0.19187715968267874,
      "incr_op_margin_yoy": 0.9190317195325542,
      "rev_growth_yoy": -0.028326870330086067,
      "rev_growth_yoy_accel": -0.00568766984058984,
      "fcf_margin_change": -0.13377105691881302
    },
    {
      "date": "2022-06-30T00:00:00",
      "quarter_label": "2022-06 (Q2)",
      "revenue": 41837000,
      "gross_profit": null,
      "operating_income": -2332000,
      "net_income": -1444000,
      "opex": 44169000,
      "cogs": null,
      "rd": 3759000,
      "sga": null,
      "fcf": -3361000,
      "ocf": 279000,
      "capex": -3640000,
      "gross_margin": null,
      "op_margin": -0.055740134330855465,
      "fcf_margin": -0.08033558811578267,
      "incr_op_margin_yoy": -2.27391874180865,
      "rev_growth_yoy": -0.03519129211539792,
      "rev_growth_yoy_accel": -0.006864421785311853,
      "op_leverage_ratio": Infinity,
      "fcf_margin_change": 0.11154157156689606
    },
    {
      "date": "2022-09-30T00:00:00",
      "quarter_label": "2022-09 (Q3)",
      "revenue": 35169000,
      "gross_profit": null,
      "operating_income": -971000,
      "net_income": 29646000,
      "opex": 36140000,
      "cogs": null,
      "rd": 2745000,
      "sga": null,
      "fcf": -1221000,
      "ocf": 1767000,
      "capex": -2988000,
      "gross_margin": null,
      "op_margin": -0.02760954249481077,
      "fcf_margin": -0.03471807557792374,
      "incr_op_margin_yoy": -0.2889315419065899,
      "rev_growth_yoy": -0.18181183696259073,
      "rev_growth_yoy_accel": -0.1466205448471928,
      "fcf_margin_change": 0.04561751253785894
    },
    {
      "date": "2022-12-31T00:00:00",
      "quarter_label": "2022-12 (Q4)",
      "revenue": 35991000,
      "gross_profit": null,
      "operating_income": 608000,
      "net_income": 752000,
      "opex": 35397000,
      "cogs": null,
      "rd": 1989000,
      "sga": null,
      "fcf": 6970000,
      "ocf": 10360000,
      "capex": -3390000,
      "gross_margin": null,
      "op_margin": 0.01689311216693062,
      "fcf_margin": 0.19365952599260927,
      "incr_op_margin_yoy": -0.8289197141656158,
      "rev_growth_yoy": -0.16548414023372288,
      "rev_growth_yoy_accel": 0.016327696728867858,
      "op_leverage_ratio": Infinity,
      "fcf_margin_change": 0.228377601570533
    },
    {
      "date": "2023-03-31T00:00:00",
      "quarter_label": "2023-03 (Q1)",
      "revenue": 34143000,
      "gross_profit": null,
      "operating_income": -548000,
      "net_income": -12000,
      "opex": 34237000,
      "cogs": null,
      "rd": 2565000,
      "sga": null,
      "fcf": -8882000,
      "ocf": -6779000,
      "capex": -2103000,
      "gross_margin": null,
      "op_margin": -0.016050142049614854,
      "fcf_margin": -0.2601411709574437,
      "incr_op_margin_yoy": -0.5984750395626529,
      "rev_growth_yoy": -0.16914878084391882,
      "rev_growth_yoy_accel": -0.003664640610195946,
      "fcf_margin_change": -0.453800696950053
    },
    {
      "date": "2023-06-30T00:00:00",
      "quarter_label": "2023-06 (Q2)",
      "revenue": 33586000,
      "gross_profit": null,
      "operating_income": 324000,
      "net_income": 925000,
      "opex": 33847000,
      "cogs": null,
      "rd": 2416000,
      "sga": null,
      "fcf": 952000,
      "ocf": 3593000,
      "capex": -2641000,
      "gross_margin": null,
      "op_margin": 0.009646876674804978,
      "fcf_margin": 0.0283451438099208,
      "incr_op_margin_yoy": -0.3219003757120349,
      "rev_growth_yoy": -0.197217773740947,
      "rev_growth_yoy_accel": -0.02806899289702819,
      "fcf_margin_change": 0.2884863147673645
    },
    {
      "date": "2023-09-30T00:00:00",
      "quarter_label": "2023-09 (Q3)",
      "revenue": 33195000,
      "gross_profit": null,
      "operating_income": -5027000,
      "net_income": -4246000,
      "opex": 38576000,
      "cogs": null,
      "rd": 2398000,
      "sga": null,
      "fcf": -1918000,
      "ocf": 508000,
      "capex": -2426000,
      "gross_margin": null,
      "op_margin": -0.15143846964904353,
      "fcf_margin": -0.05777978611236632,
      "incr_op_margin_yoy": 2.054711246200608,
      "rev_growth_yoy": -0.05612897722426,
      "rev_growth_yoy_accel": 0.14108879651668702,
      "fcf_margin_change": -0.08612492992228712
    },
    {
      "date": "2023-12-31T00:00:00",
      "quarter_label": "2023-12 (Q4)",
      "revenue": 31455000,
      "gross_profit": null,
      "operating_income": -12094000,
      "net_income": -12089000,
      "opex": 43064000,
      "cogs": null,
      "rd": 2020000,
      "sga": null,
      "fcf": 1745000,
      "ocf": 5208000,
      "capex": -3463000,
      "gross_margin": null,
      "op_margin": -0.38448577332697503,
      "fcf_margin": 0.0554760769353044,
      "incr_op_margin_yoy": 2.8002645502645502,
      "rev_growth_yoy": -0.12603150787696923,
      "rev_growth_yoy_accel": -0.06990253065270924,
      "fcf_margin_change": 0.11325586304767071
    },
    {
      "date": "2024-03-31T00:00:00",
      "quarter_label": "2024-03 (Q1)",
      "revenue": 29267000,
      "gross_profit": null,
      "operating_income": -3798000,
      "net_income": -3163000,
      "opex": 33065000,
      "cogs": null,
      "rd": 3038000,
      "sga": null,
      "fcf": -3191000,
      "ocf": -792000,
      "capex": -2399000,
      "gross_margin": null,
      "op_margin": -0.12977073154064306,
      "fcf_margin": -0.10903064885365771,
      "incr_op_margin_yoy": 0.6665299425758818,
      "rev_growth_yoy": -0.1428111179451132,
      "rev_growth_yoy_accel": -0.016779610068143963,
      "fcf_margin_change": -0.1645067257889621
    },
    {
      "date": "2024-06-30T00:00:00",
      "quarter_label": "2024-06 (Q2)",
      "revenue": 28673000,
      "gross_profit": null,
      "operating_income": -2889000,
      "net_income": -2376000,
      "opex": 31562000,
      "cogs": null,
      "rd": 2326000,
      "sga": null,
      "fcf": -17371000,
      "ocf": -14665000,
      "capex": -2706000,
      "gross_margin": null,
      "op_margin": -0.10075680954207791,
      "fcf_margin": -0.605831269835734,
      "incr_op_margin_yoy": 0.6539792387543253,
      "rev_growth_yoy": -0.14628118859048414,
      "rev_growth_yoy_accel": -0.003470070645370943,
      "fcf_margin_change": -0.4968006209820763
    },
    {
      "date": "2024-09-30T00:00:00",
      "quarter_label": "2024-09 (Q3)",
      "revenue": 28971000,
      "gross_profit": null,
      "operating_income": -1991000,
      "net_income": -1199000,
      "opex": 30962000,
      "cogs": null,
      "rd": 1407000,
      "sga": null,
      "fcf": 419000,
      "ocf": 1884000,
      "capex": -1465000,
      "gross_margin": null,
      "op_margin": -0.06872389631010321,
      "fcf_margin": 0.014462738600669635,
      "incr_op_margin_yoy": -0.71875,
      "rev_growth_yoy": -0.1272480795300497,
      "rev_growth_yoy_accel": 0.019033109060434428,
      "op_leverage_ratio": Infinity,
      "fcf_margin_change": 0.6202940084364036
    },
    {
      "date": "2024-12-31T00:00:00",
      "quarter_label": "2024-12 (Q4)",
      "revenue": 26917000,
      "gross_profit": null,
      "operating_income": -3205000,
      "net_income": -4310000,
      "opex": 30122000,
      "cogs": null,
      "rd": 1668000,
      "sga": null,
      "fcf": -444000,
      "ocf": 403000,
      "capex": -847000,
      "gross_margin": null,
      "op_margin": -0.11906973288256492,
      "fcf_margin": -0.016495151762826468,
      "incr_op_margin_yoy": -1.9587924195680917,
      "rev_growth_yoy": -0.1442695914798919,
      "rev_growth_yoy_accel": -0.017021511949842194,
      "fcf_margin_change": -0.030957890363496103
    },
    {
      "date": "2025-03-31T00:00:00",
      "quarter_label": "2025-03 (Q1)",
      "revenue": 25414000,
      "gross_profit": null,
      "operating_income": -2243000,
      "net_income": -1710000,
      "opex": 27657000,
      "cogs": null,
      "rd": 1187000,
      "sga": null,
      "fcf": -2426000,
      "ocf": -1277000,
      "capex": -1149000,
      "gross_margin": null,
      "op_margin": -0.08825844022979461,
      "fcf_margin": -0.09545919571889509,
      "incr_op_margin_yoy": -0.4035816247080197,
      "rev_growth_yoy": -0.13164998120750332,
      "rev_growth_yoy_accel": 0.012619610272388587,
      "fcf_margin_change": -0.07896404395606862
    },
    {
      "date": "2025-06-30T00:00:00",
      "quarter_label": "2025-06 (Q2)",
      "revenue": 26623000,
      "gross_profit": null,
      "operating_income": -370000,
      "net_income": 930000,
      "opex": 26993000,
      "cogs": null,
      "rd": 916000,
      "sga": null,
      "fcf": 2747000,
      "ocf": 5096000,
      "capex": -2349000,
      "gross_margin": null,
      "op_margin": -0.01389775757803403,
      "fcf_margin": 0.10318145964016076,
      "incr_op_margin_yoy": -1.228780487804878,
      "rev_growth_yoy": -0.07149583231611621,
      "rev_growth_yoy_accel": 0.06015414889138711,
      "op_leverage_ratio": Infinity,
      "fcf_margin_change": 0.19864065535905584
    },
    {
      "date": "2025-09-30T00:00:00",
      "quarter_label": "2025-09 (Q3)",
      "revenue": 28453000,
      "gross_profit": null,
      "operating_income": -7631000,
      "net_income": -6934000,
      "opex": 36084000,
      "cogs": null,
      "rd": 969000,
      "sga": null,
      "fcf": 8382000,
      "ocf": 9896000,
      "capex": -1514000,
      "gross_margin": null,
      "op_margin": -0.2681966752187819,
      "fcf_margin": 0.2945910800267107,
      "rev_growth_yoy": -0.017879948914431672,
      "rev_growth_yoy_accel": 0.053615883401684536,
      "op_leverage_ratio": 0.20409557764468184,
      "fcf_margin_change": 0.19140962038654993
    }
  ],
  "signals": [
    {
      "quarter": "2025-09 (Q3)",
      "signal": "FCF MARGIN EXPANSION",
      "detail": "FCF margin: +10.3% -> +29.5% (+19.1%)",
      "severity": "MEDIUM"
    },
    {
      "quarter": "2025-09 (Q3)",
      "signal": "YoY REVENUE GROWTH ACCELERATION",
      "detail": "YoY growth: -1.8% vs prior quarter YoY: -7.1% (accel: +5.4%)",
      "severity": "MEDIUM"
    },
    {
      "quarter": "2025-06 (Q2)",
      "signal": "FCF TURNED POSITIVE",
      "detail": "FCF margin: -9.5% -> +10.3%",
      "severity": "HIGH"
    },
    {
      "quarter": "2025-06 (Q2)",
      "signal": "YoY REVENUE GROWTH ACCELERATION",
      "detail": "YoY growth: -7.1% vs prior quarter YoY: -13.2% (accel: +6.0%)",
      "severity": "MEDIUM"
    },
    {
      "quarter": "2024-09 (Q3)",
      "signal": "FCF TURNED POSITIVE",
      "detail": "FCF margin: -60.6% -> +1.4%",
      "severity": "HIGH"
    },
    {
      "quarter": "2023-12 (Q4)",
      "signal": "FCF TURNED POSITIVE",
      "detail": "FCF margin: -5.8% -> +5.5%",
      "severity": "HIGH"
    },
    {
      "quarter": "2023-12 (Q4)",
      "signal": "YoY REVENUE GROWTH DECELERATION",
      "detail": "YoY growth: -12.6% vs prior quarter YoY: -5.6% (decel: -7.0%)",
      "severity": "WARNING"
    },
    {
      "quarter": "2023-09 (Q3)",
      "signal": "YoY REVENUE GROWTH ACCELERATION",
      "detail": "YoY growth: -5.6% vs prior quarter YoY: -19.7% (accel: +14.1%)",
      "severity": "MEDIUM"
    },
    {
      "quarter": "2023-06 (Q2)",
      "signal": "FCF TURNED POSITIVE",
      "detail": "FCF margin: -26.0% -> +2.8%",
      "severity": "HIGH"
    },
    {
      "quarter": "2023-06 (Q2)",
      "signal": "OP MARGIN TURNED POSITIVE (YoY)",
      "detail": "Op margin: -5.6% (year-ago) -> +1.0%",
      "severity": "HIGH"
    },
    {
      "quarter": "2023-06 (Q2)",
      "signal": "OP MARGIN TURNED POSITIVE (QoQ)",
      "detail": "Op margin: -1.6% -> +1.0%",
      "severity": "HIGH"
    },
    {
      "quarter": "2022-12 (Q4)",
      "signal": "FCF TURNED POSITIVE",
      "detail": "FCF margin: -3.5% -> +19.4%",
      "severity": "HIGH"
    },
    {
      "quarter": "2022-12 (Q4)",
      "signal": "OP MARGIN TURNED POSITIVE (YoY)",
      "detail": "Op margin: -12.3% (year-ago) -> +1.7%",
      "severity": "HIGH"
    },
    {
      "quarter": "2022-12 (Q4)",
      "signal": "OP MARGIN TURNED POSITIVE (QoQ)",
      "detail": "Op margin: -2.8% -> +1.7%",
      "severity": "HIGH"
    },
    {
      "quarter": "2022-09 (Q3)",
      "signal": "YoY REVENUE GROWTH DECELERATION",
      "detail": "YoY growth: -18.2% vs prior quarter YoY: -3.5% (decel: -14.7%)",
      "severity": "WARNING"
    },
    {
      "quarter": "2022-06 (Q2)",
      "signal": "FCF MARGIN EXPANSION",
      "detail": "FCF margin: -19.2% -> -8.0% (+11.2%)",
      "severity": "MEDIUM"
    },
    {
      "quarter": "2021-12 (Q4)",
      "signal": "FCF MARGIN EXPANSION",
      "detail": "FCF margin: -17.7% -> -5.8% (+11.9%)",
      "severity": "MEDIUM"
    },
    {
      "quarter": "2021-03 (Q1)",
      "signal": "FCF MARGIN EXPANSION",
      "detail": "FCF margin: -9.1% -> -0.4% (+8.7%)",
      "severity": "MEDIUM"
    }
  ],
  "data_quality": {
    "n_quarters": 20,
    "coverage": {
      "revenue": [
        20,
        20
      ],
      "gross_profit": [
        0,
        20
      ],
      "op_income": [
        20,
        20
      ],
      "fcf": [
        20,
        20
      ]
    },
    "gaps": [],
    "warnings": [
      "gross_profit: no data"
    ]
  },
  "market_cap": null,
  "source": "SEC EDGAR",
  "last_updated": "2026-02-02T23:13:35.725073",
  "sector": "Communication Services",
  "industry": "Telecom Services"
}