{
  "ticker": "KW",
  "name": "Kennedy-Wilson Holdings, Inc.",
  "quarters": [
    {
      "date": "2020-12-31T00:00:00",
      "quarter_label": "2020-12 (Q4)",
      "revenue": 106500000,
      "gross_profit": null,
      "operating_income": null,
      "net_income": null,
      "opex": 149000000,
      "cogs": null,
      "rd": null,
      "sga": null,
      "fcf": -7200000,
      "ocf": -7200000,
      "capex": null,
      "gross_margin": null,
      "op_margin": null,
      "fcf_margin": -0.0676056338028169
    },
    {
      "date": "2021-03-31T00:00:00",
      "quarter_label": "2021-03 (Q1)",
      "revenue": 99400000,
      "gross_profit": null,
      "operating_income": null,
      "net_income": null,
      "opex": 120800000,
      "cogs": null,
      "rd": null,
      "sga": null,
      "fcf": -76600000,
      "ocf": -76600000,
      "capex": null,
      "gross_margin": null,
      "op_margin": null,
      "fcf_margin": -0.7706237424547284,
      "fcf_margin_change": -0.7030181086519115
    },
    {
      "date": "2021-06-30T00:00:00",
      "quarter_label": "2021-06 (Q2)",
      "revenue": 108400000,
      "gross_profit": null,
      "operating_income": null,
      "net_income": null,
      "opex": 134500000,
      "cogs": null,
      "rd": null,
      "sga": null,
      "fcf": 10300000,
      "ocf": 10300000,
      "capex": null,
      "gross_margin": null,
      "op_margin": null,
      "fcf_margin": 0.09501845018450185,
      "op_leverage_ratio": 0.7983668433961433,
      "fcf_margin_change": 0.8656421926392303
    },
    {
      "date": "2021-09-30T00:00:00",
      "quarter_label": "2021-09 (Q3)",
      "revenue": 114400000,
      "gross_profit": null,
      "operating_income": null,
      "net_income": null,
      "opex": 124500000,
      "cogs": null,
      "rd": null,
      "sga": null,
      "fcf": -18400000,
      "ocf": -18400000,
      "capex": null,
      "gross_margin": null,
      "op_margin": null,
      "fcf_margin": -0.16083916083916083,
      "op_leverage_ratio": Infinity,
      "fcf_margin_change": -0.25585761102366267
    },
    {
      "date": "2021-12-31T00:00:00",
      "quarter_label": "2021-12 (Q4)",
      "revenue": 131400000,
      "gross_profit": null,
      "operating_income": null,
      "net_income": null,
      "opex": 169800000,
      "cogs": null,
      "rd": null,
      "sga": null,
      "fcf": 54400000,
      "ocf": 54400000,
      "capex": null,
      "gross_margin": null,
      "op_margin": null,
      "fcf_margin": 0.4140030441400304,
      "rev_growth_yoy": 0.23380281690140844,
      "op_leverage_ratio": 0.4084078173482147,
      "fcf_margin_change": 0.5748422049791913
    },
    {
      "date": "2022-03-31T00:00:00",
      "quarter_label": "2022-03 (Q1)",
      "revenue": 124700000,
      "gross_profit": null,
      "operating_income": null,
      "net_income": null,
      "opex": 139100000,
      "cogs": null,
      "rd": null,
      "sga": null,
      "fcf": -58900000,
      "ocf": -58900000,
      "capex": null,
      "gross_margin": null,
      "op_margin": null,
      "fcf_margin": -0.4723336006415397,
      "rev_growth_yoy": 0.2545271629778672,
      "rev_growth_yoy_accel": 0.02072434607645876,
      "fcf_margin_change": -0.8863366447815701
    },
    {
      "date": "2022-06-30T00:00:00",
      "quarter_label": "2022-06 (Q2)",
      "revenue": 136100000,
      "gross_profit": null,
      "operating_income": null,
      "net_income": null,
      "opex": 128500000,
      "cogs": null,
      "rd": null,
      "sga": null,
      "fcf": 37400000,
      "ocf": 37400000,
      "capex": null,
      "gross_margin": null,
      "op_margin": null,
      "fcf_margin": 0.2747979426891991,
      "rev_growth_yoy": 0.2555350553505535,
      "rev_growth_yoy_accel": 0.001007892372686281,
      "op_leverage_ratio": Infinity,
      "fcf_margin_change": 0.7471315433307388
    },
    {
      "date": "2022-09-30T00:00:00",
      "quarter_label": "2022-09 (Q3)",
      "revenue": 139600000,
      "gross_profit": null,
      "operating_income": null,
      "net_income": null,
      "opex": 129700000,
      "cogs": null,
      "rd": null,
      "sga": null,
      "fcf": 16800000,
      "ocf": 16800000,
      "capex": null,
      "gross_margin": null,
      "op_margin": null,
      "fcf_margin": 0.12034383954154727,
      "rev_growth_yoy": 0.2202797202797203,
      "rev_growth_yoy_accel": -0.0352553350708332,
      "op_leverage_ratio": 2.7537962282635315,
      "fcf_margin_change": -0.15445410314765184
    },
    {
      "date": "2022-12-31T00:00:00",
      "quarter_label": "2022-12 (Q4)",
      "revenue": 139600000,
      "gross_profit": null,
      "operating_income": null,
      "net_income": null,
      "opex": 129500000,
      "cogs": null,
      "rd": null,
      "sga": null,
      "fcf": 37600000,
      "ocf": 37600000,
      "capex": null,
      "gross_margin": null,
      "op_margin": null,
      "fcf_margin": 0.2693409742120344,
      "rev_growth_yoy": 0.0624048706240487,
      "rev_growth_yoy_accel": -0.15787484965567158,
      "fcf_margin_change": 0.14899713467048714
    },
    {
      "date": "2023-03-31T00:00:00",
      "quarter_label": "2023-03 (Q1)",
      "revenue": 132200000,
      "gross_profit": null,
      "operating_income": null,
      "net_income": null,
      "opex": 124500000,
      "cogs": null,
      "rd": null,
      "sga": null,
      "fcf": -67000000,
      "ocf": -67000000,
      "capex": null,
      "gross_margin": null,
      "op_margin": null,
      "fcf_margin": -0.5068078668683812,
      "rev_growth_yoy": 0.060144346431435444,
      "rev_growth_yoy_accel": -0.0022605241926132585,
      "fcf_margin_change": -0.7761488410804156
    },
    {
      "date": "2023-06-30T00:00:00",
      "quarter_label": "2023-06 (Q2)",
      "revenue": 146500000,
      "gross_profit": null,
      "operating_income": null,
      "net_income": null,
      "opex": 133100000,
      "cogs": null,
      "rd": null,
      "sga": null,
      "fcf": 64700000,
      "ocf": 64700000,
      "capex": null,
      "gross_margin": null,
      "op_margin": null,
      "fcf_margin": 0.4416382252559727,
      "rev_growth_yoy": 0.07641440117560618,
      "rev_growth_yoy_accel": 0.01627005474417073,
      "op_leverage_ratio": 1.5659413151321113,
      "fcf_margin_change": 0.9484460921243538
    },
    {
      "date": "2023-09-30T00:00:00",
      "quarter_label": "2023-09 (Q3)",
      "revenue": 141300000,
      "gross_profit": null,
      "operating_income": null,
      "net_income": null,
      "opex": 120500000,
      "cogs": null,
      "rd": null,
      "sga": null,
      "fcf": -400000,
      "ocf": -400000,
      "capex": null,
      "gross_margin": null,
      "op_margin": null,
      "fcf_margin": -0.0028308563340410475,
      "rev_growth_yoy": 0.012177650429799427,
      "rev_growth_yoy_accel": -0.06423675074580674,
      "fcf_margin_change": -0.44446908159001375
    },
    {
      "date": "2023-12-31T00:00:00",
      "quarter_label": "2023-12 (Q4)",
      "revenue": 142600000,
      "gross_profit": null,
      "operating_income": null,
      "net_income": null,
      "opex": 130200000,
      "cogs": null,
      "rd": null,
      "sga": null,
      "fcf": 51600000,
      "ocf": 51600000,
      "capex": null,
      "gross_margin": null,
      "op_margin": null,
      "fcf_margin": 0.36185133239831696,
      "rev_growth_yoy": 0.02148997134670487,
      "rev_growth_yoy_accel": 0.009312320916905443,
      "fcf_margin_change": 0.364682188732358
    },
    {
      "date": "2024-03-31T00:00:00",
      "quarter_label": "2024-03 (Q1)",
      "revenue": 136400000,
      "gross_profit": null,
      "operating_income": null,
      "net_income": null,
      "opex": 114100000,
      "cogs": null,
      "rd": null,
      "sga": null,
      "fcf": -5600000,
      "ocf": -5600000,
      "capex": null,
      "gross_margin": null,
      "op_margin": null,
      "fcf_margin": -0.04105571847507331,
      "rev_growth_yoy": 0.03177004538577912,
      "rev_growth_yoy_accel": 0.010280074039074251,
      "fcf_margin_change": -0.4029070508733903
    },
    {
      "date": "2024-06-30T00:00:00",
      "quarter_label": "2024-06 (Q2)",
      "revenue": 132000000,
      "gross_profit": null,
      "operating_income": null,
      "net_income": null,
      "opex": 110200000,
      "cogs": null,
      "rd": null,
      "sga": null,
      "fcf": 36700000,
      "ocf": 36700000,
      "capex": null,
      "gross_margin": null,
      "op_margin": null,
      "fcf_margin": 0.278030303030303,
      "rev_growth_yoy": -0.09897610921501707,
      "rev_growth_yoy_accel": -0.1307461546007962,
      "fcf_margin_change": 0.31908602150537635
    },
    {
      "date": "2024-09-30T00:00:00",
      "quarter_label": "2024-09 (Q3)",
      "revenue": 127500000,
      "gross_profit": null,
      "operating_income": null,
      "net_income": null,
      "opex": 110600000,
      "cogs": null,
      "rd": null,
      "sga": null,
      "fcf": -5600000,
      "ocf": -5600000,
      "capex": null,
      "gross_margin": null,
      "op_margin": null,
      "fcf_margin": -0.04392156862745098,
      "rev_growth_yoy": -0.09766454352441614,
      "rev_growth_yoy_accel": 0.0013115656906009243,
      "fcf_margin_change": -0.321951871657754
    },
    {
      "date": "2024-12-31T00:00:00",
      "quarter_label": "2024-12 (Q4)",
      "revenue": 135500000,
      "gross_profit": null,
      "operating_income": null,
      "net_income": null,
      "opex": 128000000,
      "cogs": null,
      "rd": null,
      "sga": null,
      "fcf": 29600000,
      "ocf": 29600000,
      "capex": null,
      "gross_margin": null,
      "op_margin": null,
      "fcf_margin": 0.21845018450184503,
      "rev_growth_yoy": -0.04978962131837307,
      "rev_growth_yoy_accel": 0.04787492220604307,
      "op_leverage_ratio": 0.3988280369619112,
      "fcf_margin_change": 0.262371753129296
    },
    {
      "date": "2025-03-31T00:00:00",
      "quarter_label": "2025-03 (Q1)",
      "revenue": 128300000,
      "gross_profit": null,
      "operating_income": null,
      "net_income": null,
      "opex": 106800000,
      "cogs": null,
      "rd": null,
      "sga": null,
      "fcf": -51900000,
      "ocf": -51900000,
      "capex": null,
      "gross_margin": null,
      "op_margin": null,
      "fcf_margin": -0.4045206547155105,
      "rev_growth_yoy": -0.0593841642228739,
      "rev_growth_yoy_accel": -0.009594542904500833,
      "fcf_margin_change": -0.6229708392173555
    },
    {
      "date": "2025-06-30T00:00:00",
      "quarter_label": "2025-06 (Q2)",
      "revenue": 135700000,
      "gross_profit": null,
      "operating_income": null,
      "net_income": null,
      "opex": 110400000,
      "cogs": null,
      "rd": null,
      "sga": null,
      "fcf": 42000000,
      "ocf": 42000000,
      "capex": null,
      "gross_margin": null,
      "op_margin": null,
      "fcf_margin": 0.30950626381724394,
      "rev_growth_yoy": 0.02803030303030303,
      "rev_growth_yoy_accel": 0.08741446725317693,
      "op_leverage_ratio": 1.71109379059496,
      "fcf_margin_change": 0.7140269185327545
    },
    {
      "date": "2025-09-30T00:00:00",
      "quarter_label": "2025-09 (Q3)",
      "revenue": 116400000,
      "gross_profit": null,
      "operating_income": null,
      "net_income": null,
      "opex": 108000000,
      "cogs": null,
      "rd": null,
      "sga": null,
      "fcf": -7600000,
      "ocf": -7600000,
      "capex": null,
      "gross_margin": null,
      "op_margin": null,
      "fcf_margin": -0.06529209621993128,
      "rev_growth_yoy": -0.08705882352941176,
      "rev_growth_yoy_accel": -0.11508912655971479,
      "fcf_margin_change": -0.3747983600371752
    }
  ],
  "signals": [
    {
      "quarter": "2025-09 (Q3)",
      "signal": "YoY REVENUE GROWTH DECELERATION",
      "detail": "YoY growth: -8.7% vs prior quarter YoY: +2.8% (decel: -11.5%)",
      "severity": "WARNING"
    },
    {
      "quarter": "2025-06 (Q2)",
      "signal": "FCF TURNED POSITIVE",
      "detail": "FCF margin: -40.5% -> +31.0%",
      "severity": "HIGH"
    },
    {
      "quarter": "2025-06 (Q2)",
      "signal": "OPERATING LEVERAGE",
      "detail": "Rev growth +5.8% vs OpEx growth +3.4% (leverage: 1.7x)",
      "severity": "MEDIUM"
    },
    {
      "quarter": "2025-06 (Q2)",
      "signal": "YoY REVENUE GROWTH ACCELERATION",
      "detail": "YoY growth: +2.8% vs prior quarter YoY: -5.9% (accel: +8.7%)",
      "severity": "MEDIUM"
    },
    {
      "quarter": "2024-12 (Q4)",
      "signal": "FCF TURNED POSITIVE",
      "detail": "FCF margin: -4.4% -> +21.8%",
      "severity": "HIGH"
    },
    {
      "quarter": "2024-06 (Q2)",
      "signal": "FCF TURNED POSITIVE",
      "detail": "FCF margin: -4.1% -> +27.8%",
      "severity": "HIGH"
    },
    {
      "quarter": "2024-06 (Q2)",
      "signal": "YoY REVENUE GROWTH DECELERATION",
      "detail": "YoY growth: -9.9% vs prior quarter YoY: +3.2% (decel: -13.1%)",
      "severity": "WARNING"
    },
    {
      "quarter": "2023-12 (Q4)",
      "signal": "FCF TURNED POSITIVE",
      "detail": "FCF margin: -0.3% -> +36.2%",
      "severity": "HIGH"
    },
    {
      "quarter": "2023-09 (Q3)",
      "signal": "YoY REVENUE GROWTH DECELERATION",
      "detail": "YoY growth: +1.2% vs prior quarter YoY: +7.6% (decel: -6.4%)",
      "severity": "WARNING"
    },
    {
      "quarter": "2023-06 (Q2)",
      "signal": "FCF TURNED POSITIVE",
      "detail": "FCF margin: -50.7% -> +44.2%",
      "severity": "HIGH"
    },
    {
      "quarter": "2023-06 (Q2)",
      "signal": "OPERATING LEVERAGE",
      "detail": "Rev growth +10.8% vs OpEx growth +6.9% (leverage: 1.6x)",
      "severity": "MEDIUM"
    },
    {
      "quarter": "2022-12 (Q4)",
      "signal": "FCF MARGIN EXPANSION",
      "detail": "FCF margin: +12.0% -> +26.9% (+14.9%)",
      "severity": "MEDIUM"
    },
    {
      "quarter": "2022-12 (Q4)",
      "signal": "YoY REVENUE GROWTH DECELERATION",
      "detail": "YoY growth: +6.2% vs prior quarter YoY: +22.0% (decel: -15.8%)",
      "severity": "WARNING"
    },
    {
      "quarter": "2022-09 (Q3)",
      "signal": "OPERATING LEVERAGE",
      "detail": "Rev growth +2.6% vs OpEx growth +0.9% (leverage: 2.8x)",
      "severity": "MEDIUM"
    },
    {
      "quarter": "2022-06 (Q2)",
      "signal": "FCF TURNED POSITIVE",
      "detail": "FCF margin: -47.2% -> +27.5%",
      "severity": "HIGH"
    },
    {
      "quarter": "2021-12 (Q4)",
      "signal": "FCF TURNED POSITIVE",
      "detail": "FCF margin: -16.1% -> +41.4%",
      "severity": "HIGH"
    },
    {
      "quarter": "2021-06 (Q2)",
      "signal": "FCF TURNED POSITIVE",
      "detail": "FCF margin: -77.1% -> +9.5%",
      "severity": "HIGH"
    }
  ],
  "data_quality": {
    "n_quarters": 20,
    "coverage": {
      "revenue": [
        20,
        20
      ],
      "gross_profit": [
        0,
        20
      ],
      "op_income": [
        0,
        20
      ],
      "fcf": [
        20,
        20
      ]
    },
    "gaps": [],
    "warnings": [
      "gross_profit: no data",
      "op_income: no data"
    ]
  },
  "market_cap": null,
  "source": "SEC EDGAR",
  "last_updated": "2026-02-02T21:52:19.298865"
}