{
  "ticker": "L",
  "name": "LOEWS CORP",
  "quarters": [
    {
      "date": "2020-12-31T00:00:00",
      "quarter_label": "2020-12 (Q4)",
      "revenue": 3709000000,
      "gross_profit": null,
      "operating_income": null,
      "net_income": 397000000,
      "opex": null,
      "cogs": null,
      "rd": null,
      "sga": null,
      "fcf": 328000000,
      "ocf": 454000000,
      "capex": -126000000,
      "gross_margin": null,
      "op_margin": null,
      "fcf_margin": 0.08843354003774602
    },
    {
      "date": "2021-03-31T00:00:00",
      "quarter_label": "2021-03 (Q1)",
      "revenue": 3622000000,
      "gross_profit": null,
      "operating_income": null,
      "net_income": 261000000,
      "opex": null,
      "cogs": null,
      "rd": null,
      "sga": null,
      "fcf": 47000000,
      "ocf": 134000000,
      "capex": -87000000,
      "gross_margin": null,
      "op_margin": null,
      "fcf_margin": 0.012976256212037547,
      "fcf_margin_change": -0.07545728382570847
    },
    {
      "date": "2021-06-30T00:00:00",
      "quarter_label": "2021-06 (Q2)",
      "revenue": 4003000000,
      "gross_profit": null,
      "operating_income": null,
      "net_income": 754000000,
      "opex": null,
      "cogs": null,
      "rd": null,
      "sga": null,
      "fcf": 313000000,
      "ocf": 409000000,
      "capex": -96000000,
      "gross_margin": null,
      "op_margin": null,
      "fcf_margin": 0.07819135648263802,
      "fcf_margin_change": 0.06521510027060047
    },
    {
      "date": "2021-09-30T00:00:00",
      "quarter_label": "2021-09 (Q3)",
      "revenue": 3371000000,
      "gross_profit": null,
      "operating_income": null,
      "net_income": 220000000,
      "opex": null,
      "cogs": null,
      "rd": null,
      "sga": null,
      "fcf": 989000000,
      "ocf": 1133000000,
      "capex": -144000000,
      "gross_margin": null,
      "op_margin": null,
      "fcf_margin": 0.29338475229902106,
      "fcf_margin_change": 0.21519339581638303
    },
    {
      "date": "2021-12-31T00:00:00",
      "quarter_label": "2021-12 (Q4)",
      "revenue": 3661000000,
      "gross_profit": null,
      "operating_income": null,
      "net_income": 343000000,
      "opex": null,
      "cogs": null,
      "rd": null,
      "sga": null,
      "fcf": 792000000,
      "ocf": 947000000,
      "capex": -155000000,
      "gross_margin": null,
      "op_margin": null,
      "fcf_margin": 0.21633433488118,
      "rev_growth_yoy": -0.012941493664060394,
      "fcf_margin_change": -0.07705041741784105
    },
    {
      "date": "2022-03-31T00:00:00",
      "quarter_label": "2022-03 (Q1)",
      "revenue": 3402000000,
      "gross_profit": null,
      "operating_income": null,
      "net_income": 338000000,
      "opex": null,
      "cogs": null,
      "rd": null,
      "sga": null,
      "fcf": 302000000,
      "ocf": 423000000,
      "capex": -121000000,
      "gross_margin": null,
      "op_margin": null,
      "fcf_margin": 0.08877131099353322,
      "rev_growth_yoy": -0.060739922694643844,
      "rev_growth_yoy_accel": -0.04779842903058345,
      "fcf_margin_change": -0.1275630238876468
    },
    {
      "date": "2022-06-30T00:00:00",
      "quarter_label": "2022-06 (Q2)",
      "revenue": 3388000000,
      "gross_profit": null,
      "operating_income": null,
      "net_income": 180000000,
      "opex": null,
      "cogs": null,
      "rd": null,
      "sga": null,
      "fcf": 832000000,
      "ocf": 1023000000,
      "capex": -191000000,
      "gross_margin": null,
      "op_margin": null,
      "fcf_margin": 0.24557260920897284,
      "rev_growth_yoy": -0.15363477391956032,
      "rev_growth_yoy_accel": -0.09289485122491647,
      "fcf_margin_change": 0.15680129821543962
    },
    {
      "date": "2022-09-30T00:00:00",
      "quarter_label": "2022-09 (Q3)",
      "revenue": 3461000000,
      "gross_profit": null,
      "operating_income": null,
      "net_income": 130000000,
      "opex": null,
      "cogs": null,
      "rd": null,
      "sga": null,
      "fcf": 1121000000,
      "ocf": 1246000000,
      "capex": -125000000,
      "gross_margin": null,
      "op_margin": null,
      "fcf_margin": 0.3238948280843687,
      "rev_growth_yoy": 0.026698309107089886,
      "rev_growth_yoy_accel": 0.18033308302665021,
      "fcf_margin_change": 0.07832221887539587
    },
    {
      "date": "2022-12-31T00:00:00",
      "quarter_label": "2022-12 (Q4)",
      "revenue": 3793000000,
      "gross_profit": null,
      "operating_income": null,
      "net_income": 355000000,
      "opex": null,
      "cogs": null,
      "rd": null,
      "sga": null,
      "fcf": 399000000,
      "ocf": 622000000,
      "capex": -223000000,
      "gross_margin": null,
      "op_margin": null,
      "fcf_margin": 0.1051937780121276,
      "rev_growth_yoy": 0.036055722480196666,
      "rev_growth_yoy_accel": 0.00935741337310678,
      "fcf_margin_change": -0.2187010500722411
    },
    {
      "date": "2023-03-31T00:00:00",
      "quarter_label": "2023-03 (Q1)",
      "revenue": 3783000000,
      "gross_profit": null,
      "operating_income": null,
      "net_income": 375000000,
      "opex": null,
      "cogs": null,
      "rd": null,
      "sga": null,
      "fcf": 560000000,
      "ocf": 719000000,
      "capex": -159000000,
      "gross_margin": null,
      "op_margin": null,
      "fcf_margin": 0.14803066349458102,
      "rev_growth_yoy": 0.11199294532627865,
      "rev_growth_yoy_accel": 0.07593722284608198,
      "fcf_margin_change": 0.042836885482453416
    },
    {
      "date": "2023-06-30T00:00:00",
      "quarter_label": "2023-06 (Q2)",
      "revenue": 3934000000,
      "gross_profit": null,
      "operating_income": null,
      "net_income": 360000000,
      "opex": null,
      "cogs": null,
      "rd": null,
      "sga": null,
      "fcf": 1294000000,
      "ocf": 1434000000,
      "capex": -140000000,
      "gross_margin": null,
      "op_margin": null,
      "fcf_margin": 0.3289273004575496,
      "rev_growth_yoy": 0.16115702479338842,
      "rev_growth_yoy_accel": 0.04916407946710977,
      "fcf_margin_change": 0.18089663696296857
    },
    {
      "date": "2023-09-30T00:00:00",
      "quarter_label": "2023-09 (Q3)",
      "revenue": 3926000000,
      "gross_profit": null,
      "operating_income": null,
      "net_income": 253000000,
      "opex": null,
      "cogs": null,
      "rd": null,
      "sga": null,
      "fcf": 1113000000,
      "ocf": 1277000000,
      "capex": -164000000,
      "gross_margin": null,
      "op_margin": null,
      "fcf_margin": 0.2834946510443199,
      "rev_growth_yoy": 0.13435423288067033,
      "rev_growth_yoy_accel": -0.026802791912718088,
      "fcf_margin_change": -0.045432649413229664
    },
    {
      "date": "2023-12-31T00:00:00",
      "quarter_label": "2023-12 (Q4)",
      "revenue": 4258000000,
      "gross_profit": null,
      "operating_income": null,
      "net_income": 446000000,
      "opex": null,
      "cogs": null,
      "rd": null,
      "sga": null,
      "fcf": 254000000,
      "ocf": 477000000,
      "capex": -223000000,
      "gross_margin": null,
      "op_margin": null,
      "fcf_margin": 0.05965241897604509,
      "rev_growth_yoy": 0.12259425257052466,
      "rev_growth_yoy_accel": -0.011759980310145676,
      "fcf_margin_change": -0.22384223206827483
    },
    {
      "date": "2024-03-31T00:00:00",
      "quarter_label": "2024-03 (Q1)",
      "revenue": 4231000000,
      "gross_profit": null,
      "operating_income": null,
      "net_income": 457000000,
      "opex": null,
      "cogs": null,
      "rd": null,
      "sga": null,
      "fcf": 39000000,
      "ocf": 198000000,
      "capex": -159000000,
      "gross_margin": null,
      "op_margin": null,
      "fcf_margin": 0.009217679035688962,
      "rev_growth_yoy": 0.11842453079566481,
      "rev_growth_yoy_accel": -0.004169721774859844,
      "fcf_margin_change": -0.05043473994035613
    },
    {
      "date": "2024-06-30T00:00:00",
      "quarter_label": "2024-06 (Q2)",
      "revenue": 4267000000,
      "gross_profit": null,
      "operating_income": null,
      "net_income": 369000000,
      "opex": null,
      "cogs": null,
      "rd": null,
      "sga": null,
      "fcf": 793000000,
      "ocf": 952000000,
      "capex": -159000000,
      "gross_margin": null,
      "op_margin": null,
      "fcf_margin": 0.1858448558706351,
      "rev_growth_yoy": 0.08464667005592272,
      "rev_growth_yoy_accel": -0.033777860739742094,
      "fcf_margin_change": 0.17662717683494614
    },
    {
      "date": "2024-09-30T00:00:00",
      "quarter_label": "2024-09 (Q3)",
      "revenue": 4466000000,
      "gross_profit": null,
      "operating_income": null,
      "net_income": 401000000,
      "opex": null,
      "cogs": null,
      "rd": null,
      "sga": null,
      "fcf": 794000000,
      "ocf": 934000000,
      "capex": -140000000,
      "gross_margin": null,
      "op_margin": null,
      "fcf_margin": 0.17778772951186744,
      "rev_growth_yoy": 0.13754457463066735,
      "rev_growth_yoy_accel": 0.052897904574744636,
      "fcf_margin_change": -0.008057126358767652
    },
    {
      "date": "2024-12-31T00:00:00",
      "quarter_label": "2024-12 (Q4)",
      "revenue": 4546000000,
      "gross_profit": null,
      "operating_income": null,
      "net_income": 187000000,
      "opex": null,
      "cogs": null,
      "rd": null,
      "sga": null,
      "fcf": 767000000,
      "ocf": 941000000,
      "capex": -174000000,
      "gross_margin": null,
      "op_margin": null,
      "fcf_margin": 0.16871975362956446,
      "rev_growth_yoy": 0.06763738844527947,
      "rev_growth_yoy_accel": -0.06990718618538788,
      "fcf_margin_change": -0.009067975882302987
    },
    {
      "date": "2025-03-31T00:00:00",
      "quarter_label": "2025-03 (Q1)",
      "revenue": 4494000000,
      "gross_profit": null,
      "operating_income": null,
      "net_income": 370000000,
      "opex": null,
      "cogs": null,
      "rd": null,
      "sga": null,
      "fcf": 638000000,
      "ocf": 736000000,
      "capex": -98000000,
      "gross_margin": null,
      "op_margin": null,
      "fcf_margin": 0.14196706720071206,
      "rev_growth_yoy": 0.062160245804774285,
      "rev_growth_yoy_accel": -0.005477142640505188,
      "fcf_margin_change": -0.026752686428852396
    },
    {
      "date": "2025-06-30T00:00:00",
      "quarter_label": "2025-06 (Q2)",
      "revenue": 4555000000,
      "gross_profit": null,
      "operating_income": null,
      "net_income": 391000000,
      "opex": null,
      "cogs": null,
      "rd": null,
      "sga": null,
      "fcf": 872000000,
      "ocf": 1006000000,
      "capex": -134000000,
      "gross_margin": null,
      "op_margin": null,
      "fcf_margin": 0.19143798024149286,
      "rev_growth_yoy": 0.06749472697445512,
      "rev_growth_yoy_accel": 0.005334481169680834,
      "fcf_margin_change": 0.0494709130407808
    },
    {
      "date": "2025-09-30T00:00:00",
      "quarter_label": "2025-09 (Q3)",
      "revenue": 4671000000,
      "gross_profit": null,
      "operating_income": null,
      "net_income": 504000000,
      "opex": null,
      "cogs": null,
      "rd": null,
      "sga": null,
      "fcf": 764000000,
      "ocf": 920000000,
      "capex": -156000000,
      "gross_margin": null,
      "op_margin": null,
      "fcf_margin": 0.1635624063369728,
      "rev_growth_yoy": 0.04590237348858039,
      "rev_growth_yoy_accel": -0.02159235348587473,
      "fcf_margin_change": -0.027875573904520057
    }
  ],
  "signals": [
    {
      "quarter": "2024-12 (Q4)",
      "signal": "YoY REVENUE GROWTH DECELERATION",
      "detail": "YoY growth: +6.8% vs prior quarter YoY: +13.8% (decel: -7.0%)",
      "severity": "WARNING"
    },
    {
      "quarter": "2024-09 (Q3)",
      "signal": "YoY REVENUE GROWTH ACCELERATION",
      "detail": "YoY growth: +13.8% vs prior quarter YoY: +8.5% (accel: +5.3%)",
      "severity": "MEDIUM"
    },
    {
      "quarter": "2024-06 (Q2)",
      "signal": "FCF MARGIN EXPANSION",
      "detail": "FCF margin: +0.9% -> +18.6% (+17.7%)",
      "severity": "MEDIUM"
    },
    {
      "quarter": "2023-06 (Q2)",
      "signal": "FCF MARGIN EXPANSION",
      "detail": "FCF margin: +14.8% -> +32.9% (+18.1%)",
      "severity": "MEDIUM"
    },
    {
      "quarter": "2023-03 (Q1)",
      "signal": "YoY REVENUE GROWTH ACCELERATION",
      "detail": "YoY growth: +11.2% vs prior quarter YoY: +3.6% (accel: +7.6%)",
      "severity": "MEDIUM"
    },
    {
      "quarter": "2022-09 (Q3)",
      "signal": "FCF MARGIN EXPANSION",
      "detail": "FCF margin: +24.6% -> +32.4% (+7.8%)",
      "severity": "MEDIUM"
    },
    {
      "quarter": "2022-09 (Q3)",
      "signal": "YoY REVENUE GROWTH ACCELERATION",
      "detail": "YoY growth: +2.7% vs prior quarter YoY: -15.4% (accel: +18.0%)",
      "severity": "HIGH"
    },
    {
      "quarter": "2022-06 (Q2)",
      "signal": "FCF MARGIN EXPANSION",
      "detail": "FCF margin: +8.9% -> +24.6% (+15.7%)",
      "severity": "MEDIUM"
    },
    {
      "quarter": "2022-06 (Q2)",
      "signal": "YoY REVENUE GROWTH DECELERATION",
      "detail": "YoY growth: -15.4% vs prior quarter YoY: -6.1% (decel: -9.3%)",
      "severity": "WARNING"
    },
    {
      "quarter": "2021-09 (Q3)",
      "signal": "FCF MARGIN EXPANSION",
      "detail": "FCF margin: +7.8% -> +29.3% (+21.5%)",
      "severity": "MEDIUM"
    },
    {
      "quarter": "2021-06 (Q2)",
      "signal": "FCF MARGIN EXPANSION",
      "detail": "FCF margin: +1.3% -> +7.8% (+6.5%)",
      "severity": "MEDIUM"
    }
  ],
  "data_quality": {
    "n_quarters": 20,
    "coverage": {
      "revenue": [
        20,
        20
      ],
      "gross_profit": [
        0,
        20
      ],
      "op_income": [
        0,
        20
      ],
      "fcf": [
        20,
        20
      ]
    },
    "gaps": [],
    "warnings": [
      "gross_profit: no data",
      "op_income: no data"
    ]
  },
  "market_cap": null,
  "source": "SEC EDGAR",
  "last_updated": "2026-02-02T20:17:29.675491"
}