{
  "ticker": "LANDO",
  "name": "GLADSTONE LAND CORP",
  "quarters": [
    {
      "date": "2020-12-31T00:00:00",
      "quarter_label": "2020-12 (Q4)",
      "revenue": 15124000,
      "gross_profit": null,
      "operating_income": null,
      "net_income": 114000,
      "opex": 7985000,
      "cogs": null,
      "rd": null,
      "sga": null,
      "fcf": 13409000,
      "ocf": 13409000,
      "capex": null,
      "gross_margin": null,
      "op_margin": null,
      "fcf_margin": 0.8866040729965617
    },
    {
      "date": "2021-03-31T00:00:00",
      "quarter_label": "2021-03 (Q1)",
      "revenue": 16034000,
      "gross_profit": null,
      "operating_income": null,
      "net_income": 553000,
      "opex": 9907000,
      "cogs": null,
      "rd": null,
      "sga": null,
      "fcf": 6656000,
      "ocf": 6656000,
      "capex": null,
      "gross_margin": null,
      "op_margin": null,
      "fcf_margin": 0.4151178745166521,
      "op_leverage_ratio": 0.24997481795306561,
      "fcf_margin_change": -0.47148619847990964
    },
    {
      "date": "2021-06-30T00:00:00",
      "quarter_label": "2021-06 (Q2)",
      "revenue": 16893000,
      "gross_profit": null,
      "operating_income": null,
      "net_income": -530000,
      "opex": 9495000,
      "cogs": null,
      "rd": null,
      "sga": null,
      "fcf": 10309000,
      "ocf": 10309000,
      "capex": null,
      "gross_margin": null,
      "op_margin": null,
      "fcf_margin": 0.6102527674184574,
      "op_leverage_ratio": Infinity,
      "fcf_margin_change": 0.19513489290180525
    },
    {
      "date": "2021-09-30T00:00:00",
      "quarter_label": "2021-09 (Q3)",
      "revenue": 19591000,
      "gross_profit": null,
      "operating_income": null,
      "net_income": 1495000,
      "opex": 11207000,
      "cogs": null,
      "rd": null,
      "sga": null,
      "fcf": 3391000,
      "ocf": 3391000,
      "capex": null,
      "gross_margin": null,
      "op_margin": null,
      "fcf_margin": 0.17308968403858915,
      "op_leverage_ratio": 0.885781023605973,
      "fcf_margin_change": -0.4371630833798682
    },
    {
      "date": "2021-12-31T00:00:00",
      "quarter_label": "2021-12 (Q4)",
      "revenue": 22800000,
      "gross_profit": null,
      "operating_income": null,
      "net_income": 1977000,
      "opex": 13005000,
      "cogs": null,
      "rd": null,
      "sga": null,
      "fcf": 12021000,
      "ocf": 12021000,
      "capex": null,
      "gross_margin": null,
      "op_margin": null,
      "fcf_margin": 0.5272368421052631,
      "rev_growth_yoy": 0.507537688442211,
      "op_leverage_ratio": 1.0209695673633707,
      "fcf_margin_change": 0.35414715806667396
    },
    {
      "date": "2022-03-31T00:00:00",
      "quarter_label": "2022-03 (Q1)",
      "revenue": 19943000,
      "gross_profit": null,
      "operating_income": null,
      "net_income": 1178000,
      "opex": 13364000,
      "cogs": null,
      "rd": null,
      "sga": null,
      "fcf": 7553000,
      "ocf": 7553000,
      "capex": null,
      "gross_margin": null,
      "op_margin": null,
      "fcf_margin": 0.37872937872937873,
      "rev_growth_yoy": 0.24379443682175378,
      "rev_growth_yoy_accel": -0.26374325162045725,
      "fcf_margin_change": -0.14850746337588439
    },
    {
      "date": "2022-06-30T00:00:00",
      "quarter_label": "2022-06 (Q2)",
      "revenue": 20293000,
      "gross_profit": null,
      "operating_income": null,
      "net_income": 616000,
      "opex": 12160000,
      "cogs": null,
      "rd": null,
      "sga": null,
      "fcf": 11802000,
      "ocf": 11802000,
      "capex": null,
      "gross_margin": null,
      "op_margin": null,
      "fcf_margin": 0.581579855122456,
      "rev_growth_yoy": 0.2012667968981235,
      "rev_growth_yoy_accel": -0.04252763992363029,
      "op_leverage_ratio": Infinity,
      "fcf_margin_change": 0.2028504763930773
    },
    {
      "date": "2022-09-30T00:00:00",
      "quarter_label": "2022-09 (Q3)",
      "revenue": 24209000,
      "gross_profit": null,
      "operating_income": null,
      "net_income": 1804000,
      "opex": 14566000,
      "cogs": null,
      "rd": null,
      "sga": null,
      "fcf": 3718000,
      "ocf": 3718000,
      "capex": null,
      "gross_margin": null,
      "op_margin": null,
      "fcf_margin": 0.15357924738733528,
      "rev_growth_yoy": 0.23572048389566638,
      "rev_growth_yoy_accel": 0.03445368699754289,
      "op_leverage_ratio": 0.9752913663540683,
      "fcf_margin_change": -0.4280006077351207
    },
    {
      "date": "2022-12-31T00:00:00",
      "quarter_label": "2022-12 (Q4)",
      "revenue": 24791000,
      "gross_profit": null,
      "operating_income": null,
      "net_income": 1111000,
      "opex": 15224000,
      "cogs": null,
      "rd": null,
      "sga": null,
      "fcf": 20715000,
      "ocf": 20715000,
      "capex": null,
      "gross_margin": null,
      "op_margin": null,
      "fcf_margin": 0.8355854947359929,
      "rev_growth_yoy": 0.08732456140350878,
      "rev_growth_yoy_accel": -0.1483959224921576,
      "op_leverage_ratio": 0.5321824471569204,
      "fcf_margin_change": 0.6820062473486576
    },
    {
      "date": "2023-03-31T00:00:00",
      "quarter_label": "2023-03 (Q1)",
      "revenue": 21202000,
      "gross_profit": null,
      "operating_income": null,
      "net_income": 1750000,
      "opex": 13757000,
      "cogs": null,
      "rd": null,
      "sga": null,
      "fcf": 4714000,
      "ocf": 4714000,
      "capex": null,
      "gross_margin": null,
      "op_margin": null,
      "fcf_margin": 0.22233751532874257,
      "rev_growth_yoy": 0.06312992027277742,
      "rev_growth_yoy_accel": -0.02419464113073136,
      "fcf_margin_change": -0.6132479794072503
    },
    {
      "date": "2023-06-30T00:00:00",
      "quarter_label": "2023-06 (Q2)",
      "revenue": 21210000,
      "gross_profit": null,
      "operating_income": null,
      "net_income": 7855000,
      "opex": 13383000,
      "cogs": null,
      "rd": null,
      "sga": null,
      "fcf": 17863000,
      "ocf": 17863000,
      "capex": null,
      "gross_margin": null,
      "op_margin": null,
      "fcf_margin": 0.8421970768505422,
      "rev_growth_yoy": 0.0451879958606416,
      "rev_growth_yoy_accel": -0.017941924412135817,
      "fcf_margin_change": 0.6198595615217997
    },
    {
      "date": "2023-09-30T00:00:00",
      "quarter_label": "2023-09 (Q3)",
      "revenue": 23534000,
      "gross_profit": null,
      "operating_income": null,
      "net_income": 3141000,
      "opex": 14136000,
      "cogs": null,
      "rd": null,
      "sga": null,
      "fcf": 80000,
      "ocf": 80000,
      "capex": null,
      "gross_margin": null,
      "op_margin": null,
      "fcf_margin": 0.0033993371292597944,
      "rev_growth_yoy": -0.02788219257301004,
      "rev_growth_yoy_accel": -0.07307018843365164,
      "op_leverage_ratio": 1.94739458009546,
      "fcf_margin_change": -0.8387977397212825
    },
    {
      "date": "2023-12-31T00:00:00",
      "quarter_label": "2023-12 (Q4)",
      "revenue": 24452000,
      "gross_profit": null,
      "operating_income": null,
      "net_income": 1819000,
      "opex": 15639000,
      "cogs": null,
      "rd": null,
      "sga": null,
      "fcf": 17424000,
      "ocf": 17424000,
      "capex": null,
      "gross_margin": null,
      "op_margin": null,
      "fcf_margin": 0.7125797480778668,
      "rev_growth_yoy": -0.01367431729256585,
      "rev_growth_yoy_accel": 0.014207875280444189,
      "op_leverage_ratio": 0.3668719330269519,
      "fcf_margin_change": 0.7091804109486071
    },
    {
      "date": "2024-03-31T00:00:00",
      "quarter_label": "2024-03 (Q1)",
      "revenue": 20252000,
      "gross_profit": null,
      "operating_income": null,
      "net_income": 13567000,
      "opex": 12991000,
      "cogs": null,
      "rd": null,
      "sga": null,
      "fcf": 3420000,
      "ocf": 3420000,
      "capex": null,
      "gross_margin": null,
      "op_margin": null,
      "fcf_margin": 0.16887221015208376,
      "rev_growth_yoy": -0.04480709367040845,
      "rev_growth_yoy_accel": -0.0311327763778426,
      "fcf_margin_change": -0.5437075379257831
    },
    {
      "date": "2024-06-30T00:00:00",
      "quarter_label": "2024-06 (Q2)",
      "revenue": 21297000,
      "gross_profit": null,
      "operating_income": null,
      "net_income": -823000,
      "opex": 13433000,
      "cogs": null,
      "rd": null,
      "sga": null,
      "fcf": 15913000,
      "ocf": 15913000,
      "capex": null,
      "gross_margin": null,
      "op_margin": null,
      "fcf_margin": 0.7471944405315303,
      "rev_growth_yoy": 0.004101838755304102,
      "rev_growth_yoy_accel": 0.04890893242571255,
      "op_leverage_ratio": 1.5165917359818324,
      "fcf_margin_change": 0.5783222303794465
    },
    {
      "date": "2024-09-30T00:00:00",
      "quarter_label": "2024-09 (Q3)",
      "revenue": 22571000,
      "gross_profit": null,
      "operating_income": null,
      "net_income": 6000,
      "opex": 15699000,
      "cogs": null,
      "rd": null,
      "sga": null,
      "fcf": -1367000,
      "ocf": -1367000,
      "capex": null,
      "gross_margin": null,
      "op_margin": null,
      "fcf_margin": -0.060564441096982856,
      "rev_growth_yoy": -0.04091952069346477,
      "rev_growth_yoy_accel": -0.04502135944876887,
      "op_leverage_ratio": 0.3546207192597974,
      "fcf_margin_change": -0.8077588816285132
    },
    {
      "date": "2024-12-31T00:00:00",
      "quarter_label": "2024-12 (Q4)",
      "revenue": 21096000,
      "gross_profit": null,
      "operating_income": null,
      "net_income": 540000,
      "opex": 13819000,
      "cogs": null,
      "rd": null,
      "sga": null,
      "fcf": 11582000,
      "ocf": 11582000,
      "capex": null,
      "gross_margin": null,
      "op_margin": null,
      "fcf_margin": 0.5490140310959424,
      "rev_growth_yoy": -0.13724848683134305,
      "rev_growth_yoy_accel": -0.09632896613787828,
      "fcf_margin_change": 0.6095784721929253
    },
    {
      "date": "2025-03-31T00:00:00",
      "quarter_label": "2025-03 (Q1)",
      "revenue": 16804000,
      "gross_profit": null,
      "operating_income": null,
      "net_income": 15108000,
      "opex": 13127000,
      "cogs": null,
      "rd": null,
      "sga": null,
      "fcf": 4467000,
      "ocf": 4467000,
      "capex": null,
      "gross_margin": null,
      "op_margin": null,
      "fcf_margin": 0.26582956438943106,
      "rev_growth_yoy": -0.1702547896504049,
      "rev_growth_yoy_accel": -0.033006302819061833,
      "fcf_margin_change": -0.2831844667065113
    },
    {
      "date": "2025-06-30T00:00:00",
      "quarter_label": "2025-06 (Q2)",
      "revenue": 12296000,
      "gross_profit": null,
      "operating_income": null,
      "net_income": -7878000,
      "opex": 12510000,
      "cogs": null,
      "rd": null,
      "sga": null,
      "fcf": 3949000,
      "ocf": 3949000,
      "capex": null,
      "gross_margin": null,
      "op_margin": null,
      "fcf_margin": 0.32116135328562134,
      "rev_growth_yoy": -0.422641686622529,
      "rev_growth_yoy_accel": -0.25238689697212413,
      "fcf_margin_change": 0.05533178889619028
    },
    {
      "date": "2025-09-30T00:00:00",
      "quarter_label": "2025-09 (Q3)",
      "revenue": 17785000,
      "gross_profit": null,
      "operating_income": null,
      "net_income": 2087000,
      "opex": 13292000,
      "cogs": null,
      "rd": null,
      "sga": null,
      "fcf": -12036000,
      "ocf": -12036000,
      "capex": null,
      "gross_margin": null,
      "op_margin": null,
      "fcf_margin": -0.6767500702839472,
      "rev_growth_yoy": -0.2120420007974835,
      "rev_growth_yoy_accel": 0.21059968582504549,
      "op_leverage_ratio": 7.141343659468823,
      "fcf_margin_change": -0.9979114235695685
    }
  ],
  "signals": [
    {
      "quarter": "2025-09 (Q3)",
      "signal": "OPERATING LEVERAGE",
      "detail": "Rev growth +44.6% vs OpEx growth +6.3% (leverage: 7.1x)",
      "severity": "MEDIUM"
    },
    {
      "quarter": "2025-09 (Q3)",
      "signal": "YoY REVENUE GROWTH ACCELERATION",
      "detail": "YoY growth: -21.2% vs prior quarter YoY: -42.3% (accel: +21.1%)",
      "severity": "HIGH"
    },
    {
      "quarter": "2025-06 (Q2)",
      "signal": "FCF MARGIN EXPANSION",
      "detail": "FCF margin: +26.6% -> +32.1% (+5.5%)",
      "severity": "MEDIUM"
    },
    {
      "quarter": "2025-06 (Q2)",
      "signal": "YoY REVENUE GROWTH DECELERATION",
      "detail": "YoY growth: -42.3% vs prior quarter YoY: -17.0% (decel: -25.2%)",
      "severity": "WARNING"
    },
    {
      "quarter": "2024-12 (Q4)",
      "signal": "FCF TURNED POSITIVE",
      "detail": "FCF margin: -6.1% -> +54.9%",
      "severity": "HIGH"
    },
    {
      "quarter": "2024-12 (Q4)",
      "signal": "YoY REVENUE GROWTH DECELERATION",
      "detail": "YoY growth: -13.7% vs prior quarter YoY: -4.1% (decel: -9.6%)",
      "severity": "WARNING"
    },
    {
      "quarter": "2024-06 (Q2)",
      "signal": "FCF MARGIN EXPANSION",
      "detail": "FCF margin: +16.9% -> +74.7% (+57.8%)",
      "severity": "MEDIUM"
    },
    {
      "quarter": "2024-06 (Q2)",
      "signal": "OPERATING LEVERAGE",
      "detail": "Rev growth +5.2% vs OpEx growth +3.4% (leverage: 1.5x)",
      "severity": "MEDIUM"
    },
    {
      "quarter": "2023-12 (Q4)",
      "signal": "FCF MARGIN EXPANSION",
      "detail": "FCF margin: +0.3% -> +71.3% (+70.9%)",
      "severity": "MEDIUM"
    },
    {
      "quarter": "2023-09 (Q3)",
      "signal": "OPERATING LEVERAGE",
      "detail": "Rev growth +11.0% vs OpEx growth +5.6% (leverage: 1.9x)",
      "severity": "MEDIUM"
    },
    {
      "quarter": "2023-09 (Q3)",
      "signal": "YoY REVENUE GROWTH DECELERATION",
      "detail": "YoY growth: -2.8% vs prior quarter YoY: +4.5% (decel: -7.3%)",
      "severity": "WARNING"
    },
    {
      "quarter": "2023-06 (Q2)",
      "signal": "FCF MARGIN EXPANSION",
      "detail": "FCF margin: +22.2% -> +84.2% (+62.0%)",
      "severity": "MEDIUM"
    },
    {
      "quarter": "2022-12 (Q4)",
      "signal": "FCF MARGIN EXPANSION",
      "detail": "FCF margin: +15.4% -> +83.6% (+68.2%)",
      "severity": "MEDIUM"
    },
    {
      "quarter": "2022-12 (Q4)",
      "signal": "YoY REVENUE GROWTH DECELERATION",
      "detail": "YoY growth: +8.7% vs prior quarter YoY: +23.6% (decel: -14.8%)",
      "severity": "WARNING"
    },
    {
      "quarter": "2022-06 (Q2)",
      "signal": "FCF MARGIN EXPANSION",
      "detail": "FCF margin: +37.9% -> +58.2% (+20.3%)",
      "severity": "MEDIUM"
    },
    {
      "quarter": "2022-03 (Q1)",
      "signal": "YoY REVENUE GROWTH DECELERATION",
      "detail": "YoY growth: +24.4% vs prior quarter YoY: +50.8% (decel: -26.4%)",
      "severity": "WARNING"
    },
    {
      "quarter": "2021-12 (Q4)",
      "signal": "FCF MARGIN EXPANSION",
      "detail": "FCF margin: +17.3% -> +52.7% (+35.4%)",
      "severity": "MEDIUM"
    },
    {
      "quarter": "2021-06 (Q2)",
      "signal": "FCF MARGIN EXPANSION",
      "detail": "FCF margin: +41.5% -> +61.0% (+19.5%)",
      "severity": "MEDIUM"
    }
  ],
  "data_quality": {
    "n_quarters": 20,
    "coverage": {
      "revenue": [
        20,
        20
      ],
      "gross_profit": [
        0,
        20
      ],
      "op_income": [
        0,
        20
      ],
      "fcf": [
        20,
        20
      ]
    },
    "gaps": [],
    "warnings": [
      "gross_profit: no data",
      "op_income: no data"
    ]
  },
  "market_cap": null,
  "source": "SEC EDGAR",
  "last_updated": "2026-02-03T01:10:31.545748"
}