{
  "ticker": "LAWIL",
  "name": "Light & Wonder, Inc.",
  "quarters": [
    {
      "date": "2020-12-31T00:00:00",
      "quarter_label": "2020-12 (Q4)",
      "revenue": 480000000,
      "gross_profit": 317000000,
      "operating_income": 62000000,
      "net_income": -90000000,
      "opex": 255000000,
      "cogs": 163000000,
      "rd": 43000000,
      "sga": 188000000,
      "fcf": 159000000,
      "ocf": 159000000,
      "capex": null,
      "gross_margin": 0.6604166666666667,
      "op_margin": 0.12916666666666668,
      "fcf_margin": 0.33125
    },
    {
      "date": "2021-03-31T00:00:00",
      "quarter_label": "2021-03 (Q1)",
      "revenue": 729000000,
      "gross_profit": 602000000,
      "operating_income": 81000000,
      "net_income": -15000000,
      "opex": 521000000,
      "cogs": 127000000,
      "rd": 52000000,
      "sga": 186000000,
      "fcf": 123000000,
      "ocf": 123000000,
      "capex": null,
      "gross_margin": 0.8257887517146777,
      "op_margin": 0.1111111111111111,
      "fcf_margin": 0.16872427983539096,
      "op_leverage_ratio": 0.4972979323308271,
      "fcf_margin_change": -0.16252572016460903
    },
    {
      "date": "2021-06-30T00:00:00",
      "quarter_label": "2021-06 (Q2)",
      "revenue": 880000000,
      "gross_profit": 721000000,
      "operating_income": 163000000,
      "net_income": 109000000,
      "opex": 558000000,
      "cogs": 159000000,
      "rd": 54000000,
      "sga": 205000000,
      "fcf": 149000000,
      "ocf": 149000000,
      "capex": null,
      "gross_margin": 0.8193181818181818,
      "op_margin": 0.18522727272727274,
      "fcf_margin": 0.1693181818181818,
      "op_leverage_ratio": 2.9166573981388795,
      "fcf_margin_change": 0.0005939019827908565
    },
    {
      "date": "2021-09-30T00:00:00",
      "quarter_label": "2021-09 (Q3)",
      "revenue": 539000000,
      "gross_profit": 386000000,
      "operating_income": 34000000,
      "net_income": 182000000,
      "opex": 352000000,
      "cogs": 153000000,
      "rd": 47000000,
      "sga": 164000000,
      "fcf": 187000000,
      "ocf": 187000000,
      "capex": null,
      "gross_margin": 0.7161410018552876,
      "op_margin": 0.06307977736549165,
      "fcf_margin": 0.3469387755102041,
      "fcf_margin_change": 0.17762059369202227
    },
    {
      "date": "2021-12-31T00:00:00",
      "quarter_label": "2021-12 (Q4)",
      "revenue": 580000000,
      "gross_profit": 410000000,
      "operating_income": 4000000,
      "net_income": 95000000,
      "opex": 406000000,
      "cogs": 170000000,
      "rd": 50000000,
      "sga": 177000000,
      "fcf": 226000000,
      "ocf": 226000000,
      "capex": null,
      "gross_margin": 0.7068965517241379,
      "op_margin": 0.006896551724137931,
      "fcf_margin": 0.3896551724137931,
      "incr_op_margin_yoy": -0.58,
      "rev_growth_yoy": 0.20833333333333334,
      "op_leverage_ratio": 0.49584278155706724,
      "fcf_margin_change": 0.04271639690358903
    },
    {
      "date": "2022-03-31T00:00:00",
      "quarter_label": "2022-03 (Q1)",
      "revenue": 572000000,
      "gross_profit": null,
      "operating_income": 40000000,
      "net_income": 26000000,
      "opex": null,
      "cogs": null,
      "rd": 53000000,
      "sga": 175000000,
      "fcf": 94000000,
      "ocf": 94000000,
      "capex": null,
      "gross_margin": null,
      "op_margin": 0.06993006993006994,
      "fcf_margin": 0.16433566433566432,
      "incr_op_margin_yoy": 0.2611464968152866,
      "rev_growth_yoy": -0.21536351165980797,
      "rev_growth_yoy_accel": -0.4236968449931413,
      "fcf_margin_change": -0.22531950807812878
    },
    {
      "date": "2022-06-30T00:00:00",
      "quarter_label": "2022-06 (Q2)",
      "revenue": 610000000,
      "gross_profit": null,
      "operating_income": 46000000,
      "net_income": 3291000000,
      "opex": null,
      "cogs": null,
      "rd": 56000000,
      "sga": 179000000,
      "fcf": -37000000,
      "ocf": -37000000,
      "capex": null,
      "gross_margin": null,
      "op_margin": 0.07540983606557378,
      "fcf_margin": -0.060655737704918035,
      "incr_op_margin_yoy": 0.43333333333333335,
      "rev_growth_yoy": -0.3068181818181818,
      "rev_growth_yoy_accel": -0.09145467015837386,
      "fcf_margin_change": -0.22499140204058235
    },
    {
      "date": "2022-09-30T00:00:00",
      "quarter_label": "2022-09 (Q3)",
      "revenue": 648000000,
      "gross_profit": null,
      "operating_income": 89000000,
      "net_income": 328000000,
      "opex": null,
      "cogs": null,
      "rd": 56000000,
      "sga": 181000000,
      "fcf": -351000000,
      "ocf": -351000000,
      "capex": null,
      "gross_margin": null,
      "op_margin": 0.13734567901234568,
      "fcf_margin": -0.5416666666666666,
      "incr_op_margin_yoy": 0.5045871559633027,
      "rev_growth_yoy": 0.20222634508348794,
      "rev_growth_yoy_accel": 0.5090445269016698,
      "fcf_margin_change": -0.4810109289617486
    },
    {
      "date": "2022-12-31T00:00:00",
      "quarter_label": "2022-12 (Q4)",
      "revenue": 682000000,
      "gross_profit": null,
      "operating_income": 98000000,
      "net_income": 30000000,
      "opex": null,
      "cogs": null,
      "rd": 55000000,
      "sga": 182000000,
      "fcf": -87000000,
      "ocf": -87000000,
      "capex": null,
      "gross_margin": null,
      "op_margin": 0.1436950146627566,
      "fcf_margin": -0.12756598240469208,
      "incr_op_margin_yoy": 0.9215686274509803,
      "rev_growth_yoy": 0.17586206896551723,
      "rev_growth_yoy_accel": -0.02636427611797071,
      "fcf_margin_change": 0.41410068426197455
    },
    {
      "date": "2023-03-31T00:00:00",
      "quarter_label": "2023-03 (Q1)",
      "revenue": 670000000,
      "gross_profit": null,
      "operating_income": 102000000,
      "net_income": 22000000,
      "opex": null,
      "cogs": null,
      "rd": 54000000,
      "sga": 192000000,
      "fcf": 185000000,
      "ocf": 185000000,
      "capex": null,
      "gross_margin": null,
      "op_margin": 0.15223880597014924,
      "fcf_margin": 0.27611940298507465,
      "incr_op_margin_yoy": 0.6326530612244898,
      "rev_growth_yoy": 0.17132867132867133,
      "rev_growth_yoy_accel": -0.004533397636845904,
      "fcf_margin_change": 0.4036853853897667
    },
    {
      "date": "2023-06-30T00:00:00",
      "quarter_label": "2023-06 (Q2)",
      "revenue": 731000000,
      "gross_profit": null,
      "operating_income": 113000000,
      "net_income": -1000000,
      "opex": null,
      "cogs": null,
      "rd": 58000000,
      "sga": 203000000,
      "fcf": 34000000,
      "ocf": 34000000,
      "capex": null,
      "gross_margin": null,
      "op_margin": 0.1545827633378933,
      "fcf_margin": 0.046511627906976744,
      "incr_op_margin_yoy": 0.5537190082644629,
      "rev_growth_yoy": 0.19836065573770492,
      "rev_growth_yoy_accel": 0.027031984409033594,
      "fcf_margin_change": -0.2296077750780979
    },
    {
      "date": "2023-09-30T00:00:00",
      "quarter_label": "2023-09 (Q3)",
      "revenue": 731000000,
      "gross_profit": null,
      "operating_income": 147000000,
      "net_income": 75000000,
      "opex": null,
      "cogs": null,
      "rd": 55000000,
      "sga": 204000000,
      "fcf": 204000000,
      "ocf": 204000000,
      "capex": null,
      "gross_margin": null,
      "op_margin": 0.20109439124487005,
      "fcf_margin": 0.27906976744186046,
      "incr_op_margin_yoy": 0.6987951807228916,
      "rev_growth_yoy": 0.12808641975308643,
      "rev_growth_yoy_accel": -0.07027423598461849,
      "fcf_margin_change": 0.23255813953488372
    },
    {
      "date": "2023-12-31T00:00:00",
      "quarter_label": "2023-12 (Q4)",
      "revenue": 771000000,
      "gross_profit": null,
      "operating_income": 156000000,
      "net_income": 67000000,
      "opex": null,
      "cogs": null,
      "rd": 60000000,
      "sga": 209000000,
      "fcf": 167000000,
      "ocf": 167000000,
      "capex": null,
      "gross_margin": null,
      "op_margin": 0.20233463035019456,
      "fcf_margin": 0.21660181582360571,
      "incr_op_margin_yoy": 0.651685393258427,
      "rev_growth_yoy": 0.13049853372434017,
      "rev_growth_yoy_accel": 0.0024121139712537376,
      "fcf_margin_change": -0.06246795161825475
    },
    {
      "date": "2024-03-31T00:00:00",
      "quarter_label": "2024-03 (Q1)",
      "revenue": 756000000,
      "gross_profit": 537000000,
      "operating_income": 165000000,
      "net_income": 82000000,
      "opex": 372000000,
      "cogs": 219000000,
      "rd": 62000000,
      "sga": 218000000,
      "fcf": 171000000,
      "ocf": 171000000,
      "capex": null,
      "gross_margin": 0.7103174603174603,
      "op_margin": 0.21825396825396826,
      "fcf_margin": 0.2261904761904762,
      "incr_op_margin_yoy": 0.7325581395348837,
      "rev_growth_yoy": 0.12835820895522387,
      "rev_growth_yoy_accel": -0.0021403247691162974,
      "fcf_margin_change": 0.009588660366870477
    },
    {
      "date": "2024-06-30T00:00:00",
      "quarter_label": "2024-06 (Q2)",
      "revenue": 818000000,
      "gross_profit": 582000000,
      "operating_income": 175000000,
      "net_income": 82000000,
      "opex": 407000000,
      "cogs": 236000000,
      "rd": 66000000,
      "sga": 220000000,
      "fcf": 141000000,
      "ocf": 141000000,
      "capex": null,
      "gross_margin": 0.7114914425427873,
      "op_margin": 0.2139364303178484,
      "fcf_margin": 0.17237163814180928,
      "incr_op_margin_yoy": 0.7126436781609196,
      "rev_growth_yoy": 0.11901504787961696,
      "rev_growth_yoy_accel": -0.009343161075606912,
      "op_leverage_ratio": 0.8716553287981859,
      "fcf_margin_change": -0.05381883804866691
    },
    {
      "date": "2024-09-30T00:00:00",
      "quarter_label": "2024-09 (Q3)",
      "revenue": 817000000,
      "gross_profit": 571000000,
      "operating_income": 159000000,
      "net_income": 64000000,
      "opex": 412000000,
      "cogs": 246000000,
      "rd": 66000000,
      "sga": 220000000,
      "fcf": 118000000,
      "ocf": 118000000,
      "capex": null,
      "gross_margin": 0.6988984088127295,
      "op_margin": 0.19461444308445533,
      "fcf_margin": 0.14443084455324356,
      "incr_op_margin_yoy": 0.13953488372093023,
      "rev_growth_yoy": 0.11764705882352941,
      "rev_growth_yoy_accel": -0.0013679890560875513,
      "fcf_margin_change": -0.027940793588565715
    },
    {
      "date": "2024-12-31T00:00:00",
      "quarter_label": "2024-12 (Q4)",
      "revenue": 797000000,
      "gross_profit": 567000000,
      "operating_income": 168000000,
      "net_income": 108000000,
      "opex": 399000000,
      "cogs": 230000000,
      "rd": 68000000,
      "sga": 215000000,
      "fcf": 202000000,
      "ocf": 202000000,
      "capex": null,
      "gross_margin": 0.7114178168130489,
      "op_margin": 0.2107904642409034,
      "fcf_margin": 0.2534504391468005,
      "incr_op_margin_yoy": 0.46153846153846156,
      "rev_growth_yoy": 0.03372243839169909,
      "rev_growth_yoy_accel": -0.08392462043183033,
      "fcf_margin_change": 0.10901959459355692
    },
    {
      "date": "2025-03-31T00:00:00",
      "quarter_label": "2025-03 (Q1)",
      "revenue": 774000000,
      "gross_profit": 563000000,
      "operating_income": 170000000,
      "net_income": null,
      "opex": 393000000,
      "cogs": 211000000,
      "rd": 65000000,
      "sga": 217000000,
      "fcf": 185000000,
      "ocf": 185000000,
      "capex": null,
      "gross_margin": 0.727390180878553,
      "op_margin": 0.21963824289405684,
      "fcf_margin": 0.23901808785529716,
      "incr_op_margin_yoy": 0.2777777777777778,
      "rev_growth_yoy": 0.023809523809523808,
      "rev_growth_yoy_accel": -0.009912914582175282,
      "fcf_margin_change": -0.014432351291503331
    },
    {
      "date": "2025-06-30T00:00:00",
      "quarter_label": "2025-06 (Q2)",
      "revenue": 809000000,
      "gross_profit": 590000000,
      "operating_income": 202000000,
      "net_income": null,
      "opex": 388000000,
      "cogs": 219000000,
      "rd": 64000000,
      "sga": 208000000,
      "fcf": 106000000,
      "ocf": 106000000,
      "capex": null,
      "gross_margin": 0.7292954264524104,
      "op_margin": 0.24969097651421507,
      "fcf_margin": 0.13102595797280595,
      "incr_op_margin_yoy": -3.0,
      "rev_growth_yoy": -0.011002444987775062,
      "rev_growth_yoy_accel": -0.03481196879729887,
      "op_leverage_ratio": Infinity,
      "fcf_margin_change": -0.10799212988249121
    },
    {
      "date": "2025-09-30T00:00:00",
      "quarter_label": "2025-09 (Q3)",
      "revenue": 841000000,
      "gross_profit": 624000000,
      "operating_income": 229000000,
      "net_income": null,
      "opex": 395000000,
      "cogs": 217000000,
      "rd": 62000000,
      "sga": 219000000,
      "fcf": 184000000,
      "ocf": 184000000,
      "capex": null,
      "gross_margin": 0.7419738406658739,
      "op_margin": 0.272294887039239,
      "fcf_margin": 0.21878715814506539,
      "incr_op_margin_yoy": 2.9166666666666665,
      "rev_growth_yoy": 0.02937576499388005,
      "rev_growth_yoy_accel": 0.04037820998165511,
      "op_leverage_ratio": 2.19247748543175,
      "fcf_margin_change": 0.08776120017225944
    }
  ],
  "signals": [
    {
      "quarter": "2025-09 (Q3)",
      "signal": "FCF MARGIN EXPANSION",
      "detail": "FCF margin: +13.1% -> +21.9% (+8.8%)",
      "severity": "MEDIUM"
    },
    {
      "quarter": "2025-09 (Q3)",
      "signal": "OPERATING LEVERAGE",
      "detail": "Rev growth +4.0% vs OpEx growth +1.8% (leverage: 2.2x)",
      "severity": "MEDIUM"
    },
    {
      "quarter": "2025-09 (Q3)",
      "signal": "INCREMENTAL MARGIN (YoY)",
      "detail": "YoY Incr OPM: +291.7% vs year-ago OPM: +19.5%",
      "severity": "HIGH"
    },
    {
      "quarter": "2024-12 (Q4)",
      "signal": "FCF MARGIN EXPANSION",
      "detail": "FCF margin: +14.4% -> +25.3% (+10.9%)",
      "severity": "MEDIUM"
    },
    {
      "quarter": "2024-12 (Q4)",
      "signal": "YoY REVENUE GROWTH DECELERATION",
      "detail": "YoY growth: +3.4% vs prior quarter YoY: +11.8% (decel: -8.4%)",
      "severity": "WARNING"
    },
    {
      "quarter": "2024-12 (Q4)",
      "signal": "INCREMENTAL MARGIN (YoY)",
      "detail": "YoY Incr OPM: +46.2% vs year-ago OPM: +20.2%",
      "severity": "HIGH"
    },
    {
      "quarter": "2024-06 (Q2)",
      "signal": "INCREMENTAL MARGIN (YoY)",
      "detail": "YoY Incr OPM: +71.3% vs year-ago OPM: +15.5%",
      "severity": "HIGH"
    },
    {
      "quarter": "2024-03 (Q1)",
      "signal": "INCREMENTAL MARGIN (YoY)",
      "detail": "YoY Incr OPM: +73.3% vs year-ago OPM: +15.2%",
      "severity": "HIGH"
    },
    {
      "quarter": "2023-12 (Q4)",
      "signal": "INCREMENTAL MARGIN (YoY)",
      "detail": "YoY Incr OPM: +65.2% vs year-ago OPM: +14.4%",
      "severity": "HIGH"
    },
    {
      "quarter": "2023-09 (Q3)",
      "signal": "FCF MARGIN EXPANSION",
      "detail": "FCF margin: +4.7% -> +27.9% (+23.3%)",
      "severity": "MEDIUM"
    },
    {
      "quarter": "2023-09 (Q3)",
      "signal": "YoY REVENUE GROWTH DECELERATION",
      "detail": "YoY growth: +12.8% vs prior quarter YoY: +19.8% (decel: -7.0%)",
      "severity": "WARNING"
    },
    {
      "quarter": "2023-09 (Q3)",
      "signal": "INCREMENTAL MARGIN (YoY)",
      "detail": "YoY Incr OPM: +69.9% vs year-ago OPM: +13.7%",
      "severity": "HIGH"
    },
    {
      "quarter": "2023-06 (Q2)",
      "signal": "INCREMENTAL MARGIN (YoY)",
      "detail": "YoY Incr OPM: +55.4% vs year-ago OPM: +7.5%",
      "severity": "HIGH"
    },
    {
      "quarter": "2023-03 (Q1)",
      "signal": "FCF TURNED POSITIVE",
      "detail": "FCF margin: -12.8% -> +27.6%",
      "severity": "HIGH"
    },
    {
      "quarter": "2023-03 (Q1)",
      "signal": "INCREMENTAL MARGIN (YoY)",
      "detail": "YoY Incr OPM: +63.3% vs year-ago OPM: +7.0%",
      "severity": "HIGH"
    },
    {
      "quarter": "2022-12 (Q4)",
      "signal": "FCF MARGIN EXPANSION",
      "detail": "FCF margin: -54.2% -> -12.8% (+41.4%)",
      "severity": "MEDIUM"
    },
    {
      "quarter": "2022-12 (Q4)",
      "signal": "INCREMENTAL MARGIN (YoY)",
      "detail": "YoY Incr OPM: +92.2% vs year-ago OPM: +0.7%",
      "severity": "HIGH"
    },
    {
      "quarter": "2022-09 (Q3)",
      "signal": "YoY REVENUE GROWTH ACCELERATION",
      "detail": "YoY growth: +20.2% vs prior quarter YoY: -30.7% (accel: +50.9%)",
      "severity": "HIGH"
    },
    {
      "quarter": "2022-09 (Q3)",
      "signal": "INCREMENTAL MARGIN (YoY)",
      "detail": "YoY Incr OPM: +50.5% vs year-ago OPM: +6.3%",
      "severity": "HIGH"
    },
    {
      "quarter": "2022-06 (Q2)",
      "signal": "YoY REVENUE GROWTH DECELERATION",
      "detail": "YoY growth: -30.7% vs prior quarter YoY: -21.5% (decel: -9.1%)",
      "severity": "WARNING"
    },
    {
      "quarter": "2022-06 (Q2)",
      "signal": "INCREMENTAL MARGIN (YoY)",
      "detail": "YoY Incr OPM: +43.3% vs year-ago OPM: +18.5%",
      "severity": "HIGH"
    },
    {
      "quarter": "2022-03 (Q1)",
      "signal": "YoY REVENUE GROWTH DECELERATION",
      "detail": "YoY growth: -21.5% vs prior quarter YoY: +20.8% (decel: -42.4%)",
      "severity": "WARNING"
    },
    {
      "quarter": "2022-03 (Q1)",
      "signal": "INCREMENTAL MARGIN (YoY)",
      "detail": "YoY Incr OPM: +26.1% vs year-ago OPM: +11.1%",
      "severity": "MEDIUM"
    },
    {
      "quarter": "2021-09 (Q3)",
      "signal": "FCF MARGIN EXPANSION",
      "detail": "FCF margin: +16.9% -> +34.7% (+17.8%)",
      "severity": "MEDIUM"
    },
    {
      "quarter": "2021-06 (Q2)",
      "signal": "OPERATING LEVERAGE",
      "detail": "Rev growth +20.7% vs OpEx growth +7.1% (leverage: 2.9x)",
      "severity": "MEDIUM"
    }
  ],
  "data_quality": {
    "n_quarters": 20,
    "coverage": {
      "revenue": [
        20,
        20
      ],
      "gross_profit": [
        12,
        20
      ],
      "op_income": [
        20,
        20
      ],
      "fcf": [
        20,
        20
      ]
    },
    "gaps": [],
    "warnings": [
      "gross_profit: 12/20Q"
    ]
  },
  "market_cap": null,
  "source": "SEC EDGAR",
  "last_updated": "2026-02-03T01:07:23.354215"
}