{
  "ticker": "LAZ",
  "name": "Lazard, Inc.",
  "quarters": [
    {
      "date": "2020-12-31T00:00:00",
      "quarter_label": "2020-12 (Q4)",
      "revenue": 898326000,
      "gross_profit": null,
      "operating_income": 217499000,
      "net_income": 189889000,
      "opex": 660655000,
      "cogs": null,
      "rd": null,
      "sga": null,
      "fcf": 290449000,
      "ocf": 320525000,
      "capex": -30076000,
      "gross_margin": null,
      "op_margin": 0.24211589111302578,
      "fcf_margin": 0.32332249094426746
    },
    {
      "date": "2021-03-31T00:00:00",
      "quarter_label": "2021-03 (Q1)",
      "revenue": 679904000,
      "gross_profit": null,
      "operating_income": 134290000,
      "net_income": 87300000,
      "opex": 525817000,
      "cogs": null,
      "rd": null,
      "sga": null,
      "fcf": -130838000,
      "ocf": -123340000,
      "capex": -7498000,
      "gross_margin": null,
      "op_margin": 0.1975131783310585,
      "fcf_margin": -0.19243599096343014,
      "fcf_margin_change": -0.5157584819076976
    },
    {
      "date": "2021-06-30T00:00:00",
      "quarter_label": "2021-06 (Q2)",
      "revenue": 843264000,
      "gross_profit": null,
      "operating_income": 166261000,
      "net_income": 123178000,
      "opex": 656876000,
      "cogs": null,
      "rd": null,
      "sga": null,
      "fcf": 128545000,
      "ocf": 138417000,
      "capex": -9872000,
      "gross_margin": null,
      "op_margin": 0.19716364033090467,
      "fcf_margin": 0.15243743359137826,
      "op_leverage_ratio": 0.9639752901275793,
      "fcf_margin_change": 0.3448734245548084
    },
    {
      "date": "2021-09-30T00:00:00",
      "quarter_label": "2021-09 (Q3)",
      "revenue": 737807000,
      "gross_profit": null,
      "operating_income": 154959000,
      "net_income": 107209000,
      "opex": 562470000,
      "cogs": null,
      "rd": null,
      "sga": null,
      "fcf": 390227000,
      "ocf": 398147000,
      "capex": -7920000,
      "gross_margin": null,
      "op_margin": 0.21002647033709357,
      "fcf_margin": 0.528901189606496,
      "fcf_margin_change": 0.3764637560151177
    },
    {
      "date": "2021-12-31T00:00:00",
      "quarter_label": "2021-12 (Q4)",
      "revenue": 1012841000,
      "gross_profit": null,
      "operating_income": 268338000,
      "net_income": 210377000,
      "opex": 724037000,
      "cogs": null,
      "rd": null,
      "sga": null,
      "fcf": 438447000,
      "ocf": 452855000,
      "capex": -14408000,
      "gross_margin": null,
      "op_margin": 0.2649359573713939,
      "fcf_margin": 0.432888281576279,
      "incr_op_margin_yoy": 0.4439505741605903,
      "rev_growth_yoy": 0.12747599423817188,
      "op_leverage_ratio": 1.2977478455928702,
      "fcf_margin_change": -0.096012908030217
    },
    {
      "date": "2022-03-31T00:00:00",
      "quarter_label": "2022-03 (Q1)",
      "revenue": 716144000,
      "gross_profit": null,
      "operating_income": 159728000,
      "net_income": 113876000,
      "opex": 535164000,
      "cogs": null,
      "rd": null,
      "sga": null,
      "fcf": -227040000,
      "ocf": -213530000,
      "capex": -13510000,
      "gross_margin": null,
      "op_margin": 0.22303894188878215,
      "fcf_margin": -0.3170312115999017,
      "incr_op_margin_yoy": 0.7019315673289184,
      "rev_growth_yoy": 0.05330164258483551,
      "rev_growth_yoy_accel": -0.07417435165333637,
      "fcf_margin_change": -0.7499194931761808
    },
    {
      "date": "2022-06-30T00:00:00",
      "quarter_label": "2022-06 (Q2)",
      "revenue": 660658000,
      "gross_profit": null,
      "operating_income": 125838000,
      "net_income": 95480000,
      "opex": 513708000,
      "cogs": null,
      "rd": null,
      "sga": null,
      "fcf": 292444000,
      "ocf": 298631000,
      "capex": -6187000,
      "gross_margin": null,
      "op_margin": 0.19047373981697036,
      "fcf_margin": 0.4426556554223214,
      "incr_op_margin_yoy": 0.22136731542227528,
      "rev_growth_yoy": -0.21654665680024288,
      "rev_growth_yoy_accel": -0.26984829938507837,
      "fcf_margin_change": 0.7596868670222231
    },
    {
      "date": "2022-09-30T00:00:00",
      "quarter_label": "2022-09 (Q3)",
      "revenue": 746431000,
      "gross_profit": null,
      "operating_income": 158142000,
      "net_income": 105797000,
      "opex": 568602000,
      "cogs": null,
      "rd": null,
      "sga": null,
      "fcf": 429271000,
      "ocf": 434560000,
      "capex": -5289000,
      "gross_margin": null,
      "op_margin": 0.21186419106387597,
      "fcf_margin": 0.5750980331738633,
      "incr_op_margin_yoy": 0.36908627087198514,
      "rev_growth_yoy": 0.011688693655657915,
      "rev_growth_yoy_accel": 0.2282353504559008,
      "op_leverage_ratio": 1.2149694364616408,
      "fcf_margin_change": 0.13244237775154194
    },
    {
      "date": "2022-12-31T00:00:00",
      "quarter_label": "2022-12 (Q4)",
      "revenue": 731860000,
      "gross_profit": null,
      "operating_income": 73140000,
      "net_income": 42364000,
      "opex": 639249000,
      "cogs": null,
      "rd": null,
      "sga": null,
      "fcf": 289798000,
      "ocf": 314323000,
      "capex": -24525000,
      "gross_margin": null,
      "op_margin": 0.09993714644877436,
      "fcf_margin": 0.395974639958462,
      "incr_op_margin_yoy": 0.6947017769884797,
      "rev_growth_yoy": -0.2774186668983582,
      "rev_growth_yoy_accel": -0.2891073605540161,
      "fcf_margin_change": -0.17912339321540133
    },
    {
      "date": "2023-03-31T00:00:00",
      "quarter_label": "2023-03 (Q1)",
      "revenue": 561911000,
      "gross_profit": null,
      "operating_income": -36924000,
      "net_income": -22172000,
      "opex": 579360000,
      "cogs": null,
      "rd": null,
      "sga": null,
      "fcf": -416030000,
      "ocf": -411418000,
      "capex": -4612000,
      "gross_margin": null,
      "op_margin": -0.06571147388109505,
      "fcf_margin": -0.7403841533623652,
      "incr_op_margin_yoy": 1.275031932206467,
      "rev_growth_yoy": -0.21536590406398712,
      "rev_growth_yoy_accel": 0.062052762834371084,
      "fcf_margin_change": -1.1363587933208272
    },
    {
      "date": "2023-06-30T00:00:00",
      "quarter_label": "2023-06 (Q2)",
      "revenue": 662318000,
      "gross_profit": null,
      "operating_income": -110073000,
      "net_income": -124013000,
      "opex": 753187000,
      "cogs": null,
      "rd": null,
      "sga": null,
      "fcf": 193618000,
      "ocf": 200996000,
      "capex": -7378000,
      "gross_margin": null,
      "op_margin": -0.16619358072708276,
      "fcf_margin": 0.2923338939905,
      "incr_op_margin_yoy": -142.11506024096386,
      "rev_growth_yoy": 0.002512646482749017,
      "rev_growth_yoy_accel": 0.21787855054673613,
      "op_leverage_ratio": 0.5955630286968394,
      "fcf_margin_change": 1.0327180473528652
    },
    {
      "date": "2023-09-30T00:00:00",
      "quarter_label": "2023-09 (Q3)",
      "revenue": 543170000,
      "gross_profit": null,
      "operating_income": -4857000,
      "net_income": 7139000,
      "opex": 528775000,
      "cogs": null,
      "rd": null,
      "sga": null,
      "fcf": 25973000,
      "ocf": 33488000,
      "capex": -7515000,
      "gross_margin": null,
      "op_margin": -0.008941951875103559,
      "fcf_margin": 0.047817442053132535,
      "incr_op_margin_yoy": 0.8019196993028668,
      "rev_growth_yoy": -0.2723105015734877,
      "rev_growth_yoy_accel": -0.2748231480562367,
      "fcf_margin_change": -0.24451645193736748
    },
    {
      "date": "2023-12-31T00:00:00",
      "quarter_label": "2023-12 (Q4)",
      "revenue": 825763000,
      "gross_profit": null,
      "operating_income": 71897000,
      "net_income": 63567000,
      "opex": 734124000,
      "cogs": null,
      "rd": null,
      "sga": null,
      "fcf": 332804000,
      "ocf": 341596000,
      "capex": -8792000,
      "gross_margin": null,
      "op_margin": 0.08706735467682616,
      "fcf_margin": 0.40302604984723217,
      "incr_op_margin_yoy": -0.013237063778580024,
      "rev_growth_yoy": 0.12830732653786242,
      "rev_growth_yoy_accel": 0.4006178281113501,
      "op_leverage_ratio": 1.339688860598864,
      "fcf_margin_change": 0.35520860779409963
    },
    {
      "date": "2024-03-31T00:00:00",
      "quarter_label": "2024-03 (Q1)",
      "revenue": 785481000,
      "gross_profit": null,
      "operating_income": 54561000,
      "net_income": 35755000,
      "opex": 710192000,
      "cogs": null,
      "rd": null,
      "sga": null,
      "fcf": -96605000,
      "ocf": -89986000,
      "capex": -6619000,
      "gross_margin": null,
      "op_margin": 0.06946189659584381,
      "fcf_margin": -0.12298833453641782,
      "incr_op_margin_yoy": 0.40920069776803686,
      "rev_growth_yoy": 0.39787439647915773,
      "rev_growth_yoy_accel": 0.2695670699412953,
      "fcf_margin_change": -0.52601438438365
    },
    {
      "date": "2024-06-30T00:00:00",
      "quarter_label": "2024-06 (Q2)",
      "revenue": 707991000,
      "gross_profit": null,
      "operating_income": 63640000,
      "net_income": 49909000,
      "opex": 621709000,
      "cogs": null,
      "rd": null,
      "sga": null,
      "fcf": 169799000,
      "ocf": 176241000,
      "capex": -6442000,
      "gross_margin": null,
      "op_margin": 0.08988814829567042,
      "fcf_margin": 0.2398321447589023,
      "incr_op_margin_yoy": 3.8034068267904453,
      "rev_growth_yoy": 0.06895932165515659,
      "rev_growth_yoy_accel": -0.3289150748240012,
      "fcf_margin_change": 0.36282047929532013
    },
    {
      "date": "2024-09-30T00:00:00",
      "quarter_label": "2024-09 (Q3)",
      "revenue": 807414000,
      "gross_profit": null,
      "operating_income": 161187000,
      "net_income": 107938000,
      "opex": 623679000,
      "cogs": null,
      "rd": null,
      "sga": null,
      "fcf": 276155000,
      "ocf": 293719000,
      "capex": -17564000,
      "gross_margin": null,
      "op_margin": 0.19963364519317228,
      "fcf_margin": 0.34202404218901333,
      "incr_op_margin_yoy": 0.6283737757527134,
      "rev_growth_yoy": 0.4864848942320084,
      "rev_growth_yoy_accel": 0.41752557257685186,
      "op_leverage_ratio": 44.31798995164892,
      "fcf_margin_change": 0.10219189743011103
    },
    {
      "date": "2024-12-31T00:00:00",
      "quarter_label": "2024-12 (Q4)",
      "revenue": 839018000,
      "gross_profit": null,
      "operating_income": 107084000,
      "net_income": 86310000,
      "opex": 709785000,
      "cogs": null,
      "rd": null,
      "sga": null,
      "fcf": 347981000,
      "ocf": 362854000,
      "capex": -14873000,
      "gross_margin": null,
      "op_margin": 0.12763015811341355,
      "fcf_margin": 0.41474795534779946,
      "incr_op_margin_yoy": 2.6546208977744246,
      "rev_growth_yoy": 0.016051821164183914,
      "rev_growth_yoy_accel": -0.4704330730678245,
      "op_leverage_ratio": 0.2835133305719652,
      "fcf_margin_change": 0.07272391315878612
    },
    {
      "date": "2025-03-31T00:00:00",
      "quarter_label": "2025-03 (Q1)",
      "revenue": 669164000,
      "gross_profit": null,
      "operating_income": 54635000,
      "net_income": 60375000,
      "opex": 593416000,
      "cogs": null,
      "rd": null,
      "sga": null,
      "fcf": -231350000,
      "ocf": -217526000,
      "capex": -13824000,
      "gross_margin": null,
      "op_margin": 0.08164665164294553,
      "fcf_margin": -0.3457298958102946,
      "incr_op_margin_yoy": -0.0006361924740149763,
      "rev_growth_yoy": -0.14808378560398022,
      "rev_growth_yoy_accel": -0.16413560676816413,
      "fcf_margin_change": -0.7604778511580941
    },
    {
      "date": "2025-06-30T00:00:00",
      "quarter_label": "2025-06 (Q2)",
      "revenue": 817160000,
      "gross_profit": null,
      "operating_income": 93081000,
      "net_income": 55346000,
      "opex": 702916000,
      "cogs": null,
      "rd": null,
      "sga": null,
      "fcf": 37994000,
      "ocf": 49680000,
      "capex": -11686000,
      "gross_margin": null,
      "op_margin": 0.11390792500856625,
      "fcf_margin": 0.04649517842283029,
      "incr_op_margin_yoy": 0.26968278540611346,
      "rev_growth_yoy": 0.15419546293667574,
      "rev_growth_yoy_accel": 0.30227924854065596,
      "op_leverage_ratio": 1.1985676223442328,
      "fcf_margin_change": 0.3922250742331249
    },
    {
      "date": "2025-09-30T00:00:00",
      "quarter_label": "2025-09 (Q3)",
      "revenue": 770764000,
      "gross_profit": null,
      "operating_income": 94930000,
      "net_income": 71247000,
      "opex": 653148000,
      "cogs": null,
      "rd": null,
      "sga": null,
      "fcf": 284617000,
      "ocf": 287473000,
      "capex": -2856000,
      "gross_margin": null,
      "op_margin": 0.12316351049088956,
      "fcf_margin": 0.36926607885163293,
      "incr_op_margin_yoy": 1.807830832196453,
      "rev_growth_yoy": -0.04539183120431402,
      "rev_growth_yoy_accel": -0.19958729414098975,
      "fcf_margin_change": 0.32277090042880263
    }
  ],
  "signals": [
    {
      "quarter": "2025-09 (Q3)",
      "signal": "FCF MARGIN EXPANSION",
      "detail": "FCF margin: +4.6% -> +36.9% (+32.3%)",
      "severity": "MEDIUM"
    },
    {
      "quarter": "2025-09 (Q3)",
      "signal": "YoY REVENUE GROWTH DECELERATION",
      "detail": "YoY growth: -4.5% vs prior quarter YoY: +15.4% (decel: -20.0%)",
      "severity": "WARNING"
    },
    {
      "quarter": "2025-09 (Q3)",
      "signal": "INCREMENTAL MARGIN (YoY)",
      "detail": "YoY Incr OPM: +180.8% vs year-ago OPM: +20.0%",
      "severity": "HIGH"
    },
    {
      "quarter": "2025-06 (Q2)",
      "signal": "FCF TURNED POSITIVE",
      "detail": "FCF margin: -34.6% -> +4.6%",
      "severity": "HIGH"
    },
    {
      "quarter": "2025-06 (Q2)",
      "signal": "YoY REVENUE GROWTH ACCELERATION",
      "detail": "YoY growth: +15.4% vs prior quarter YoY: -14.8% (accel: +30.2%)",
      "severity": "HIGH"
    },
    {
      "quarter": "2025-06 (Q2)",
      "signal": "INCREMENTAL MARGIN (YoY)",
      "detail": "YoY Incr OPM: +27.0% vs year-ago OPM: +9.0%",
      "severity": "MEDIUM"
    },
    {
      "quarter": "2025-03 (Q1)",
      "signal": "YoY REVENUE GROWTH DECELERATION",
      "detail": "YoY growth: -14.8% vs prior quarter YoY: +1.6% (decel: -16.4%)",
      "severity": "WARNING"
    },
    {
      "quarter": "2024-12 (Q4)",
      "signal": "FCF MARGIN EXPANSION",
      "detail": "FCF margin: +34.2% -> +41.5% (+7.3%)",
      "severity": "MEDIUM"
    },
    {
      "quarter": "2024-12 (Q4)",
      "signal": "YoY REVENUE GROWTH DECELERATION",
      "detail": "YoY growth: +1.6% vs prior quarter YoY: +48.6% (decel: -47.0%)",
      "severity": "WARNING"
    },
    {
      "quarter": "2024-12 (Q4)",
      "signal": "INCREMENTAL MARGIN (YoY)",
      "detail": "YoY Incr OPM: +265.5% vs year-ago OPM: +8.7%",
      "severity": "HIGH"
    },
    {
      "quarter": "2024-09 (Q3)",
      "signal": "FCF MARGIN EXPANSION",
      "detail": "FCF margin: +24.0% -> +34.2% (+10.2%)",
      "severity": "MEDIUM"
    },
    {
      "quarter": "2024-09 (Q3)",
      "signal": "OPERATING LEVERAGE",
      "detail": "Rev growth +14.0% vs OpEx growth +0.3% (leverage: 44.3x)",
      "severity": "MEDIUM"
    },
    {
      "quarter": "2024-09 (Q3)",
      "signal": "YoY REVENUE GROWTH ACCELERATION",
      "detail": "YoY growth: +48.6% vs prior quarter YoY: +6.9% (accel: +41.8%)",
      "severity": "HIGH"
    },
    {
      "quarter": "2024-09 (Q3)",
      "signal": "OP MARGIN TURNED POSITIVE (YoY)",
      "detail": "Op margin: -0.9% (year-ago) -> +20.0%",
      "severity": "HIGH"
    },
    {
      "quarter": "2024-06 (Q2)",
      "signal": "FCF TURNED POSITIVE",
      "detail": "FCF margin: -12.3% -> +24.0%",
      "severity": "HIGH"
    },
    {
      "quarter": "2024-06 (Q2)",
      "signal": "YoY REVENUE GROWTH DECELERATION",
      "detail": "YoY growth: +6.9% vs prior quarter YoY: +39.8% (decel: -32.9%)",
      "severity": "WARNING"
    },
    {
      "quarter": "2024-06 (Q2)",
      "signal": "OP MARGIN TURNED POSITIVE (YoY)",
      "detail": "Op margin: -16.6% (year-ago) -> +9.0%",
      "severity": "HIGH"
    },
    {
      "quarter": "2024-03 (Q1)",
      "signal": "YoY REVENUE GROWTH ACCELERATION",
      "detail": "YoY growth: +39.8% vs prior quarter YoY: +12.8% (accel: +27.0%)",
      "severity": "HIGH"
    },
    {
      "quarter": "2024-03 (Q1)",
      "signal": "OP MARGIN TURNED POSITIVE (YoY)",
      "detail": "Op margin: -6.6% (year-ago) -> +6.9%",
      "severity": "HIGH"
    },
    {
      "quarter": "2023-12 (Q4)",
      "signal": "FCF MARGIN EXPANSION",
      "detail": "FCF margin: +4.8% -> +40.3% (+35.5%)",
      "severity": "MEDIUM"
    },
    {
      "quarter": "2023-12 (Q4)",
      "signal": "YoY REVENUE GROWTH ACCELERATION",
      "detail": "YoY growth: +12.8% vs prior quarter YoY: -27.2% (accel: +40.1%)",
      "severity": "HIGH"
    },
    {
      "quarter": "2023-12 (Q4)",
      "signal": "OP MARGIN TURNED POSITIVE (QoQ)",
      "detail": "Op margin: -0.9% -> +8.7%",
      "severity": "HIGH"
    },
    {
      "quarter": "2023-09 (Q3)",
      "signal": "YoY REVENUE GROWTH DECELERATION",
      "detail": "YoY growth: -27.2% vs prior quarter YoY: +0.3% (decel: -27.5%)",
      "severity": "WARNING"
    },
    {
      "quarter": "2023-06 (Q2)",
      "signal": "FCF TURNED POSITIVE",
      "detail": "FCF margin: -74.0% -> +29.2%",
      "severity": "HIGH"
    },
    {
      "quarter": "2023-06 (Q2)",
      "signal": "YoY REVENUE GROWTH ACCELERATION",
      "detail": "YoY growth: +0.3% vs prior quarter YoY: -21.5% (accel: +21.8%)",
      "severity": "HIGH"
    },
    {
      "quarter": "2023-03 (Q1)",
      "signal": "YoY REVENUE GROWTH ACCELERATION",
      "detail": "YoY growth: -21.5% vs prior quarter YoY: -27.7% (accel: +6.2%)",
      "severity": "MEDIUM"
    },
    {
      "quarter": "2022-12 (Q4)",
      "signal": "YoY REVENUE GROWTH DECELERATION",
      "detail": "YoY growth: -27.7% vs prior quarter YoY: +1.2% (decel: -28.9%)",
      "severity": "WARNING"
    },
    {
      "quarter": "2022-12 (Q4)",
      "signal": "INCREMENTAL MARGIN (YoY)",
      "detail": "YoY Incr OPM: +69.5% vs year-ago OPM: +26.5%",
      "severity": "HIGH"
    },
    {
      "quarter": "2022-09 (Q3)",
      "signal": "FCF MARGIN EXPANSION",
      "detail": "FCF margin: +44.3% -> +57.5% (+13.2%)",
      "severity": "MEDIUM"
    },
    {
      "quarter": "2022-09 (Q3)",
      "signal": "YoY REVENUE GROWTH ACCELERATION",
      "detail": "YoY growth: +1.2% vs prior quarter YoY: -21.7% (accel: +22.8%)",
      "severity": "HIGH"
    },
    {
      "quarter": "2022-09 (Q3)",
      "signal": "INCREMENTAL MARGIN (YoY)",
      "detail": "YoY Incr OPM: +36.9% vs year-ago OPM: +21.0%",
      "severity": "MEDIUM"
    },
    {
      "quarter": "2022-06 (Q2)",
      "signal": "FCF TURNED POSITIVE",
      "detail": "FCF margin: -31.7% -> +44.3%",
      "severity": "HIGH"
    },
    {
      "quarter": "2022-06 (Q2)",
      "signal": "YoY REVENUE GROWTH DECELERATION",
      "detail": "YoY growth: -21.7% vs prior quarter YoY: +5.3% (decel: -27.0%)",
      "severity": "WARNING"
    },
    {
      "quarter": "2022-03 (Q1)",
      "signal": "YoY REVENUE GROWTH DECELERATION",
      "detail": "YoY growth: +5.3% vs prior quarter YoY: +12.7% (decel: -7.4%)",
      "severity": "WARNING"
    },
    {
      "quarter": "2022-03 (Q1)",
      "signal": "INCREMENTAL MARGIN (YoY)",
      "detail": "YoY Incr OPM: +70.2% vs year-ago OPM: +19.8%",
      "severity": "HIGH"
    },
    {
      "quarter": "2021-12 (Q4)",
      "signal": "INCREMENTAL MARGIN (YoY)",
      "detail": "YoY Incr OPM: +44.4% vs year-ago OPM: +24.2%",
      "severity": "HIGH"
    },
    {
      "quarter": "2021-09 (Q3)",
      "signal": "FCF MARGIN EXPANSION",
      "detail": "FCF margin: +15.2% -> +52.9% (+37.6%)",
      "severity": "MEDIUM"
    },
    {
      "quarter": "2021-06 (Q2)",
      "signal": "FCF TURNED POSITIVE",
      "detail": "FCF margin: -19.2% -> +15.2%",
      "severity": "HIGH"
    }
  ],
  "data_quality": {
    "n_quarters": 20,
    "coverage": {
      "revenue": [
        20,
        20
      ],
      "gross_profit": [
        0,
        20
      ],
      "op_income": [
        20,
        20
      ],
      "fcf": [
        20,
        20
      ]
    },
    "gaps": [],
    "warnings": [
      "gross_profit: no data"
    ]
  },
  "market_cap": null,
  "source": "SEC EDGAR",
  "last_updated": "2026-02-02T21:03:52.084067",
  "sector": "Financial Services",
  "industry": "Capital Markets"
}