{
  "ticker": "LB",
  "name": "LandBridge Company LLC",
  "quarters": [
    {
      "date": "2023-06-30T00:00:00",
      "quarter_label": "2023-06 (Q2)",
      "revenue": 21722000,
      "gross_profit": null,
      "operating_income": 45322000,
      "net_income": 44664000,
      "opex": null,
      "cogs": null,
      "rd": null,
      "sga": null,
      "fcf": null,
      "ocf": null,
      "capex": null,
      "gross_margin": null,
      "op_margin": 2.0864561274284137,
      "fcf_margin": null
    },
    {
      "date": "2023-09-30T00:00:00",
      "quarter_label": "2023-09 (Q3)",
      "revenue": 17799000,
      "gross_profit": null,
      "operating_income": 19104000,
      "net_income": null,
      "opex": null,
      "cogs": null,
      "rd": null,
      "sga": null,
      "fcf": 16209000,
      "ocf": 16209000,
      "capex": null,
      "gross_margin": null,
      "op_margin": 1.0733187257711108,
      "fcf_margin": 0.9106691387156581
    },
    {
      "date": "2023-12-31T00:00:00",
      "quarter_label": "2023-12 (Q4)",
      "revenue": 17457000,
      "gross_profit": null,
      "operating_income": 5424000,
      "net_income": null,
      "opex": null,
      "cogs": null,
      "rd": null,
      "sga": null,
      "fcf": 12483000,
      "ocf": 12483000,
      "capex": null,
      "gross_margin": null,
      "op_margin": 0.3107063069255886,
      "fcf_margin": 0.7150713180958927,
      "fcf_margin_change": -0.19559782061976538
    },
    {
      "date": "2024-03-31T00:00:00",
      "quarter_label": "2024-03 (Q1)",
      "revenue": 19014000,
      "gross_profit": null,
      "operating_income": 13520000,
      "net_income": 10776000,
      "opex": null,
      "cogs": null,
      "rd": null,
      "sga": null,
      "fcf": 17215000,
      "ocf": 17215000,
      "capex": null,
      "gross_margin": null,
      "op_margin": 0.71105501209635,
      "fcf_margin": 0.9053855054170611,
      "fcf_margin_change": 0.19031418732116834
    },
    {
      "date": "2024-06-30T00:00:00",
      "quarter_label": "2024-06 (Q2)",
      "revenue": 25953000,
      "gross_profit": null,
      "operating_income": -51236000,
      "net_income": -57653000,
      "opex": null,
      "cogs": null,
      "rd": null,
      "sga": null,
      "fcf": 16043000,
      "ocf": 16043000,
      "capex": null,
      "gross_margin": null,
      "op_margin": -1.9741841020305937,
      "fcf_margin": 0.6181558971987824,
      "incr_op_margin_yoy": -22.82155518789884,
      "rev_growth_yoy": 0.1947794862351533,
      "fcf_margin_change": -0.2872296082182787
    },
    {
      "date": "2024-09-30T00:00:00",
      "quarter_label": "2024-09 (Q3)",
      "revenue": 28487000,
      "gross_profit": null,
      "operating_income": 3187000,
      "net_income": 2656000,
      "opex": null,
      "cogs": null,
      "rd": null,
      "sga": null,
      "fcf": 7450000,
      "ocf": 7450000,
      "capex": null,
      "gross_margin": null,
      "op_margin": 0.11187559237546951,
      "fcf_margin": 0.2615227998736266,
      "incr_op_margin_yoy": -1.4892402694610778,
      "rev_growth_yoy": 0.6004831732119782,
      "rev_growth_yoy_accel": 0.4057036869768249,
      "fcf_margin_change": -0.3566330973251558
    },
    {
      "date": "2024-12-31T00:00:00",
      "quarter_label": "2024-12 (Q4)",
      "revenue": 36499000,
      "gross_profit": null,
      "operating_income": 18019000,
      "net_income": 2454000,
      "opex": null,
      "cogs": null,
      "rd": null,
      "sga": null,
      "fcf": 26928000,
      "ocf": 26928000,
      "capex": null,
      "gross_margin": null,
      "op_margin": 0.49368475848653387,
      "fcf_margin": 0.7377736376339078,
      "incr_op_margin_yoy": 0.661432622623674,
      "rev_growth_yoy": 1.0907945236867733,
      "rev_growth_yoy_accel": 0.4903113504747951,
      "fcf_margin_change": 0.4762508377602812
    },
    {
      "date": "2025-03-31T00:00:00",
      "quarter_label": "2025-03 (Q1)",
      "revenue": 43951000,
      "gross_profit": null,
      "operating_income": 25037000,
      "net_income": 6464000,
      "opex": null,
      "cogs": null,
      "rd": null,
      "sga": null,
      "fcf": 15913000,
      "ocf": 15913000,
      "capex": null,
      "gross_margin": null,
      "op_margin": 0.5696571181543082,
      "fcf_margin": 0.3620622966485404,
      "incr_op_margin_yoy": 0.4618438464931628,
      "rev_growth_yoy": 1.311507310402861,
      "rev_growth_yoy_accel": 0.22071278671608763,
      "fcf_margin_change": -0.3757113409853674
    },
    {
      "date": "2025-06-30T00:00:00",
      "quarter_label": "2025-06 (Q2)",
      "revenue": 47533000,
      "gross_profit": null,
      "operating_income": 28502000,
      "net_income": 7502000,
      "opex": null,
      "cogs": null,
      "rd": null,
      "sga": null,
      "fcf": 37332000,
      "ocf": 37332000,
      "capex": null,
      "gross_margin": null,
      "op_margin": 0.5996255233206405,
      "fcf_margin": 0.7853912019018366,
      "incr_op_margin_yoy": 3.6949953660797035,
      "rev_growth_yoy": 0.8315031017608754,
      "rev_growth_yoy_accel": -0.48000420864198556,
      "fcf_margin_change": 0.42332890525329625
    },
    {
      "date": "2025-09-30T00:00:00",
      "quarter_label": "2025-09 (Q3)",
      "revenue": 50831000,
      "gross_profit": null,
      "operating_income": 30885000,
      "net_income": 8107000,
      "opex": null,
      "cogs": null,
      "rd": null,
      "sga": null,
      "fcf": 34912000,
      "ocf": 34912000,
      "capex": null,
      "gross_margin": null,
      "op_margin": 0.6076016604040841,
      "fcf_margin": 0.6868249690149711,
      "incr_op_margin_yoy": 1.2396168993913355,
      "rev_growth_yoy": 0.7843577772317197,
      "rev_growth_yoy_accel": -0.04714532452915565,
      "fcf_margin_change": -0.0985662328868655
    }
  ],
  "signals": [
    {
      "quarter": "2025-09 (Q3)",
      "signal": "INCREMENTAL MARGIN (YoY)",
      "detail": "YoY Incr OPM: +124.0% vs year-ago OPM: +11.2%",
      "severity": "HIGH"
    },
    {
      "quarter": "2025-06 (Q2)",
      "signal": "FCF MARGIN EXPANSION",
      "detail": "FCF margin: +36.2% -> +78.5% (+42.3%)",
      "severity": "MEDIUM"
    },
    {
      "quarter": "2025-06 (Q2)",
      "signal": "YoY REVENUE GROWTH DECELERATION",
      "detail": "YoY growth: +83.2% vs prior quarter YoY: +131.2% (decel: -48.0%)",
      "severity": "WARNING"
    },
    {
      "quarter": "2025-06 (Q2)",
      "signal": "OP MARGIN TURNED POSITIVE (YoY)",
      "detail": "Op margin: -197.4% (year-ago) -> +60.0%",
      "severity": "HIGH"
    },
    {
      "quarter": "2025-03 (Q1)",
      "signal": "YoY REVENUE GROWTH ACCELERATION",
      "detail": "YoY growth: +131.2% vs prior quarter YoY: +109.1% (accel: +22.1%)",
      "severity": "HIGH"
    },
    {
      "quarter": "2024-12 (Q4)",
      "signal": "FCF MARGIN EXPANSION",
      "detail": "FCF margin: +26.2% -> +73.8% (+47.6%)",
      "severity": "MEDIUM"
    },
    {
      "quarter": "2024-12 (Q4)",
      "signal": "YoY REVENUE GROWTH ACCELERATION",
      "detail": "YoY growth: +109.1% vs prior quarter YoY: +60.0% (accel: +49.0%)",
      "severity": "HIGH"
    },
    {
      "quarter": "2024-12 (Q4)",
      "signal": "INCREMENTAL MARGIN (YoY)",
      "detail": "YoY Incr OPM: +66.1% vs year-ago OPM: +31.1%",
      "severity": "HIGH"
    },
    {
      "quarter": "2024-09 (Q3)",
      "signal": "YoY REVENUE GROWTH ACCELERATION",
      "detail": "YoY growth: +60.0% vs prior quarter YoY: +19.5% (accel: +40.6%)",
      "severity": "HIGH"
    },
    {
      "quarter": "2024-09 (Q3)",
      "signal": "OP MARGIN TURNED POSITIVE (QoQ)",
      "detail": "Op margin: -197.4% -> +11.2%",
      "severity": "HIGH"
    },
    {
      "quarter": "2024-03 (Q1)",
      "signal": "FCF MARGIN EXPANSION",
      "detail": "FCF margin: +71.5% -> +90.5% (+19.0%)",
      "severity": "MEDIUM"
    }
  ],
  "data_quality": {
    "n_quarters": 10,
    "coverage": {
      "revenue": [
        10,
        10
      ],
      "gross_profit": [
        0,
        10
      ],
      "op_income": [
        10,
        10
      ],
      "fcf": [
        9,
        10
      ]
    },
    "gaps": [],
    "warnings": [
      "gross_profit: no data"
    ]
  },
  "market_cap": null,
  "source": "SEC EDGAR",
  "last_updated": "2026-02-02T21:09:14.689129"
}