{
  "ticker": "LBRDP",
  "name": "LIBERTY BROADBAND CORPORATION",
  "quarters": [
    {
      "date": "2020-09-30T00:00:00",
      "quarter_label": "2020-09 (Q3)",
      "revenue": 4219000,
      "gross_profit": null,
      "operating_income": null,
      "net_income": null,
      "opex": 20547000,
      "cogs": null,
      "rd": null,
      "sga": 17968000,
      "fcf": -21121000,
      "ocf": -21114000,
      "capex": -7000,
      "gross_margin": null,
      "op_margin": null,
      "fcf_margin": -5.006162597771984
    },
    {
      "date": "2020-12-31T00:00:00",
      "quarter_label": "2020-12 (Q4)",
      "revenue": 38269000,
      "gross_profit": null,
      "operating_income": -26220000,
      "net_income": 264287000,
      "opex": 64489000,
      "cogs": null,
      "rd": null,
      "sga": 37375000,
      "fcf": -61146000,
      "ocf": -59188000,
      "capex": -1958000,
      "gross_margin": null,
      "op_margin": -0.685149860200162,
      "fcf_margin": -1.5977945595651832,
      "op_leverage_ratio": 3.7737766418788437,
      "fcf_margin_change": 3.4083680382068007
    },
    {
      "date": "2021-03-31T00:00:00",
      "quarter_label": "2021-03 (Q1)",
      "revenue": 246534000,
      "gross_profit": null,
      "operating_income": -100879000,
      "net_income": 52220000,
      "opex": 347413000,
      "cogs": null,
      "rd": null,
      "sga": 104473000,
      "fcf": 165000000,
      "ocf": 193000000,
      "capex": -28000000,
      "gross_margin": null,
      "op_margin": -0.4091889962439258,
      "fcf_margin": 0.6692788824259535,
      "op_leverage_ratio": 1.2404664702697075,
      "fcf_margin_change": 2.267073441991137
    },
    {
      "date": "2021-06-30T00:00:00",
      "quarter_label": "2021-06 (Q2)",
      "revenue": 242284000,
      "gross_profit": null,
      "operating_income": -2092000,
      "net_income": 56256000,
      "opex": 244376000,
      "cogs": null,
      "rd": null,
      "sga": 110398000,
      "fcf": -104000000,
      "ocf": -82000000,
      "capex": -22000000,
      "gross_margin": null,
      "op_margin": -0.008634495055389543,
      "fcf_margin": -0.42924832015320863,
      "fcf_margin_change": -1.0985272025791621
    },
    {
      "date": "2021-09-30T00:00:00",
      "quarter_label": "2021-09 (Q3)",
      "revenue": 250220000,
      "gross_profit": null,
      "operating_income": 25237000,
      "net_income": 236869000,
      "opex": 224983000,
      "cogs": null,
      "rd": null,
      "sga": 110065000,
      "fcf": -16000000,
      "ocf": 25000000,
      "capex": -41000000,
      "gross_margin": null,
      "op_margin": 0.10085924386539845,
      "fcf_margin": -0.06394372951802414,
      "rev_growth_yoy": 58.30789286560796,
      "op_leverage_ratio": Infinity,
      "fcf_margin_change": 0.3653045906351845
    },
    {
      "date": "2021-12-31T00:00:00",
      "quarter_label": "2021-12 (Q4)",
      "revenue": 248962000,
      "gross_profit": null,
      "operating_income": -20266000,
      "net_income": 386655000,
      "opex": 269228000,
      "cogs": null,
      "rd": null,
      "sga": 117064000,
      "fcf": -176000000,
      "ocf": -133000000,
      "capex": -43000000,
      "gross_margin": null,
      "op_margin": -0.0814019810252167,
      "fcf_margin": -0.7069351949293466,
      "incr_op_margin_yoy": 0.02825912583711846,
      "rev_growth_yoy": 5.505578928114139,
      "rev_growth_yoy_accel": -52.80231393749382,
      "fcf_margin_change": -0.6429914654113225
    },
    {
      "date": "2022-03-31T00:00:00",
      "quarter_label": "2022-03 (Q1)",
      "revenue": 238000000,
      "gross_profit": null,
      "operating_income": 7000000,
      "net_income": 299000000,
      "opex": 231000000,
      "cogs": null,
      "rd": null,
      "sga": 101000000,
      "fcf": 58000000,
      "ocf": 90000000,
      "capex": -32000000,
      "gross_margin": null,
      "op_margin": 0.029411764705882353,
      "fcf_margin": 0.24369747899159663,
      "incr_op_margin_yoy": -12.641082727911883,
      "rev_growth_yoy": -0.03461591504620053,
      "rev_growth_yoy_accel": -5.540194843160339,
      "fcf_margin_change": 0.9506326739209433
    },
    {
      "date": "2022-06-30T00:00:00",
      "quarter_label": "2022-06 (Q2)",
      "revenue": 239000000,
      "gross_profit": null,
      "operating_income": -1000000,
      "net_income": 465000000,
      "opex": 240000000,
      "cogs": null,
      "rd": null,
      "sga": 105000000,
      "fcf": -118000000,
      "ocf": -72000000,
      "capex": -46000000,
      "gross_margin": null,
      "op_margin": -0.0041841004184100415,
      "fcf_margin": -0.49372384937238495,
      "incr_op_margin_yoy": -0.3325213154689403,
      "rev_growth_yoy": -0.013554341186376318,
      "rev_growth_yoy_accel": 0.02106157385982421,
      "fcf_margin_change": -0.7374213283639816
    },
    {
      "date": "2022-09-30T00:00:00",
      "quarter_label": "2022-09 (Q3)",
      "revenue": 248000000,
      "gross_profit": null,
      "operating_income": -12000000,
      "net_income": 315000000,
      "opex": 260000000,
      "cogs": null,
      "rd": null,
      "sga": 111000000,
      "fcf": -132000000,
      "ocf": -78000000,
      "capex": -54000000,
      "gross_margin": null,
      "op_margin": -0.04838709677419355,
      "fcf_margin": -0.532258064516129,
      "incr_op_margin_yoy": 16.773423423423424,
      "rev_growth_yoy": -0.00887219247062585,
      "rev_growth_yoy_accel": 0.004682148715750468,
      "op_leverage_ratio": 0.45188284518828453,
      "fcf_margin_change": -0.038534215143744055
    },
    {
      "date": "2022-12-31T00:00:00",
      "quarter_label": "2022-12 (Q4)",
      "revenue": 250000000,
      "gross_profit": null,
      "operating_income": -33000000,
      "net_income": 178000000,
      "opex": 283000000,
      "cogs": null,
      "rd": null,
      "sga": 115000000,
      "fcf": -45000000,
      "ocf": 4000000,
      "capex": -49000000,
      "gross_margin": null,
      "op_margin": -0.132,
      "fcf_margin": -0.18,
      "incr_op_margin_yoy": -12.267822736030828,
      "rev_growth_yoy": 0.004169310979185579,
      "rev_growth_yoy_accel": 0.013041503449811429,
      "fcf_margin_change": 0.352258064516129
    },
    {
      "date": "2023-03-31T00:00:00",
      "quarter_label": "2023-03 (Q1)",
      "revenue": 246000000,
      "gross_profit": null,
      "operating_income": 16000000,
      "net_income": 69000000,
      "opex": 230000000,
      "cogs": null,
      "rd": null,
      "sga": 110000000,
      "fcf": -13000000,
      "ocf": 41000000,
      "capex": -54000000,
      "gross_margin": null,
      "op_margin": 0.06504065040650407,
      "fcf_margin": -0.052845528455284556,
      "incr_op_margin_yoy": 1.125,
      "rev_growth_yoy": 0.03361344537815126,
      "rev_growth_yoy_accel": 0.02944413439896568,
      "fcf_margin_change": 0.12715447154471543
    },
    {
      "date": "2023-06-30T00:00:00",
      "quarter_label": "2023-06 (Q2)",
      "revenue": 245000000,
      "gross_profit": null,
      "operating_income": 23000000,
      "net_income": 252000000,
      "opex": 222000000,
      "cogs": null,
      "rd": null,
      "sga": 107000000,
      "fcf": -139000000,
      "ocf": -96000000,
      "capex": -43000000,
      "gross_margin": null,
      "op_margin": 0.09387755102040816,
      "fcf_margin": -0.5673469387755102,
      "incr_op_margin_yoy": 4.0,
      "rev_growth_yoy": 0.02510460251046025,
      "rev_growth_yoy_accel": -0.008508842867691008,
      "fcf_margin_change": -0.5145014103202257
    },
    {
      "date": "2023-09-30T00:00:00",
      "quarter_label": "2023-09 (Q3)",
      "revenue": 240000000,
      "gross_profit": null,
      "operating_income": 21000000,
      "net_income": 162000000,
      "opex": 219000000,
      "cogs": null,
      "rd": null,
      "sga": 105000000,
      "fcf": -43000000,
      "ocf": 9000000,
      "capex": -52000000,
      "gross_margin": null,
      "op_margin": 0.0875,
      "fcf_margin": -0.17916666666666667,
      "incr_op_margin_yoy": -4.125,
      "rev_growth_yoy": -0.03225806451612903,
      "rev_growth_yoy_accel": -0.05736266702658928,
      "fcf_margin_change": 0.38818027210884354
    },
    {
      "date": "2023-12-31T00:00:00",
      "quarter_label": "2023-12 (Q4)",
      "revenue": 250000000,
      "gross_profit": null,
      "operating_income": 13000000,
      "net_income": 205000000,
      "opex": 237000000,
      "cogs": null,
      "rd": null,
      "sga": 111000000,
      "fcf": -11000000,
      "ocf": 62000000,
      "capex": -73000000,
      "gross_margin": null,
      "op_margin": 0.052,
      "fcf_margin": -0.044,
      "rev_growth_yoy": 0.0,
      "rev_growth_yoy_accel": 0.03225806451612903,
      "op_leverage_ratio": 0.5069444444444444,
      "fcf_margin_change": 0.13516666666666666
    },
    {
      "date": "2024-03-31T00:00:00",
      "quarter_label": "2024-03 (Q1)",
      "revenue": 245000000,
      "gross_profit": null,
      "operating_income": 28000000,
      "net_income": 241000000,
      "opex": 217000000,
      "cogs": null,
      "rd": null,
      "sga": 105000000,
      "fcf": -9000000,
      "ocf": 52000000,
      "capex": -61000000,
      "gross_margin": null,
      "op_margin": 0.11428571428571428,
      "fcf_margin": -0.036734693877551024,
      "rev_growth_yoy": -0.0040650406504065045,
      "rev_growth_yoy_accel": -0.0040650406504065045,
      "fcf_margin_change": 0.007265306122448974
    },
    {
      "date": "2024-06-30T00:00:00",
      "quarter_label": "2024-06 (Q2)",
      "revenue": 246000000,
      "gross_profit": null,
      "operating_income": 21000000,
      "net_income": 195000000,
      "opex": 225000000,
      "cogs": null,
      "rd": null,
      "sga": 111000000,
      "fcf": -35000000,
      "ocf": 27000000,
      "capex": -62000000,
      "gross_margin": null,
      "op_margin": 0.08536585365853659,
      "fcf_margin": -0.14227642276422764,
      "rev_growth_yoy": 0.004081632653061225,
      "rev_growth_yoy_accel": 0.00814667330346773,
      "fcf_margin_change": -0.10554172888667662
    },
    {
      "date": "2024-09-30T00:00:00",
      "quarter_label": "2024-09 (Q3)",
      "revenue": 262000000,
      "gross_profit": null,
      "operating_income": 30000000,
      "net_income": 142000000,
      "opex": 232000000,
      "cogs": null,
      "rd": null,
      "sga": 113000000,
      "fcf": -36000000,
      "ocf": 24000000,
      "capex": -60000000,
      "gross_margin": null,
      "op_margin": 0.11450381679389313,
      "fcf_margin": -0.13740458015267176,
      "incr_op_margin_yoy": 0.4090909090909091,
      "rev_growth_yoy": 0.09166666666666666,
      "rev_growth_yoy_accel": 0.08758503401360543,
      "op_leverage_ratio": 2.0905923344947737,
      "fcf_margin_change": 0.004871842611555877
    },
    {
      "date": "2024-12-31T00:00:00",
      "quarter_label": "2024-12 (Q4)",
      "revenue": 263000000,
      "gross_profit": null,
      "operating_income": 13000000,
      "net_income": 291000000,
      "opex": 250000000,
      "cogs": null,
      "rd": null,
      "sga": 103000000,
      "fcf": -63000000,
      "ocf": 1000000,
      "capex": -64000000,
      "gross_margin": null,
      "op_margin": 0.049429657794676805,
      "fcf_margin": -0.23954372623574144,
      "incr_op_margin_yoy": 0.0,
      "rev_growth_yoy": 0.052,
      "rev_growth_yoy_accel": -0.03966666666666666,
      "fcf_margin_change": -0.10213914608306968
    },
    {
      "date": "2025-03-31T00:00:00",
      "quarter_label": "2025-03 (Q1)",
      "revenue": 266000000,
      "gross_profit": null,
      "operating_income": 43000000,
      "net_income": 268000000,
      "opex": 223000000,
      "cogs": null,
      "rd": null,
      "sga": 109000000,
      "fcf": 13000000,
      "ocf": 78000000,
      "capex": -65000000,
      "gross_margin": null,
      "op_margin": 0.16165413533834586,
      "fcf_margin": 0.04887218045112782,
      "incr_op_margin_yoy": 0.7142857142857143,
      "rev_growth_yoy": 0.08571428571428572,
      "rev_growth_yoy_accel": 0.03371428571428572,
      "op_leverage_ratio": Infinity,
      "fcf_margin_change": 0.28841590668686923
    },
    {
      "date": "2025-06-30T00:00:00",
      "quarter_label": "2025-06 (Q2)",
      "revenue": 261000000,
      "gross_profit": null,
      "operating_income": 41000000,
      "net_income": 383000000,
      "opex": 220000000,
      "cogs": null,
      "rd": null,
      "sga": 104000000,
      "fcf": 37000000,
      "ocf": 91000000,
      "capex": -54000000,
      "gross_margin": null,
      "op_margin": 0.15708812260536398,
      "fcf_margin": 0.1417624521072797,
      "incr_op_margin_yoy": 1.3333333333333333,
      "rev_growth_yoy": 0.06097560975609756,
      "rev_growth_yoy_accel": -0.024738675958188155,
      "fcf_margin_change": 0.09289027165615188
    }
  ],
  "signals": [
    {
      "quarter": "2025-06 (Q2)",
      "signal": "FCF MARGIN EXPANSION",
      "detail": "FCF margin: +4.9% -> +14.2% (+9.3%)",
      "severity": "MEDIUM"
    },
    {
      "quarter": "2025-06 (Q2)",
      "signal": "INCREMENTAL MARGIN (YoY)",
      "detail": "YoY Incr OPM: +133.3% vs year-ago OPM: +8.5%",
      "severity": "HIGH"
    },
    {
      "quarter": "2025-03 (Q1)",
      "signal": "FCF TURNED POSITIVE",
      "detail": "FCF margin: -24.0% -> +4.9%",
      "severity": "HIGH"
    },
    {
      "quarter": "2025-03 (Q1)",
      "signal": "INCREMENTAL MARGIN (YoY)",
      "detail": "YoY Incr OPM: +71.4% vs year-ago OPM: +11.4%",
      "severity": "HIGH"
    },
    {
      "quarter": "2024-09 (Q3)",
      "signal": "OPERATING LEVERAGE",
      "detail": "Rev growth +6.5% vs OpEx growth +3.1% (leverage: 2.1x)",
      "severity": "MEDIUM"
    },
    {
      "quarter": "2024-09 (Q3)",
      "signal": "YoY REVENUE GROWTH ACCELERATION",
      "detail": "YoY growth: +9.2% vs prior quarter YoY: +0.4% (accel: +8.8%)",
      "severity": "MEDIUM"
    },
    {
      "quarter": "2024-09 (Q3)",
      "signal": "INCREMENTAL MARGIN (YoY)",
      "detail": "YoY Incr OPM: +40.9% vs year-ago OPM: +8.8%",
      "severity": "HIGH"
    },
    {
      "quarter": "2023-12 (Q4)",
      "signal": "FCF MARGIN EXPANSION",
      "detail": "FCF margin: -17.9% -> -4.4% (+13.5%)",
      "severity": "MEDIUM"
    },
    {
      "quarter": "2023-12 (Q4)",
      "signal": "OP MARGIN TURNED POSITIVE (YoY)",
      "detail": "Op margin: -13.2% (year-ago) -> +5.2%",
      "severity": "HIGH"
    },
    {
      "quarter": "2023-09 (Q3)",
      "signal": "FCF MARGIN EXPANSION",
      "detail": "FCF margin: -56.7% -> -17.9% (+38.8%)",
      "severity": "MEDIUM"
    },
    {
      "quarter": "2023-09 (Q3)",
      "signal": "YoY REVENUE GROWTH DECELERATION",
      "detail": "YoY growth: -3.2% vs prior quarter YoY: +2.5% (decel: -5.7%)",
      "severity": "WARNING"
    },
    {
      "quarter": "2023-09 (Q3)",
      "signal": "OP MARGIN TURNED POSITIVE (YoY)",
      "detail": "Op margin: -4.8% (year-ago) -> +8.8%",
      "severity": "HIGH"
    },
    {
      "quarter": "2023-06 (Q2)",
      "signal": "OP MARGIN TURNED POSITIVE (YoY)",
      "detail": "Op margin: -0.4% (year-ago) -> +9.4%",
      "severity": "HIGH"
    },
    {
      "quarter": "2023-03 (Q1)",
      "signal": "FCF MARGIN EXPANSION",
      "detail": "FCF margin: -18.0% -> -5.3% (+12.7%)",
      "severity": "MEDIUM"
    },
    {
      "quarter": "2023-03 (Q1)",
      "signal": "INCREMENTAL MARGIN (YoY)",
      "detail": "YoY Incr OPM: +112.5% vs year-ago OPM: +2.9%",
      "severity": "HIGH"
    },
    {
      "quarter": "2023-03 (Q1)",
      "signal": "OP MARGIN TURNED POSITIVE (QoQ)",
      "detail": "Op margin: -13.2% -> +6.5%",
      "severity": "HIGH"
    },
    {
      "quarter": "2022-12 (Q4)",
      "signal": "FCF MARGIN EXPANSION",
      "detail": "FCF margin: -53.2% -> -18.0% (+35.2%)",
      "severity": "MEDIUM"
    },
    {
      "quarter": "2022-03 (Q1)",
      "signal": "FCF TURNED POSITIVE",
      "detail": "FCF margin: -70.7% -> +24.4%",
      "severity": "HIGH"
    },
    {
      "quarter": "2022-03 (Q1)",
      "signal": "YoY REVENUE GROWTH DECELERATION",
      "detail": "YoY growth: -3.5% vs prior quarter YoY: +550.6% (decel: -554.0%)",
      "severity": "WARNING"
    },
    {
      "quarter": "2022-03 (Q1)",
      "signal": "OP MARGIN TURNED POSITIVE (YoY)",
      "detail": "Op margin: -40.9% (year-ago) -> +2.9%",
      "severity": "HIGH"
    },
    {
      "quarter": "2022-03 (Q1)",
      "signal": "OP MARGIN TURNED POSITIVE (QoQ)",
      "detail": "Op margin: -8.1% -> +2.9%",
      "severity": "HIGH"
    },
    {
      "quarter": "2021-12 (Q4)",
      "signal": "YoY REVENUE GROWTH DECELERATION",
      "detail": "YoY growth: +550.6% vs prior quarter YoY: +5830.8% (decel: -5280.2%)",
      "severity": "WARNING"
    },
    {
      "quarter": "2021-09 (Q3)",
      "signal": "FCF MARGIN EXPANSION",
      "detail": "FCF margin: -42.9% -> -6.4% (+36.5%)",
      "severity": "MEDIUM"
    },
    {
      "quarter": "2021-09 (Q3)",
      "signal": "OP MARGIN TURNED POSITIVE (QoQ)",
      "detail": "Op margin: -0.9% -> +10.1%",
      "severity": "HIGH"
    },
    {
      "quarter": "2021-03 (Q1)",
      "signal": "FCF TURNED POSITIVE",
      "detail": "FCF margin: -159.8% -> +66.9%",
      "severity": "HIGH"
    },
    {
      "quarter": "2020-12 (Q4)",
      "signal": "FCF MARGIN EXPANSION",
      "detail": "FCF margin: -500.6% -> -159.8% (+340.8%)",
      "severity": "MEDIUM"
    },
    {
      "quarter": "2020-12 (Q4)",
      "signal": "OPERATING LEVERAGE",
      "detail": "Rev growth +807.1% vs OpEx growth +213.9% (leverage: 3.8x)",
      "severity": "MEDIUM"
    }
  ],
  "data_quality": {
    "n_quarters": 20,
    "coverage": {
      "revenue": [
        20,
        20
      ],
      "gross_profit": [
        0,
        20
      ],
      "op_income": [
        19,
        20
      ],
      "fcf": [
        20,
        20
      ]
    },
    "gaps": [],
    "warnings": [
      "gross_profit: no data"
    ]
  },
  "market_cap": null,
  "source": "SEC EDGAR",
  "last_updated": "2026-02-03T01:08:47.312169"
}