{
  "ticker": "LC",
  "name": "LendingClub Corporation",
  "sector": "Financial Services",
  "industry": "Banks - Regional",
  "quarters": [
    {
      "date": "2016-03-31T00:00:00",
      "quarter_label": "2016-03 (Q1)",
      "revenue": 152294000,
      "gross_profit": null,
      "operating_income": null,
      "net_income": null,
      "opex": 148006000,
      "cogs": null,
      "rd": 24198000,
      "sga": null,
      "fcf": null,
      "ocf": null,
      "capex": null,
      "gross_margin": null,
      "op_margin": null,
      "fcf_margin": null
    },
    {
      "date": "2016-06-30T00:00:00",
      "quarter_label": "2016-06 (Q2)",
      "revenue": 103440000,
      "gross_profit": null,
      "operating_income": null,
      "net_income": null,
      "opex": 188737000,
      "cogs": null,
      "rd": 29209000,
      "sga": null,
      "fcf": null,
      "ocf": null,
      "capex": null,
      "gross_margin": null,
      "op_margin": null,
      "fcf_margin": null
    },
    {
      "date": "2016-09-30T00:00:00",
      "quarter_label": "2016-09 (Q3)",
      "revenue": 114556000,
      "gross_profit": null,
      "operating_income": null,
      "net_income": null,
      "opex": 151251000,
      "cogs": null,
      "rd": 29428000,
      "sga": null,
      "fcf": null,
      "ocf": null,
      "capex": null,
      "gross_margin": null,
      "op_margin": null,
      "fcf_margin": null,
      "op_leverage_ratio": null
    },
    {
      "date": "2016-12-31T00:00:00",
      "quarter_label": "2016-12 (Q4)",
      "revenue": 130522000,
      "gross_profit": null,
      "operating_income": null,
      "net_income": null,
      "opex": 163015000,
      "cogs": null,
      "rd": 32522000,
      "sga": null,
      "fcf": null,
      "ocf": null,
      "capex": null,
      "gross_margin": null,
      "op_margin": null,
      "fcf_margin": null,
      "op_leverage_ratio": 1.791931991372536
    },
    {
      "date": "2017-03-31T00:00:00",
      "quarter_label": "2017-03 (Q1)",
      "revenue": 124482000,
      "gross_profit": null,
      "operating_income": null,
      "net_income": null,
      "opex": 154366000,
      "cogs": null,
      "rd": 35760000,
      "sga": null,
      "fcf": null,
      "ocf": null,
      "capex": null,
      "gross_margin": null,
      "op_margin": null,
      "fcf_margin": null,
      "rev_growth_yoy": -0.1826204577987314
    },
    {
      "date": "2017-06-30T00:00:00",
      "quarter_label": "2017-06 (Q2)",
      "revenue": 139573000,
      "gross_profit": null,
      "operating_income": null,
      "net_income": null,
      "opex": 165069000,
      "cogs": null,
      "rd": 35718000,
      "sga": null,
      "fcf": null,
      "ocf": null,
      "capex": null,
      "gross_margin": null,
      "op_margin": null,
      "fcf_margin": null,
      "rev_growth_yoy": 0.3493136117556071,
      "rev_growth_yoy_accel": 0.5319340695543385,
      "op_leverage_ratio": 1.748467591960263
    },
    {
      "date": "2017-09-30T00:00:00",
      "quarter_label": "2017-09 (Q3)",
      "revenue": 154030000,
      "gross_profit": null,
      "operating_income": null,
      "net_income": null,
      "opex": 160676000,
      "cogs": null,
      "rd": 32860000,
      "sga": null,
      "fcf": null,
      "ocf": null,
      "capex": null,
      "gross_margin": null,
      "op_margin": null,
      "fcf_margin": null,
      "rev_growth_yoy": 0.3445825622403017,
      "rev_growth_yoy_accel": -0.004731049515305397,
      "op_leverage_ratio": null
    },
    {
      "date": "2017-12-31T00:00:00",
      "quarter_label": "2017-12 (Q4)",
      "revenue": 156455000,
      "gross_profit": null,
      "operating_income": null,
      "net_income": null,
      "opex": 247842000,
      "cogs": null,
      "rd": 37926000,
      "sga": null,
      "fcf": null,
      "ocf": null,
      "capex": null,
      "gross_margin": null,
      "op_margin": null,
      "fcf_margin": null,
      "rev_growth_yoy": 0.19868681141876465,
      "rev_growth_yoy_accel": -0.14589575082153705,
      "op_leverage_ratio": 0.029020862941006323
    },
    {
      "date": "2018-03-31T00:00:00",
      "quarter_label": "2018-03 (Q1)",
      "revenue": 151667000,
      "gross_profit": null,
      "operating_income": null,
      "net_income": null,
      "opex": 182808000,
      "cogs": null,
      "rd": 36837000,
      "sga": null,
      "fcf": null,
      "ocf": null,
      "capex": null,
      "gross_margin": null,
      "op_margin": null,
      "fcf_margin": null,
      "rev_growth_yoy": 0.21838498738773476,
      "rev_growth_yoy_accel": 0.01969817596897011
    },
    {
      "date": "2018-06-30T00:00:00",
      "quarter_label": "2018-06 (Q2)",
      "revenue": 176979000,
      "gross_profit": null,
      "operating_income": null,
      "net_income": null,
      "opex": 237767000,
      "cogs": null,
      "rd": 37650000,
      "sga": null,
      "fcf": null,
      "ocf": null,
      "capex": null,
      "gross_margin": null,
      "op_margin": null,
      "fcf_margin": null,
      "rev_growth_yoy": 0.268003123813345,
      "rev_growth_yoy_accel": 0.04961813642561025,
      "op_leverage_ratio": 0.5551262201180568
    },
    {
      "date": "2018-09-30T00:00:00",
      "quarter_label": "2018-09 (Q3)",
      "revenue": 184645000,
      "gross_profit": null,
      "operating_income": null,
      "net_income": null,
      "opex": 207432000,
      "cogs": null,
      "rd": 41216000,
      "sga": null,
      "fcf": null,
      "ocf": null,
      "capex": null,
      "gross_margin": null,
      "op_margin": null,
      "fcf_margin": null,
      "rev_growth_yoy": 0.19875998182172305,
      "rev_growth_yoy_accel": -0.06924314199162196,
      "op_leverage_ratio": null
    },
    {
      "date": "2018-12-31T00:00:00",
      "quarter_label": "2018-12 (Q4)",
      "revenue": 181521000,
      "gross_profit": null,
      "operating_income": null,
      "net_income": null,
      "opex": 194915000,
      "cogs": null,
      "rd": 39552000,
      "sga": null,
      "fcf": null,
      "ocf": null,
      "capex": null,
      "gross_margin": null,
      "op_margin": null,
      "fcf_margin": null,
      "rev_growth_yoy": 0.16021220159151195,
      "rev_growth_yoy_accel": -0.038547780230211104
    },
    {
      "date": "2019-03-31T00:00:00",
      "quarter_label": "2019-03 (Q1)",
      "revenue": 174418000,
      "gross_profit": null,
      "operating_income": null,
      "net_income": -19935000,
      "opex": 194318000,
      "cogs": null,
      "rd": 42546000,
      "sga": null,
      "fcf": null,
      "ocf": null,
      "capex": null,
      "gross_margin": null,
      "op_margin": null,
      "fcf_margin": null,
      "rev_growth_yoy": 0.1500062637224973,
      "rev_growth_yoy_accel": -0.010205937869014636
    },
    {
      "date": "2019-06-30T00:00:00",
      "quarter_label": "2019-06 (Q2)",
      "revenue": 190807000,
      "gross_profit": null,
      "operating_income": null,
      "net_income": -10661000,
      "opex": 201877000,
      "cogs": null,
      "rd": 43299000,
      "sga": null,
      "fcf": null,
      "ocf": null,
      "capex": null,
      "gross_margin": null,
      "op_margin": null,
      "fcf_margin": null,
      "rev_growth_yoy": 0.07813356386915962,
      "rev_growth_yoy_accel": -0.07187269985333769,
      "op_leverage_ratio": 2.4155155605580134
    },
    {
      "date": "2019-09-30T00:00:00",
      "quarter_label": "2019-09 (Q3)",
      "revenue": 204896000,
      "gross_profit": null,
      "operating_income": null,
      "net_income": -383000,
      "opex": 205191000,
      "cogs": null,
      "rd": 41455000,
      "sga": null,
      "fcf": null,
      "ocf": null,
      "capex": null,
      "gross_margin": null,
      "op_margin": null,
      "fcf_margin": null,
      "rev_growth_yoy": 0.10967532291694874,
      "rev_growth_yoy_accel": 0.03154175904778912,
      "op_leverage_ratio": 4.4980077977665225
    },
    {
      "date": "2019-12-31T00:00:00",
      "quarter_label": "2019-12 (Q4)",
      "revenue": 188486000,
      "gross_profit": null,
      "operating_income": null,
      "net_income": 234000,
      "opex": 188112000,
      "cogs": null,
      "rd": 41080000,
      "sga": null,
      "fcf": null,
      "ocf": null,
      "capex": null,
      "gross_margin": null,
      "op_margin": null,
      "fcf_margin": null,
      "rev_growth_yoy": 0.03837021611824527,
      "rev_growth_yoy_accel": -0.07130510679870347
    },
    {
      "date": "2020-03-31T00:00:00",
      "quarter_label": "2020-03 (Q1)",
      "revenue": 120206000,
      "gross_profit": null,
      "operating_income": null,
      "net_income": -48087000,
      "opex": 167974000,
      "cogs": null,
      "rd": 38710000,
      "sga": null,
      "fcf": null,
      "ocf": null,
      "capex": null,
      "gross_margin": null,
      "op_margin": null,
      "fcf_margin": null,
      "rev_growth_yoy": -0.31081654416401977,
      "rev_growth_yoy_accel": -0.34918676028226503
    },
    {
      "date": "2020-06-30T00:00:00",
      "quarter_label": "2020-06 (Q2)",
      "revenue": 43869000,
      "gross_profit": null,
      "operating_income": null,
      "net_income": -78471000,
      "opex": 122340000,
      "cogs": null,
      "rd": 39167000,
      "sga": null,
      "fcf": null,
      "ocf": null,
      "capex": null,
      "gross_margin": null,
      "op_margin": null,
      "fcf_margin": null,
      "rev_growth_yoy": -0.7700870513136311,
      "rev_growth_yoy_accel": -0.4592705071496113
    },
    {
      "date": "2020-09-30T00:00:00",
      "quarter_label": "2020-09 (Q3)",
      "revenue": 74713000,
      "gross_profit": null,
      "operating_income": null,
      "net_income": -34325000,
      "opex": 109112000,
      "cogs": null,
      "rd": 31984000,
      "sga": null,
      "fcf": null,
      "ocf": null,
      "capex": null,
      "gross_margin": null,
      "op_margin": null,
      "fcf_margin": null,
      "rev_growth_yoy": -0.6353613540527877,
      "rev_growth_yoy_accel": 0.13472569726084338,
      "op_leverage_ratio": null
    },
    {
      "date": "2020-12-31T00:00:00",
      "quarter_label": "2020-12 (Q4)",
      "revenue": 75914000,
      "gross_profit": null,
      "operating_income": null,
      "net_income": -26655000,
      "opex": 102893000,
      "cogs": null,
      "rd": 29189000,
      "sga": null,
      "fcf": null,
      "ocf": null,
      "capex": null,
      "gross_margin": null,
      "op_margin": null,
      "fcf_margin": null,
      "rev_growth_yoy": -0.5972432965843617,
      "rev_growth_yoy_accel": 0.038118057468426,
      "op_leverage_ratio": null
    }
  ],
  "signals": [
    {
      "quarter": "2020-09 (Q3)",
      "signal": "YoY REVENUE GROWTH ACCELERATION",
      "detail": "YoY growth: -63.5% vs prior quarter YoY: -77.0% (accel: +13.5%)",
      "severity": "MEDIUM"
    },
    {
      "quarter": "2020-06 (Q2)",
      "signal": "YoY REVENUE GROWTH DECELERATION",
      "detail": "YoY growth: -77.0% vs prior quarter YoY: -31.1% (decel: -45.9%)",
      "severity": "WARNING"
    },
    {
      "quarter": "2020-03 (Q1)",
      "signal": "YoY REVENUE GROWTH DECELERATION",
      "detail": "YoY growth: -31.1% vs prior quarter YoY: +3.8% (decel: -34.9%)",
      "severity": "WARNING"
    },
    {
      "quarter": "2019-12 (Q4)",
      "signal": "YoY REVENUE GROWTH DECELERATION",
      "detail": "YoY growth: +3.8% vs prior quarter YoY: +11.0% (decel: -7.1%)",
      "severity": "WARNING"
    },
    {
      "quarter": "2019-09 (Q3)",
      "signal": "OPERATING LEVERAGE",
      "detail": "Rev growth +7.4% vs OpEx growth +1.6% (leverage: 4.5x)",
      "severity": "MEDIUM"
    },
    {
      "quarter": "2019-06 (Q2)",
      "signal": "OPERATING LEVERAGE",
      "detail": "Rev growth +9.4% vs OpEx growth +3.9% (leverage: 2.4x)",
      "severity": "MEDIUM"
    },
    {
      "quarter": "2019-06 (Q2)",
      "signal": "YoY REVENUE GROWTH DECELERATION",
      "detail": "YoY growth: +7.8% vs prior quarter YoY: +15.0% (decel: -7.2%)",
      "severity": "WARNING"
    },
    {
      "quarter": "2018-09 (Q3)",
      "signal": "YoY REVENUE GROWTH DECELERATION",
      "detail": "YoY growth: +19.9% vs prior quarter YoY: +26.8% (decel: -6.9%)",
      "severity": "WARNING"
    },
    {
      "quarter": "2017-12 (Q4)",
      "signal": "YoY REVENUE GROWTH DECELERATION",
      "detail": "YoY growth: +19.9% vs prior quarter YoY: +34.5% (decel: -14.6%)",
      "severity": "WARNING"
    },
    {
      "quarter": "2017-06 (Q2)",
      "signal": "OPERATING LEVERAGE",
      "detail": "Rev growth +12.1% vs OpEx growth +6.9% (leverage: 1.7x)",
      "severity": "MEDIUM"
    },
    {
      "quarter": "2017-06 (Q2)",
      "signal": "YoY REVENUE GROWTH ACCELERATION",
      "detail": "YoY growth: +34.9% vs prior quarter YoY: -18.3% (accel: +53.2%)",
      "severity": "HIGH"
    },
    {
      "quarter": "2016-12 (Q4)",
      "signal": "OPERATING LEVERAGE",
      "detail": "Rev growth +13.9% vs OpEx growth +7.8% (leverage: 1.8x)",
      "severity": "MEDIUM"
    }
  ],
  "data_quality": {
    "n_quarters": 20,
    "coverage": {
      "revenue": [
        20,
        20
      ],
      "gross_profit": [
        0,
        20
      ],
      "op_income": [
        0,
        20
      ],
      "fcf": [
        0,
        20
      ]
    },
    "gaps": [],
    "warnings": [
      "gross_profit: no data",
      "op_income: no data",
      "fcf: no data"
    ]
  },
  "market_cap": null,
  "source": "SEC EDGAR",
  "last_updated": "2026-02-24T10:56:32.676205"
}