{
  "ticker": "LDOS",
  "name": "LEIDOS HOLDINGS, INC.",
  "quarters": [
    {
      "date": "2021-01-01T00:00:00",
      "quarter_label": "2021-01 (Q1)",
      "revenue": 3252000000,
      "gross_profit": 491000000,
      "operating_income": 299000000,
      "net_income": 197000000,
      "opex": 192000000,
      "cogs": 2761000000,
      "rd": null,
      "sga": 187000000,
      "fcf": -52000000,
      "ocf": -52000000,
      "capex": null,
      "gross_margin": 0.1509840098400984,
      "op_margin": 0.09194341943419435,
      "fcf_margin": -0.015990159901599015
    },
    {
      "date": "2021-04-02T00:00:00",
      "quarter_label": "2021-04 (Q2)",
      "revenue": 3315000000,
      "gross_profit": 467000000,
      "operating_income": 308000000,
      "net_income": 205000000,
      "opex": 159000000,
      "cogs": 2848000000,
      "rd": null,
      "sga": 159000000,
      "fcf": 239000000,
      "ocf": 239000000,
      "capex": null,
      "gross_margin": 0.14087481146304676,
      "op_margin": 0.09291101055806938,
      "fcf_margin": 0.07209653092006033,
      "op_leverage_ratio": Infinity,
      "fcf_margin_change": 0.08808669082165935
    },
    {
      "date": "2021-07-02T00:00:00",
      "quarter_label": "2021-07 (Q3)",
      "revenue": 3448000000,
      "gross_profit": 498000000,
      "operating_income": 269000000,
      "net_income": 169000000,
      "opex": 229000000,
      "cogs": 2950000000,
      "rd": null,
      "sga": 224000000,
      "fcf": 17000000,
      "ocf": 17000000,
      "capex": null,
      "gross_margin": 0.14443155452436196,
      "op_margin": 0.07801624129930394,
      "fcf_margin": 0.004930394431554524,
      "op_leverage_ratio": 0.09113122171945702,
      "fcf_margin_change": -0.0671661364885058
    },
    {
      "date": "2021-10-01T00:00:00",
      "quarter_label": "2021-10 (Q4)",
      "revenue": 3483000000,
      "gross_profit": 541000000,
      "operating_income": 305000000,
      "net_income": 205000000,
      "opex": 236000000,
      "cogs": 2942000000,
      "rd": null,
      "sga": 233000000,
      "fcf": 565000000,
      "ocf": 565000000,
      "capex": null,
      "gross_margin": 0.15532586850416308,
      "op_margin": 0.08756818834338215,
      "fcf_margin": 0.16221648004593742,
      "op_leverage_ratio": 0.33207656612529,
      "fcf_margin_change": 0.1572860856143829
    },
    {
      "date": "2021-12-31T00:00:00",
      "quarter_label": "2021-12 (Q4)",
      "revenue": 3491000000,
      "gross_profit": 508000000,
      "operating_income": 270000000,
      "net_income": 174000000,
      "opex": 238000000,
      "cogs": 2983000000,
      "rd": null,
      "sga": 235000000,
      "fcf": 212000000,
      "ocf": 212000000,
      "capex": null,
      "gross_margin": 0.14551704382698366,
      "op_margin": 0.07734173589229447,
      "fcf_margin": 0.06072758521913492,
      "incr_op_margin_yoy": -0.12133891213389121,
      "rev_growth_yoy": 0.07349323493234933,
      "fcf_margin_change": -0.1014888948268025
    },
    {
      "date": "2022-04-01T00:00:00",
      "quarter_label": "2022-04 (Q2)",
      "revenue": 3494000000,
      "gross_profit": 512000000,
      "operating_income": 271000000,
      "net_income": 175000000,
      "opex": 241000000,
      "cogs": 2982000000,
      "rd": null,
      "sga": 236000000,
      "fcf": 93000000,
      "ocf": 93000000,
      "capex": null,
      "gross_margin": 0.14653692043503147,
      "op_margin": 0.0775615340583858,
      "fcf_margin": 0.02661705781339439,
      "incr_op_margin_yoy": -0.20670391061452514,
      "rev_growth_yoy": 0.05399698340874812,
      "rev_growth_yoy_accel": -0.01949625152360121,
      "fcf_margin_change": -0.034110527405740526
    },
    {
      "date": "2022-07-01T00:00:00",
      "quarter_label": "2022-07 (Q3)",
      "revenue": 3597000000,
      "gross_profit": 538000000,
      "operating_income": 271000000,
      "net_income": 171000000,
      "opex": 267000000,
      "cogs": 3059000000,
      "rd": null,
      "sga": 260000000,
      "fcf": 45000000,
      "ocf": 45000000,
      "capex": null,
      "gross_margin": 0.14956908534890187,
      "op_margin": 0.07534056157909369,
      "fcf_margin": 0.012510425354462052,
      "incr_op_margin_yoy": 0.013422818791946308,
      "rev_growth_yoy": 0.043213457076566125,
      "rev_growth_yoy_accel": -0.010783526332181992,
      "op_leverage_ratio": 0.2732486460305579,
      "fcf_margin_change": -0.014106632458932337
    },
    {
      "date": "2022-09-30T00:00:00",
      "quarter_label": "2022-09 (Q3)",
      "revenue": 3608000000,
      "gross_profit": 513000000,
      "operating_income": 281000000,
      "net_income": 162000000,
      "opex": 232000000,
      "cogs": 3095000000,
      "rd": null,
      "sga": 233000000,
      "fcf": 729000000,
      "ocf": 729000000,
      "capex": null,
      "gross_margin": 0.1421840354767184,
      "op_margin": 0.07788248337028825,
      "fcf_margin": 0.2020509977827051,
      "incr_op_margin_yoy": -0.192,
      "rev_growth_yoy": 0.03588860178007465,
      "rev_growth_yoy_accel": -0.007324855296491475,
      "fcf_margin_change": 0.18954057242824304
    },
    {
      "date": "2022-12-30T00:00:00",
      "quarter_label": "2022-12 (Q4)",
      "revenue": 3697000000,
      "gross_profit": 521000000,
      "operating_income": 265000000,
      "net_income": 177000000,
      "opex": 256000000,
      "cogs": 3176000000,
      "rd": null,
      "sga": 223000000,
      "fcf": 125000000,
      "ocf": 125000000,
      "capex": null,
      "gross_margin": 0.1409250743846362,
      "op_margin": 0.0716797403299973,
      "fcf_margin": 0.03381119826886665,
      "incr_op_margin_yoy": -0.024271844660194174,
      "rev_growth_yoy": 0.05900887997708393,
      "rev_growth_yoy_accel": 0.023120278197009278,
      "op_leverage_ratio": 0.23845158906134514,
      "fcf_margin_change": -0.16823979951383844
    },
    {
      "date": "2023-03-31T00:00:00",
      "quarter_label": "2023-03 (Q1)",
      "revenue": 3699000000,
      "gross_profit": 495000000,
      "operating_income": 265000000,
      "net_income": 162000000,
      "opex": 230000000,
      "cogs": 3204000000,
      "rd": null,
      "sga": 233000000,
      "fcf": -98000000,
      "ocf": -98000000,
      "capex": null,
      "gross_margin": 0.13381995133819952,
      "op_margin": 0.07164098404974317,
      "fcf_margin": -0.026493646931603138,
      "incr_op_margin_yoy": -0.02926829268292683,
      "rev_growth_yoy": 0.058672009158557525,
      "rev_growth_yoy_accel": -0.00033687081852640244,
      "fcf_margin_change": -0.06030484520046979
    },
    {
      "date": "2023-06-30T00:00:00",
      "quarter_label": "2023-06 (Q2)",
      "revenue": 3838000000,
      "gross_profit": 567000000,
      "operating_income": 331000000,
      "net_income": 207000000,
      "opex": 236000000,
      "cogs": 3271000000,
      "rd": null,
      "sga": 237000000,
      "fcf": 164000000,
      "ocf": 164000000,
      "capex": null,
      "gross_margin": 0.14773319437206878,
      "op_margin": 0.08624283480979678,
      "fcf_margin": 0.04273058884835852,
      "incr_op_margin_yoy": 0.24896265560165975,
      "rev_growth_yoy": 0.06700027800945232,
      "rev_growth_yoy_accel": 0.008328268850894799,
      "op_leverage_ratio": 1.4404794088492385,
      "fcf_margin_change": 0.06922423577996166
    },
    {
      "date": "2023-09-29T00:00:00",
      "quarter_label": "2023-09 (Q3)",
      "revenue": 3921000000,
      "gross_profit": 587000000,
      "operating_income": -336000000,
      "net_income": -399000000,
      "opex": 923000000,
      "cogs": 3334000000,
      "rd": null,
      "sga": 239000000,
      "fcf": 795000000,
      "ocf": 795000000,
      "capex": null,
      "gross_margin": 0.14970670747258352,
      "op_margin": -0.08569242540168324,
      "fcf_margin": 0.20275439938791126,
      "incr_op_margin_yoy": -1.9712460063897763,
      "rev_growth_yoy": 0.08675166297117516,
      "rev_growth_yoy_accel": 0.019751384961722837,
      "op_leverage_ratio": 0.0074289662935496025,
      "fcf_margin_change": 0.16002381053955272
    },
    {
      "date": "2023-12-29T00:00:00",
      "quarter_label": "2023-12 (Q4)",
      "revenue": 3980000000,
      "gross_profit": 595000000,
      "operating_income": 361000000,
      "net_income": 229000000,
      "opex": 234000000,
      "cogs": 3385000000,
      "rd": null,
      "sga": 233000000,
      "fcf": 304000000,
      "ocf": 304000000,
      "capex": null,
      "gross_margin": 0.14949748743718594,
      "op_margin": 0.0907035175879397,
      "fcf_margin": 0.0763819095477387,
      "incr_op_margin_yoy": 0.3392226148409894,
      "rev_growth_yoy": 0.07654855288071409,
      "rev_growth_yoy_accel": -0.01020311009046107,
      "op_leverage_ratio": Infinity,
      "fcf_margin_change": -0.12637248984017257
    },
    {
      "date": "2024-03-29T00:00:00",
      "quarter_label": "2024-03 (Q1)",
      "revenue": 3975000000,
      "gross_profit": 638000000,
      "operating_income": 415000000,
      "net_income": 284000000,
      "opex": 223000000,
      "cogs": 3337000000,
      "rd": null,
      "sga": 226000000,
      "fcf": 113000000,
      "ocf": 113000000,
      "capex": null,
      "gross_margin": 0.16050314465408805,
      "op_margin": 0.10440251572327044,
      "fcf_margin": 0.028427672955974842,
      "incr_op_margin_yoy": 0.5434782608695652,
      "rev_growth_yoy": 0.0746147607461476,
      "rev_growth_yoy_accel": -0.0019337921345664866,
      "fcf_margin_change": -0.04795423659176386
    },
    {
      "date": "2024-06-28T00:00:00",
      "quarter_label": "2024-06 (Q2)",
      "revenue": 4132000000,
      "gross_profit": 705000000,
      "operating_income": 475000000,
      "net_income": 322000000,
      "opex": 230000000,
      "cogs": 3427000000,
      "rd": null,
      "sga": 231000000,
      "fcf": 381000000,
      "ocf": 381000000,
      "capex": null,
      "gross_margin": 0.17061955469506293,
      "op_margin": 0.11495643756050339,
      "fcf_margin": 0.09220716360116167,
      "incr_op_margin_yoy": 0.4897959183673469,
      "rev_growth_yoy": 0.07660239708181345,
      "rev_growth_yoy_accel": 0.0019876363356658433,
      "op_leverage_ratio": 1.2582569631626235,
      "fcf_margin_change": 0.06377949064518683
    },
    {
      "date": "2024-09-27T00:00:00",
      "quarter_label": "2024-09 (Q3)",
      "revenue": 4190000000,
      "gross_profit": 762000000,
      "operating_income": 516000000,
      "net_income": 364000000,
      "opex": 246000000,
      "cogs": 3428000000,
      "rd": null,
      "sga": 247000000,
      "fcf": 647000000,
      "ocf": 647000000,
      "capex": null,
      "gross_margin": 0.18186157517899762,
      "op_margin": 0.12315035799522674,
      "fcf_margin": 0.15441527446300715,
      "incr_op_margin_yoy": 3.16728624535316,
      "rev_growth_yoy": 0.06860494771741903,
      "rev_growth_yoy_accel": -0.007997449364394421,
      "op_leverage_ratio": 0.2017787996127783,
      "fcf_margin_change": 0.06220811086184548
    },
    {
      "date": "2025-01-03T00:00:00",
      "quarter_label": "2025-01 (Q1)",
      "revenue": 4365000000,
      "gross_profit": 693000000,
      "operating_income": 421000000,
      "net_income": 284000000,
      "opex": 272000000,
      "cogs": 3672000000,
      "rd": null,
      "sga": 279000000,
      "fcf": 251000000,
      "ocf": 251000000,
      "capex": null,
      "gross_margin": 0.15876288659793814,
      "op_margin": 0.09644902634593357,
      "fcf_margin": 0.057502863688430696,
      "incr_op_margin_yoy": 0.15584415584415584,
      "rev_growth_yoy": 0.09673366834170855,
      "rev_growth_yoy_accel": 0.02812872062428952,
      "op_leverage_ratio": 0.39517165412153477,
      "fcf_margin_change": -0.09691241077457646
    },
    {
      "date": "2025-04-04T00:00:00",
      "quarter_label": "2025-04 (Q2)",
      "revenue": 4245000000,
      "gross_profit": 757000000,
      "operating_income": 530000000,
      "net_income": 363000000,
      "opex": 227000000,
      "cogs": 3488000000,
      "rd": null,
      "sga": 230000000,
      "fcf": 58000000,
      "ocf": 58000000,
      "capex": null,
      "gross_margin": 0.17832744405182568,
      "op_margin": 0.1248527679623086,
      "fcf_margin": 0.013663133097762074,
      "incr_op_margin_yoy": 0.42592592592592593,
      "rev_growth_yoy": 0.06792452830188679,
      "rev_growth_yoy_accel": -0.028809140039821754,
      "fcf_margin_change": -0.04383973059066862
    },
    {
      "date": "2025-07-04T00:00:00",
      "quarter_label": "2025-07 (Q3)",
      "revenue": 4253000000,
      "gross_profit": 782000000,
      "operating_income": 571000000,
      "net_income": 391000000,
      "opex": 211000000,
      "cogs": 3471000000,
      "rd": null,
      "sga": 217000000,
      "fcf": 486000000,
      "ocf": 486000000,
      "capex": null,
      "gross_margin": 0.1838702092640489,
      "op_margin": 0.13425817070303314,
      "fcf_margin": 0.11427227839172349,
      "incr_op_margin_yoy": 0.7933884297520661,
      "rev_growth_yoy": 0.029283639883833496,
      "rev_growth_yoy_accel": -0.0386408884180533,
      "fcf_margin_change": 0.10060914529396142
    },
    {
      "date": "2025-10-03T00:00:00",
      "quarter_label": "2025-10 (Q4)",
      "revenue": 4469000000,
      "gross_profit": 821000000,
      "operating_income": 535000000,
      "net_income": 367000000,
      "opex": 286000000,
      "cogs": 3648000000,
      "rd": null,
      "sga": 286000000,
      "fcf": 711000000,
      "ocf": 711000000,
      "capex": null,
      "gross_margin": 0.18371000223763706,
      "op_margin": 0.11971358245692548,
      "fcf_margin": 0.15909599462967106,
      "incr_op_margin_yoy": 0.06810035842293907,
      "rev_growth_yoy": 0.06658711217183771,
      "rev_growth_yoy_accel": 0.03730347228800422,
      "op_leverage_ratio": 0.14288267105572536,
      "fcf_margin_change": 0.044823716237947564
    }
  ],
  "signals": [
    {
      "quarter": "2025-07 (Q3)",
      "signal": "FCF MARGIN EXPANSION",
      "detail": "FCF margin: +1.4% -> +11.4% (+10.1%)",
      "severity": "MEDIUM"
    },
    {
      "quarter": "2025-07 (Q3)",
      "signal": "INCREMENTAL MARGIN (YoY)",
      "detail": "YoY Incr OPM: +79.3% vs year-ago OPM: +11.5%",
      "severity": "HIGH"
    },
    {
      "quarter": "2025-04 (Q2)",
      "signal": "INCREMENTAL MARGIN (YoY)",
      "detail": "YoY Incr OPM: +42.6% vs year-ago OPM: +10.4%",
      "severity": "HIGH"
    },
    {
      "quarter": "2024-09 (Q3)",
      "signal": "FCF MARGIN EXPANSION",
      "detail": "FCF margin: +9.2% -> +15.4% (+6.2%)",
      "severity": "MEDIUM"
    },
    {
      "quarter": "2024-09 (Q3)",
      "signal": "OP MARGIN TURNED POSITIVE (YoY)",
      "detail": "Op margin: -8.6% (year-ago) -> +12.3%",
      "severity": "HIGH"
    },
    {
      "quarter": "2024-06 (Q2)",
      "signal": "FCF MARGIN EXPANSION",
      "detail": "FCF margin: +2.8% -> +9.2% (+6.4%)",
      "severity": "MEDIUM"
    },
    {
      "quarter": "2024-06 (Q2)",
      "signal": "INCREMENTAL MARGIN (YoY)",
      "detail": "YoY Incr OPM: +49.0% vs year-ago OPM: +8.6%",
      "severity": "HIGH"
    },
    {
      "quarter": "2024-03 (Q1)",
      "signal": "INCREMENTAL MARGIN (YoY)",
      "detail": "YoY Incr OPM: +54.3% vs year-ago OPM: +7.2%",
      "severity": "HIGH"
    },
    {
      "quarter": "2023-12 (Q4)",
      "signal": "INCREMENTAL MARGIN (YoY)",
      "detail": "YoY Incr OPM: +33.9% vs year-ago OPM: +7.2%",
      "severity": "HIGH"
    },
    {
      "quarter": "2023-12 (Q4)",
      "signal": "OP MARGIN TURNED POSITIVE (QoQ)",
      "detail": "Op margin: -8.6% -> +9.1%",
      "severity": "HIGH"
    },
    {
      "quarter": "2023-09 (Q3)",
      "signal": "FCF MARGIN EXPANSION",
      "detail": "FCF margin: +4.3% -> +20.3% (+16.0%)",
      "severity": "MEDIUM"
    },
    {
      "quarter": "2023-06 (Q2)",
      "signal": "FCF TURNED POSITIVE",
      "detail": "FCF margin: -2.6% -> +4.3%",
      "severity": "HIGH"
    },
    {
      "quarter": "2023-06 (Q2)",
      "signal": "INCREMENTAL MARGIN (YoY)",
      "detail": "YoY Incr OPM: +24.9% vs year-ago OPM: +7.5%",
      "severity": "MEDIUM"
    },
    {
      "quarter": "2022-09 (Q3)",
      "signal": "FCF MARGIN EXPANSION",
      "detail": "FCF margin: +1.3% -> +20.2% (+19.0%)",
      "severity": "MEDIUM"
    },
    {
      "quarter": "2021-10 (Q4)",
      "signal": "FCF MARGIN EXPANSION",
      "detail": "FCF margin: +0.5% -> +16.2% (+15.7%)",
      "severity": "MEDIUM"
    },
    {
      "quarter": "2021-04 (Q2)",
      "signal": "FCF TURNED POSITIVE",
      "detail": "FCF margin: -1.6% -> +7.2%",
      "severity": "HIGH"
    }
  ],
  "data_quality": {
    "n_quarters": 20,
    "coverage": {
      "revenue": [
        20,
        20
      ],
      "gross_profit": [
        20,
        20
      ],
      "op_income": [
        20,
        20
      ],
      "fcf": [
        20,
        20
      ]
    },
    "gaps": [],
    "warnings": []
  },
  "market_cap": null,
  "source": "SEC EDGAR",
  "last_updated": "2026-02-02T20:14:29.474507"
}