{
  "ticker": "LEE",
  "name": "LEE ENTERPRISES, INC",
  "sector": "Communication Services",
  "industry": "Publishing",
  "quarters": [
    {
      "date": "2021-03-28T00:00:00",
      "quarter_label": "2021-03 (Q1)",
      "revenue": 192430000,
      "gross_profit": null,
      "operating_income": 8418000,
      "net_income": -1134000,
      "opex": 185483000,
      "cogs": null,
      "rd": null,
      "sga": null,
      "fcf": 19693000,
      "ocf": 20882000,
      "capex": -1189000,
      "gross_margin": null,
      "op_margin": 0.04374577768539209,
      "fcf_margin": 0.10233851270591904
    },
    {
      "date": "2021-06-27T00:00:00",
      "quarter_label": "2021-06 (Q2)",
      "revenue": 196490000,
      "gross_profit": null,
      "operating_income": 13783000,
      "net_income": 3227000,
      "opex": 184396000,
      "cogs": null,
      "rd": null,
      "sga": null,
      "fcf": 1095000,
      "ocf": 3518000,
      "capex": -2423000,
      "gross_margin": null,
      "op_margin": 0.07014606341289634,
      "fcf_margin": 0.005572802687159652,
      "op_leverage_ratio": null,
      "fcf_margin_change": -0.09676571001875939
    },
    {
      "date": "2021-09-26T00:00:00",
      "quarter_label": "2021-09 (Q3)",
      "revenue": 193913000,
      "gross_profit": null,
      "operating_income": 13549000,
      "net_income": 4790000,
      "opex": 181874000,
      "cogs": null,
      "rd": null,
      "sga": null,
      "fcf": 5178000,
      "ocf": 7307000,
      "capex": -2129000,
      "gross_margin": null,
      "op_margin": 0.06987154032994178,
      "fcf_margin": 0.026702696570111338,
      "fcf_margin_change": 0.021129893882951688
    },
    {
      "date": "2021-12-26T00:00:00",
      "quarter_label": "2021-12 (Q4)",
      "revenue": 202282000,
      "gross_profit": null,
      "operating_income": 25114000,
      "net_income": 12658000,
      "opex": 178922000,
      "cogs": null,
      "rd": null,
      "sga": null,
      "fcf": -1207000,
      "ocf": 570000,
      "capex": -1777000,
      "gross_margin": null,
      "op_margin": 0.1241534095965039,
      "fcf_margin": -0.005966917471648491,
      "op_leverage_ratio": null,
      "fcf_margin_change": -0.03266961404175983
    },
    {
      "date": "2022-03-27T00:00:00",
      "quarter_label": "2022-03 (Q1)",
      "revenue": 190014000,
      "gross_profit": null,
      "operating_income": -3228000,
      "net_income": -7276000,
      "opex": 194649000,
      "cogs": null,
      "rd": null,
      "sga": null,
      "fcf": -3969000,
      "ocf": -1176000,
      "capex": -2793000,
      "gross_margin": null,
      "op_margin": -0.01698822192049007,
      "fcf_margin": -0.02088793457324197,
      "incr_op_margin_yoy": 4.820364238410596,
      "rev_growth_yoy": -0.0125552148833342,
      "fcf_margin_change": -0.014921017101593482
    },
    {
      "date": "2022-06-26T00:00:00",
      "quarter_label": "2022-06 (Q2)",
      "revenue": 195037000,
      "gross_profit": null,
      "operating_income": 6439000,
      "net_income": -269000,
      "opex": 189648000,
      "cogs": null,
      "rd": null,
      "sga": null,
      "fcf": 154000,
      "ocf": 1322000,
      "capex": -1168000,
      "gross_margin": null,
      "op_margin": 0.033014248578474854,
      "fcf_margin": 0.000789593769387347,
      "incr_op_margin_yoy": 5.054370268410186,
      "rev_growth_yoy": -0.007394778360221894,
      "rev_growth_yoy_accel": 0.005160436523112305,
      "op_leverage_ratio": null,
      "fcf_margin_change": 0.02167752834262932
    },
    {
      "date": "2022-09-25T00:00:00",
      "quarter_label": "2022-09 (Q3)",
      "revenue": 193636000,
      "gross_profit": null,
      "operating_income": -3474000,
      "net_income": -7130000,
      "opex": 198556000,
      "cogs": null,
      "rd": null,
      "sga": null,
      "fcf": 339000,
      "ocf": 2137000,
      "capex": -1798000,
      "gross_margin": null,
      "op_margin": -0.017940878762213636,
      "fcf_margin": 0.0017507075130657522,
      "rev_growth_yoy": -0.0014284756566088916,
      "rev_growth_yoy_accel": 0.005966302703613003,
      "fcf_margin_change": 0.0009611137436784052
    },
    {
      "date": "2022-12-25T00:00:00",
      "quarter_label": "2022-12 (Q4)",
      "revenue": 185131000,
      "gross_profit": null,
      "operating_income": 11178000,
      "net_income": 1099000,
      "opex": 175621000,
      "cogs": null,
      "rd": null,
      "sga": null,
      "fcf": -3401000,
      "ocf": -2214000,
      "capex": -1187000,
      "gross_margin": null,
      "op_margin": 0.0603788668564422,
      "fcf_margin": -0.018370775288849516,
      "incr_op_margin_yoy": 0.8125473733310011,
      "rev_growth_yoy": -0.08478757378313444,
      "rev_growth_yoy_accel": -0.08335909812652555,
      "fcf_margin_change": -0.02012148280191527
    },
    {
      "date": "2023-03-26T00:00:00",
      "quarter_label": "2023-03 (Q1)",
      "revenue": 170687000,
      "gross_profit": null,
      "operating_income": 2858000,
      "net_income": -5885000,
      "opex": 168501000,
      "cogs": null,
      "rd": null,
      "sga": null,
      "fcf": 2143000,
      "ocf": 3235000,
      "capex": -1092000,
      "gross_margin": null,
      "op_margin": 0.016744098847598237,
      "fcf_margin": 0.012555144797201895,
      "incr_op_margin_yoy": -0.3148962591193667,
      "rev_growth_yoy": -0.1017135579483617,
      "rev_growth_yoy_accel": -0.016925984165227267,
      "fcf_margin_change": 0.03092592008605141
    },
    {
      "date": "2023-06-25T00:00:00",
      "quarter_label": "2023-06 (Q2)",
      "revenue": 171310000,
      "gross_profit": null,
      "operating_income": 12208000,
      "net_income": 1503000,
      "opex": 160296000,
      "cogs": null,
      "rd": null,
      "sga": null,
      "fcf": -4251000,
      "ocf": -2739000,
      "capex": -1512000,
      "gross_margin": null,
      "op_margin": 0.07126262331445916,
      "fcf_margin": -0.024814663475570604,
      "incr_op_margin_yoy": -0.24314072575546844,
      "rev_growth_yoy": -0.12165384004060768,
      "rev_growth_yoy_accel": -0.01994028209224598,
      "fcf_margin_change": -0.0373698082727725
    },
    {
      "date": "2023-09-24T00:00:00",
      "quarter_label": "2023-09 (Q3)",
      "revenue": 164009000,
      "gross_profit": null,
      "operating_income": 10924000,
      "net_income": -1984000,
      "opex": 156078000,
      "cogs": null,
      "rd": null,
      "sga": null,
      "fcf": -2779000,
      "ocf": -1463000,
      "capex": -1316000,
      "gross_margin": null,
      "op_margin": 0.06660610088470754,
      "fcf_margin": -0.016944192087019614,
      "incr_op_margin_yoy": -0.48597563033719243,
      "rev_growth_yoy": -0.1530035737156314,
      "rev_growth_yoy_accel": -0.03134973367502371,
      "fcf_margin_change": 0.00787047138855099
    },
    {
      "date": "2023-12-24T00:00:00",
      "quarter_label": "2023-12 (Q4)",
      "revenue": 155678000,
      "gross_profit": null,
      "operating_income": 7833000,
      "net_income": 688000,
      "opex": 149386000,
      "cogs": null,
      "rd": null,
      "sga": null,
      "fcf": -950000,
      "ocf": 80000,
      "capex": -1030000,
      "gross_margin": null,
      "op_margin": 0.05031539459653901,
      "fcf_margin": -0.0061023394442374645,
      "incr_op_margin_yoy": 0.11357077377516722,
      "rev_growth_yoy": -0.15909275053880764,
      "rev_growth_yoy_accel": -0.006089176823176251,
      "fcf_margin_change": 0.01084185264278215
    },
    {
      "date": "2024-03-24T00:00:00",
      "quarter_label": "2024-03 (Q1)",
      "revenue": 146550000,
      "gross_profit": null,
      "operating_income": -4552000,
      "net_income": -12179000,
      "opex": 152308000,
      "cogs": null,
      "rd": null,
      "sga": null,
      "fcf": 1252000,
      "ocf": 3200000,
      "capex": -1948000,
      "gross_margin": null,
      "op_margin": -0.031061071306721255,
      "fcf_margin": 0.00854315933128625,
      "incr_op_margin_yoy": 0.30699755562000247,
      "rev_growth_yoy": -0.14141088659358944,
      "rev_growth_yoy_accel": 0.0176818639452182,
      "fcf_margin_change": 0.014645498775523715
    },
    {
      "date": "2024-06-23T00:00:00",
      "quarter_label": "2024-06 (Q2)",
      "revenue": 150578000,
      "gross_profit": null,
      "operating_income": 4925000,
      "net_income": -4266000,
      "opex": 146775000,
      "cogs": null,
      "rd": null,
      "sga": null,
      "fcf": -5476000,
      "ocf": -1902000,
      "capex": -3574000,
      "gross_margin": null,
      "op_margin": 0.0327073011993784,
      "fcf_margin": -0.03636653428787738,
      "incr_op_margin_yoy": 0.3512926876326452,
      "rev_growth_yoy": -0.12102037242426011,
      "rev_growth_yoy_accel": 0.020390514169329327,
      "op_leverage_ratio": null,
      "fcf_margin_change": -0.04490969361916363
    },
    {
      "date": "2024-09-29T00:00:00",
      "quarter_label": "2024-09 (Q3)",
      "revenue": 158574000,
      "gross_profit": null,
      "operating_income": -3660000,
      "net_income": -10088000,
      "opex": 162937000,
      "cogs": null,
      "rd": null,
      "sga": null,
      "fcf": -2917000,
      "ocf": -261000,
      "capex": -2656000,
      "gross_margin": null,
      "op_margin": -0.0230807067993492,
      "fcf_margin": -0.01839519719500044,
      "incr_op_margin_yoy": 2.683348666053358,
      "rev_growth_yoy": -0.03313842533031724,
      "rev_growth_yoy_accel": 0.08788194709394287,
      "op_leverage_ratio": 0.482245570851172,
      "fcf_margin_change": 0.01797133709287694
    },
    {
      "date": "2024-12-29T00:00:00",
      "quarter_label": "2024-12 (Q4)",
      "revenue": 144562000,
      "gross_profit": null,
      "operating_income": -3352000,
      "net_income": -16748000,
      "opex": 149036000,
      "cogs": null,
      "rd": null,
      "sga": null,
      "fcf": -8890000,
      "ocf": -7337000,
      "capex": -1553000,
      "gross_margin": null,
      "op_margin": -0.02318728296509456,
      "fcf_margin": -0.061496105477234685,
      "incr_op_margin_yoy": 1.0062072688017272,
      "rev_growth_yoy": -0.0714037950127828,
      "rev_growth_yoy_accel": -0.03826536968246556,
      "fcf_margin_change": -0.04310090828223424
    },
    {
      "date": "2025-03-30T00:00:00",
      "quarter_label": "2025-03 (Q1)",
      "revenue": 137380000,
      "gross_profit": null,
      "operating_income": -4503000,
      "net_income": -12511000,
      "opex": 143038000,
      "cogs": null,
      "rd": null,
      "sga": null,
      "fcf": -2160000,
      "ocf": -790000,
      "capex": -1370000,
      "gross_margin": null,
      "op_margin": -0.032777696899111954,
      "fcf_margin": -0.015722812636482748,
      "incr_op_margin_yoy": -0.0053435114503816794,
      "rev_growth_yoy": -0.06257250085295121,
      "rev_growth_yoy_accel": 0.008831294159831582,
      "fcf_margin_change": 0.045773292840751933
    },
    {
      "date": "2025-06-29T00:00:00",
      "quarter_label": "2025-06 (Q2)",
      "revenue": 141294000,
      "gross_profit": null,
      "operating_income": 4662000,
      "net_income": -1920000,
      "opex": 137318000,
      "cogs": null,
      "rd": null,
      "sga": null,
      "fcf": 8276000,
      "ocf": 8892000,
      "capex": -616000,
      "gross_margin": null,
      "op_margin": 0.032995031636162894,
      "fcf_margin": 0.058572904723484365,
      "incr_op_margin_yoy": 0.028328306764325722,
      "rev_growth_yoy": -0.0616557531644729,
      "rev_growth_yoy_accel": 0.0009167476884783116,
      "op_leverage_ratio": null,
      "fcf_margin_change": 0.07429571735996711
    },
    {
      "date": "2025-09-28T00:00:00",
      "quarter_label": "2025-09 (Q3)",
      "revenue": 139106000,
      "gross_profit": null,
      "operating_income": -1457000,
      "net_income": -6414000,
      "opex": 141878000,
      "cogs": null,
      "rd": null,
      "sga": null,
      "fcf": -4310000,
      "ocf": -6306000,
      "capex": 1996000,
      "gross_margin": null,
      "op_margin": -0.010474027000992049,
      "fcf_margin": -0.030983566488864606,
      "incr_op_margin_yoy": -0.11316005753030614,
      "rev_growth_yoy": -0.12276918031959842,
      "rev_growth_yoy_accel": -0.06111342715512552,
      "fcf_margin_change": -0.08955647121234897
    },
    {
      "date": "2025-12-28T00:00:00",
      "quarter_label": "2025-12 (Q4)",
      "revenue": 130062000,
      "gross_profit": null,
      "operating_income": 5208000,
      "net_income": -5611000,
      "opex": 125934000,
      "cogs": null,
      "rd": null,
      "sga": null,
      "fcf": 3713000,
      "ocf": 4471000,
      "capex": -758000,
      "gross_margin": null,
      "op_margin": 0.04004244129722748,
      "fcf_margin": 0.02854792329811936,
      "incr_op_margin_yoy": -0.5903448275862069,
      "rev_growth_yoy": -0.10030298418671574,
      "rev_growth_yoy_accel": 0.022466196132882685,
      "fcf_margin_change": 0.059531489786983964
    }
  ],
  "signals": [
    {
      "quarter": "2025-12 (Q4)",
      "signal": "FCF TURNED POSITIVE",
      "detail": "FCF margin: -3.1% -> +2.9%",
      "severity": "HIGH"
    },
    {
      "quarter": "2025-12 (Q4)",
      "signal": "OP MARGIN TURNED POSITIVE (YoY)",
      "detail": "Op margin: -2.3% (year-ago) -> +4.0%",
      "severity": "HIGH"
    },
    {
      "quarter": "2025-12 (Q4)",
      "signal": "OP MARGIN TURNED POSITIVE (QoQ)",
      "detail": "Op margin: -1.0% -> +4.0%",
      "severity": "HIGH"
    },
    {
      "quarter": "2025-09 (Q3)",
      "signal": "YoY REVENUE GROWTH DECELERATION",
      "detail": "YoY growth: -12.3% vs prior quarter YoY: -6.2% (decel: -6.1%)",
      "severity": "WARNING"
    },
    {
      "quarter": "2025-06 (Q2)",
      "signal": "FCF TURNED POSITIVE",
      "detail": "FCF margin: -1.6% -> +5.9%",
      "severity": "HIGH"
    },
    {
      "quarter": "2025-06 (Q2)",
      "signal": "OP MARGIN TURNED POSITIVE (QoQ)",
      "detail": "Op margin: -3.3% -> +3.3%",
      "severity": "HIGH"
    },
    {
      "quarter": "2024-09 (Q3)",
      "signal": "YoY REVENUE GROWTH ACCELERATION",
      "detail": "YoY growth: -3.3% vs prior quarter YoY: -12.1% (accel: +8.8%)",
      "severity": "MEDIUM"
    },
    {
      "quarter": "2024-06 (Q2)",
      "signal": "INCREMENTAL MARGIN (YoY)",
      "detail": "YoY Incr OPM: +35.1% vs year-ago OPM: +7.1%",
      "severity": "HIGH"
    },
    {
      "quarter": "2024-06 (Q2)",
      "signal": "OP MARGIN TURNED POSITIVE (QoQ)",
      "detail": "Op margin: -3.1% -> +3.3%",
      "severity": "HIGH"
    },
    {
      "quarter": "2024-03 (Q1)",
      "signal": "FCF TURNED POSITIVE",
      "detail": "FCF margin: -0.6% -> +0.9%",
      "severity": "HIGH"
    },
    {
      "quarter": "2023-09 (Q3)",
      "signal": "OP MARGIN TURNED POSITIVE (YoY)",
      "detail": "Op margin: -1.8% (year-ago) -> +6.7%",
      "severity": "HIGH"
    },
    {
      "quarter": "2023-03 (Q1)",
      "signal": "FCF TURNED POSITIVE",
      "detail": "FCF margin: -1.8% -> +1.3%",
      "severity": "HIGH"
    },
    {
      "quarter": "2023-03 (Q1)",
      "signal": "OP MARGIN TURNED POSITIVE (YoY)",
      "detail": "Op margin: -1.7% (year-ago) -> +1.7%",
      "severity": "HIGH"
    },
    {
      "quarter": "2022-12 (Q4)",
      "signal": "YoY REVENUE GROWTH DECELERATION",
      "detail": "YoY growth: -8.5% vs prior quarter YoY: -0.1% (decel: -8.3%)",
      "severity": "WARNING"
    },
    {
      "quarter": "2022-12 (Q4)",
      "signal": "INCREMENTAL MARGIN (YoY)",
      "detail": "YoY Incr OPM: +81.3% vs year-ago OPM: +12.4%",
      "severity": "HIGH"
    },
    {
      "quarter": "2022-12 (Q4)",
      "signal": "OP MARGIN TURNED POSITIVE (QoQ)",
      "detail": "Op margin: -1.8% -> +6.0%",
      "severity": "HIGH"
    },
    {
      "quarter": "2022-06 (Q2)",
      "signal": "FCF TURNED POSITIVE",
      "detail": "FCF margin: -2.1% -> +0.1%",
      "severity": "HIGH"
    },
    {
      "quarter": "2022-06 (Q2)",
      "signal": "INCREMENTAL MARGIN (YoY)",
      "detail": "YoY Incr OPM: +505.4% vs year-ago OPM: +7.0%",
      "severity": "HIGH"
    },
    {
      "quarter": "2022-06 (Q2)",
      "signal": "OP MARGIN TURNED POSITIVE (QoQ)",
      "detail": "Op margin: -1.7% -> +3.3%",
      "severity": "HIGH"
    }
  ],
  "data_quality": {
    "n_quarters": 20,
    "coverage": {
      "revenue": [
        20,
        20
      ],
      "gross_profit": [
        0,
        20
      ],
      "op_income": [
        20,
        20
      ],
      "fcf": [
        20,
        20
      ]
    },
    "gaps": [],
    "warnings": [
      "gross_profit: no data"
    ]
  },
  "market_cap": null,
  "source": "SEC EDGAR",
  "last_updated": "2026-02-13T11:42:40.136159"
}