{
  "ticker": "LEG",
  "name": "LEGGETT\u00a0& PLATT, INC",
  "quarters": [
    {
      "date": "2020-12-31T00:00:00",
      "quarter_label": "2020-12 (Q4)",
      "revenue": 1182000000,
      "gross_profit": 258600000,
      "operating_income": null,
      "net_income": 103200000,
      "opex": null,
      "cogs": 923400000,
      "rd": null,
      "sga": 103800000,
      "fcf": 204900000,
      "ocf": 218800000,
      "capex": -13900000,
      "gross_margin": 0.21878172588832487,
      "op_margin": null,
      "fcf_margin": 0.17335025380710659
    },
    {
      "date": "2021-03-31T00:00:00",
      "quarter_label": "2021-03 (Q1)",
      "revenue": 1165400000,
      "gross_profit": 247500000,
      "operating_income": null,
      "net_income": 87500000,
      "opex": null,
      "cogs": 903400000,
      "rd": null,
      "sga": 106300000,
      "fcf": -34600000,
      "ocf": -10600000,
      "capex": -24000000,
      "gross_margin": 0.2123734340140724,
      "op_margin": null,
      "fcf_margin": -0.029689377037926894,
      "fcf_margin_change": -0.2030396308450335
    },
    {
      "date": "2021-06-30T00:00:00",
      "quarter_label": "2021-06 (Q2)",
      "revenue": 1284600000,
      "gross_profit": 269300000,
      "operating_income": null,
      "net_income": 112200000,
      "opex": null,
      "cogs": 1000300000,
      "rd": null,
      "sga": 112600000,
      "fcf": 15900000,
      "ocf": 40900000,
      "capex": -25000000,
      "gross_margin": 0.20963724116456484,
      "op_margin": null,
      "fcf_margin": 0.01237739374124241,
      "fcf_margin_change": 0.0420667707791693
    },
    {
      "date": "2021-09-30T00:00:00",
      "quarter_label": "2021-09 (Q3)",
      "revenue": 1334800000,
      "gross_profit": 256100000,
      "operating_income": null,
      "net_income": 97200000,
      "opex": null,
      "cogs": 1063100000,
      "rd": null,
      "sga": 103600000,
      "fcf": 23300000,
      "ocf": 50100000,
      "capex": -26800000,
      "gross_margin": 0.1918639496553791,
      "op_margin": null,
      "fcf_margin": 0.017455798621516333,
      "fcf_margin_change": 0.005078404880273923
    },
    {
      "date": "2021-12-31T00:00:00",
      "quarter_label": "2021-12 (Q4)",
      "revenue": 1332900000,
      "gross_profit": 265400000,
      "operating_income": null,
      "net_income": 105500000,
      "opex": null,
      "cogs": 1067500000,
      "rd": null,
      "sga": 99600000,
      "fcf": 160100000,
      "ocf": 190900000,
      "capex": -30800000,
      "gross_margin": 0.1991147122814915,
      "op_margin": null,
      "fcf_margin": 0.12011403706204517,
      "rev_growth_yoy": 0.12766497461928933,
      "fcf_margin_change": 0.10265823844052883
    },
    {
      "date": "2022-03-31T00:00:00",
      "quarter_label": "2022-03 (Q1)",
      "revenue": 1339500000,
      "gross_profit": 267300000,
      "operating_income": null,
      "net_income": 90400000,
      "opex": null,
      "cogs": 1055000000,
      "rd": null,
      "sga": 111700000,
      "fcf": 20300000,
      "ocf": 39000000,
      "capex": -18700000,
      "gross_margin": 0.19955207166853303,
      "op_margin": null,
      "fcf_margin": 0.015154908547965659,
      "rev_growth_yoy": 0.1493907671185859,
      "rev_growth_yoy_accel": 0.02172579249929657,
      "fcf_margin_change": -0.10495912851407951
    },
    {
      "date": "2022-06-30T00:00:00",
      "quarter_label": "2022-06 (Q2)",
      "revenue": 1349800000,
      "gross_profit": 268400000,
      "operating_income": null,
      "net_income": 95200000,
      "opex": null,
      "cogs": 1065800000,
      "rd": null,
      "sga": 105400000,
      "fcf": 67700000,
      "ocf": 89800000,
      "capex": -22100000,
      "gross_margin": 0.19884427322566306,
      "op_margin": null,
      "fcf_margin": 0.050155578604237666,
      "rev_growth_yoy": 0.05075509886345944,
      "rev_growth_yoy_accel": -0.09863566825512646,
      "fcf_margin_change": 0.035000670056272006
    },
    {
      "date": "2022-09-30T00:00:00",
      "quarter_label": "2022-09 (Q3)",
      "revenue": 1307500000,
      "gross_profit": 230500000,
      "operating_income": null,
      "net_income": 71400000,
      "opex": null,
      "cogs": 1063900000,
      "rd": null,
      "sga": 100400000,
      "fcf": 40800000,
      "ocf": 65500000,
      "capex": -24700000,
      "gross_margin": 0.17629063097514341,
      "op_margin": null,
      "fcf_margin": 0.03120458891013384,
      "rev_growth_yoy": -0.020452502247527718,
      "rev_growth_yoy_accel": -0.07120760111098716,
      "fcf_margin_change": -0.018950989694103824
    },
    {
      "date": "2022-12-31T00:00:00",
      "quarter_label": "2022-12 (Q4)",
      "revenue": 1207100000,
      "gross_profit": 210600000,
      "operating_income": null,
      "net_income": 52800000,
      "opex": null,
      "cogs": 985200000,
      "rd": null,
      "sga": 109800000,
      "fcf": 212300000,
      "ocf": 247100000,
      "capex": -34800000,
      "gross_margin": 0.17446773258222184,
      "op_margin": null,
      "fcf_margin": 0.175876066605915,
      "rev_growth_yoy": -0.09438067371895865,
      "rev_growth_yoy_accel": -0.07392817147143094,
      "fcf_margin_change": 0.14467147769578118
    },
    {
      "date": "2023-03-31T00:00:00",
      "quarter_label": "2023-03 (Q1)",
      "revenue": 1226700000,
      "gross_profit": 218600000,
      "operating_income": null,
      "net_income": 53500000,
      "opex": null,
      "cogs": 995000000,
      "rd": null,
      "sga": 116000000,
      "fcf": 59000000,
      "ocf": 96700000,
      "capex": -37700000,
      "gross_margin": 0.17820167930219288,
      "op_margin": null,
      "fcf_margin": 0.04809651911632836,
      "rev_growth_yoy": -0.08421052631578947,
      "rev_growth_yoy_accel": 0.010170147403169183,
      "fcf_margin_change": -0.12777954748958664
    },
    {
      "date": "2023-06-30T00:00:00",
      "quarter_label": "2023-06 (Q2)",
      "revenue": 1221200000,
      "gross_profit": 221100000,
      "operating_income": null,
      "net_income": 54200000,
      "opex": null,
      "cogs": 1000100000,
      "rd": null,
      "sga": 119200000,
      "fcf": 80100000,
      "ocf": 110600000,
      "capex": -30500000,
      "gross_margin": 0.181051424828038,
      "op_margin": null,
      "fcf_margin": 0.06559122174909925,
      "rev_growth_yoy": -0.09527337383316047,
      "rev_growth_yoy_accel": -0.011062847517370994,
      "fcf_margin_change": 0.017494702632770885
    },
    {
      "date": "2023-09-30T00:00:00",
      "quarter_label": "2023-09 (Q3)",
      "revenue": 1175400000,
      "gross_profit": 214300000,
      "operating_income": null,
      "net_income": 52800000,
      "opex": null,
      "cogs": 961100000,
      "rd": null,
      "sga": 109100000,
      "fcf": 121600000,
      "ocf": 143800000,
      "capex": -22200000,
      "gross_margin": 0.18232091202994724,
      "op_margin": null,
      "fcf_margin": 0.10345414327037604,
      "rev_growth_yoy": -0.10103250478011472,
      "rev_growth_yoy_accel": -0.005759130946954252,
      "fcf_margin_change": 0.03786292152127679
    },
    {
      "date": "2023-12-31T00:00:00",
      "quarter_label": "2023-12 (Q4)",
      "revenue": 1115100000,
      "gross_profit": 199800000,
      "operating_income": null,
      "net_income": -297300000,
      "opex": null,
      "cogs": 915300000,
      "rd": null,
      "sga": 121100000,
      "fcf": 122700000,
      "ocf": 146100000,
      "capex": -23400000,
      "gross_margin": 0.1791767554479419,
      "op_margin": null,
      "fcf_margin": 0.1100349744417541,
      "rev_growth_yoy": -0.07621572363515865,
      "rev_growth_yoy_accel": 0.02481678114495607,
      "fcf_margin_change": 0.00658083117137806
    },
    {
      "date": "2024-03-31T00:00:00",
      "quarter_label": "2024-03 (Q1)",
      "revenue": 1096900000,
      "gross_profit": 186400000,
      "operating_income": null,
      "net_income": 31600000,
      "opex": null,
      "cogs": 910500000,
      "rd": null,
      "sga": 125900000,
      "fcf": -32000000,
      "ocf": -6100000,
      "capex": -25900000,
      "gross_margin": 0.16993344881028352,
      "op_margin": null,
      "fcf_margin": -0.02917312425927614,
      "rev_growth_yoy": -0.1058123420559224,
      "rev_growth_yoy_accel": -0.02959661842076375,
      "fcf_margin_change": -0.13920809870103024
    },
    {
      "date": "2024-06-30T00:00:00",
      "quarter_label": "2024-06 (Q2)",
      "revenue": 1128600000,
      "gross_profit": 186500000,
      "operating_income": null,
      "net_income": -602200000,
      "opex": null,
      "cogs": 942100000,
      "rd": null,
      "sga": 131500000,
      "fcf": 78500000,
      "ocf": 94000000,
      "capex": -15500000,
      "gross_margin": 0.16524898103845473,
      "op_margin": null,
      "fcf_margin": 0.06955520113414851,
      "rev_growth_yoy": -0.07582705535538814,
      "rev_growth_yoy_accel": 0.029985286700534255,
      "fcf_margin_change": 0.09872832539342465
    },
    {
      "date": "2024-09-30T00:00:00",
      "quarter_label": "2024-09 (Q3)",
      "revenue": 1101700000,
      "gross_profit": 200600000,
      "operating_income": null,
      "net_income": 44900000,
      "opex": null,
      "cogs": 901100000,
      "rd": null,
      "sga": 127000000,
      "fcf": 77100000,
      "ocf": 95500000,
      "capex": -18400000,
      "gross_margin": 0.18208223654352365,
      "op_margin": null,
      "fcf_margin": 0.06998275392575111,
      "rev_growth_yoy": -0.06270205887357495,
      "rev_growth_yoy_accel": 0.013124996481813186,
      "fcf_margin_change": 0.0004275527916026006
    },
    {
      "date": "2024-12-31T00:00:00",
      "quarter_label": "2024-12 (Q4)",
      "revenue": 1056400000,
      "gross_profit": 175600000,
      "operating_income": null,
      "net_income": 14200000,
      "opex": null,
      "cogs": 880800000,
      "rd": null,
      "sga": 124400000,
      "fcf": 100500000,
      "ocf": 122300000,
      "capex": -21800000,
      "gross_margin": 0.1662249148049981,
      "op_margin": null,
      "fcf_margin": 0.09513441878076487,
      "rev_growth_yoy": -0.05264101874271366,
      "rev_growth_yoy_accel": 0.010061040130861294,
      "fcf_margin_change": 0.02515166485501376
    },
    {
      "date": "2025-03-31T00:00:00",
      "quarter_label": "2025-03 (Q1)",
      "revenue": 1022100000,
      "gross_profit": 190000000,
      "operating_income": null,
      "net_income": 30600000,
      "opex": null,
      "cogs": 832100000,
      "rd": null,
      "sga": 123600000,
      "fcf": -6500000,
      "ocf": 6800000,
      "capex": -13300000,
      "gross_margin": 0.1858917914098425,
      "op_margin": null,
      "fcf_margin": -0.006359456021915664,
      "rev_growth_yoy": -0.06819217795605798,
      "rev_growth_yoy_accel": -0.015551159213344316,
      "fcf_margin_change": -0.10149387480268053
    },
    {
      "date": "2025-06-30T00:00:00",
      "quarter_label": "2025-06 (Q2)",
      "revenue": 1058000000,
      "gross_profit": 192600000,
      "operating_income": null,
      "net_income": 52500000,
      "opex": null,
      "cogs": 865400000,
      "rd": null,
      "sga": 118400000,
      "fcf": 75500000,
      "ocf": 84000000,
      "capex": -8500000,
      "gross_margin": 0.18204158790170133,
      "op_margin": null,
      "fcf_margin": 0.07136105860113422,
      "rev_growth_yoy": -0.06255537834485203,
      "rev_growth_yoy_accel": 0.005636799611205945,
      "fcf_margin_change": 0.07772051462304988
    },
    {
      "date": "2025-09-30T00:00:00",
      "quarter_label": "2025-09 (Q3)",
      "revenue": 1036400000,
      "gross_profit": 193700000,
      "operating_income": null,
      "net_income": 127100000,
      "opex": null,
      "cogs": 842700000,
      "rd": null,
      "sga": 124500000,
      "fcf": 110100000,
      "ocf": 125900000,
      "capex": -15800000,
      "gross_margin": 0.186896950984176,
      "op_margin": null,
      "fcf_margin": 0.10623311462755693,
      "rev_growth_yoy": -0.05927203412907325,
      "rev_growth_yoy_accel": 0.0032833442157787773,
      "fcf_margin_change": 0.03487205602642271
    }
  ],
  "signals": [
    {
      "quarter": "2025-06 (Q2)",
      "signal": "FCF TURNED POSITIVE",
      "detail": "FCF margin: -0.6% -> +7.1%",
      "severity": "HIGH"
    },
    {
      "quarter": "2024-06 (Q2)",
      "signal": "FCF TURNED POSITIVE",
      "detail": "FCF margin: -2.9% -> +7.0%",
      "severity": "HIGH"
    },
    {
      "quarter": "2022-12 (Q4)",
      "signal": "FCF MARGIN EXPANSION",
      "detail": "FCF margin: +3.1% -> +17.6% (+14.5%)",
      "severity": "MEDIUM"
    },
    {
      "quarter": "2022-12 (Q4)",
      "signal": "YoY REVENUE GROWTH DECELERATION",
      "detail": "YoY growth: -9.4% vs prior quarter YoY: -2.0% (decel: -7.4%)",
      "severity": "WARNING"
    },
    {
      "quarter": "2022-09 (Q3)",
      "signal": "YoY REVENUE GROWTH DECELERATION",
      "detail": "YoY growth: -2.0% vs prior quarter YoY: +5.1% (decel: -7.1%)",
      "severity": "WARNING"
    },
    {
      "quarter": "2022-06 (Q2)",
      "signal": "YoY REVENUE GROWTH DECELERATION",
      "detail": "YoY growth: +5.1% vs prior quarter YoY: +14.9% (decel: -9.9%)",
      "severity": "WARNING"
    },
    {
      "quarter": "2021-12 (Q4)",
      "signal": "FCF MARGIN EXPANSION",
      "detail": "FCF margin: +1.7% -> +12.0% (+10.3%)",
      "severity": "MEDIUM"
    },
    {
      "quarter": "2021-06 (Q2)",
      "signal": "FCF TURNED POSITIVE",
      "detail": "FCF margin: -3.0% -> +1.2%",
      "severity": "HIGH"
    }
  ],
  "data_quality": {
    "n_quarters": 20,
    "coverage": {
      "revenue": [
        20,
        20
      ],
      "gross_profit": [
        20,
        20
      ],
      "op_income": [
        0,
        20
      ],
      "fcf": [
        20,
        20
      ]
    },
    "gaps": [],
    "warnings": [
      "op_income: no data"
    ]
  },
  "market_cap": null,
  "source": "SEC EDGAR",
  "last_updated": "2026-02-02T21:45:31.024153",
  "sector": "Consumer Cyclical",
  "industry": "Furnishings, Fixtures & Appliances"
}