{
  "ticker": "LEN-B",
  "name": "LENNAR CORP /NEW/",
  "quarters": [
    {
      "date": "2021-02-28T00:00:00",
      "quarter_label": "2021-02 (Q1)",
      "revenue": 5325468000,
      "gross_profit": null,
      "operating_income": 1449859000,
      "net_income": 1001369000,
      "opex": 4474294000,
      "cogs": null,
      "rd": null,
      "sga": null,
      "fcf": 376947000,
      "ocf": 385508000,
      "capex": -8561000,
      "gross_margin": null,
      "op_margin": 0.2722500632808234,
      "fcf_margin": 0.07078194817807562
    },
    {
      "date": "2021-05-31T00:00:00",
      "quarter_label": "2021-05 (Q2)",
      "revenue": 6430245000,
      "gross_profit": null,
      "operating_income": 1202095000,
      "net_income": 831363000,
      "opex": 5286815000,
      "cogs": null,
      "rd": null,
      "sga": null,
      "fcf": 316819000,
      "ocf": 332612000,
      "capex": -15793000,
      "gross_margin": null,
      "op_margin": 0.18694388783009044,
      "fcf_margin": 0.049270128898665604,
      "op_leverage_ratio": 1.1423699436956576,
      "fcf_margin_change": -0.021511819279410017
    },
    {
      "date": "2021-08-31T00:00:00",
      "quarter_label": "2021-08 (Q3)",
      "revenue": 6941403000,
      "gross_profit": null,
      "operating_income": 1924495000,
      "net_income": 1406888000,
      "opex": 5613948000,
      "cogs": null,
      "rd": null,
      "sga": null,
      "fcf": 578634000,
      "ocf": 594227000,
      "capex": -15593000,
      "gross_margin": null,
      "op_margin": 0.27724870606129626,
      "fcf_margin": 0.08335980492704428,
      "op_leverage_ratio": 1.2846872056832013,
      "fcf_margin_change": 0.03408967602837868
    },
    {
      "date": "2021-11-30T00:00:00",
      "quarter_label": "2021-11 (Q4)",
      "revenue": 8433560000,
      "gross_profit": null,
      "operating_income": null,
      "net_income": 1190491000,
      "opex": 6677186000,
      "cogs": null,
      "rd": null,
      "sga": null,
      "fcf": 1195202000,
      "ocf": 1220427000,
      "capex": -25225000,
      "gross_margin": null,
      "op_margin": null,
      "fcf_margin": 0.14171974824392072,
      "op_leverage_ratio": 1.135024293942974,
      "fcf_margin_change": 0.05835994331687644
    },
    {
      "date": "2022-02-28T00:00:00",
      "quarter_label": "2022-02 (Q1)",
      "revenue": 6203516000,
      "gross_profit": null,
      "operating_income": 802934000,
      "net_income": 503581000,
      "opex": 5123151000,
      "cogs": null,
      "rd": null,
      "sga": null,
      "fcf": -78011000,
      "ocf": -72231000,
      "capex": -5780000,
      "gross_margin": null,
      "op_margin": 0.12943208335402054,
      "fcf_margin": -0.012575287949607931,
      "incr_op_margin_yoy": -0.736776349356755,
      "rev_growth_yoy": 0.1648771525807685,
      "fcf_margin_change": -0.15429503619352866
    },
    {
      "date": "2022-05-31T00:00:00",
      "quarter_label": "2022-05 (Q2)",
      "revenue": 8358696000,
      "gross_profit": null,
      "operating_income": null,
      "net_income": 1320756000,
      "opex": 6506528000,
      "cogs": null,
      "rd": null,
      "sga": null,
      "fcf": 119755000,
      "ocf": 124841000,
      "capex": -5086000,
      "gross_margin": null,
      "op_margin": null,
      "fcf_margin": 0.014326995502647781,
      "rev_growth_yoy": 0.29990319186905007,
      "rev_growth_yoy_accel": 0.13502603928828158,
      "op_leverage_ratio": 1.2865961489117599,
      "fcf_margin_change": 0.02690228345225571
    },
    {
      "date": "2022-08-31T00:00:00",
      "quarter_label": "2022-08 (Q3)",
      "revenue": 8934431000,
      "gross_profit": null,
      "operating_income": null,
      "net_income": 1467344000,
      "opex": 6991712000,
      "cogs": null,
      "rd": null,
      "sga": null,
      "fcf": 482174000,
      "ocf": 498842000,
      "capex": -16668000,
      "gross_margin": null,
      "op_margin": null,
      "fcf_margin": 0.05396807026659001,
      "rev_growth_yoy": 0.28712178215268586,
      "rev_growth_yoy_accel": -0.012781409716364212,
      "op_leverage_ratio": 0.9236914714082858,
      "fcf_margin_change": 0.03964107476394223
    },
    {
      "date": "2022-11-30T00:00:00",
      "quarter_label": "2022-11 (Q4)",
      "revenue": 10174367000,
      "gross_profit": null,
      "operating_income": null,
      "net_income": 1322444000,
      "opex": null,
      "cogs": null,
      "rd": null,
      "sga": null,
      "fcf": 2684536000,
      "ocf": 2714216000,
      "capex": -29680000,
      "gross_margin": null,
      "op_margin": null,
      "fcf_margin": 0.2638528765475041,
      "rev_growth_yoy": 0.20641425447853576,
      "rev_growth_yoy_accel": -0.0807075276741501,
      "fcf_margin_change": 0.2098848062809141
    },
    {
      "date": "2023-02-28T00:00:00",
      "quarter_label": "2023-02 (Q1)",
      "revenue": 6490429000,
      "gross_profit": null,
      "operating_income": null,
      "net_income": 596534000,
      "opex": 5674155000,
      "cogs": null,
      "rd": null,
      "sga": null,
      "fcf": 972782000,
      "ocf": 978205000,
      "capex": -5423000,
      "gross_margin": null,
      "op_margin": null,
      "fcf_margin": 0.14987946097245652,
      "rev_growth_yoy": 0.04625006206157927,
      "rev_growth_yoy_accel": -0.16016419241695648,
      "fcf_margin_change": -0.11397341557504759
    },
    {
      "date": "2023-05-31T00:00:00",
      "quarter_label": "2023-05 (Q2)",
      "revenue": 8045151000,
      "gross_profit": null,
      "operating_income": null,
      "net_income": 871694000,
      "opex": 6852312000,
      "cogs": null,
      "rd": null,
      "sga": null,
      "fcf": 634626000,
      "ocf": 660471000,
      "capex": -25845000,
      "gross_margin": null,
      "op_margin": null,
      "fcf_margin": 0.07888304396026874,
      "rev_growth_yoy": -0.037511233809675575,
      "rev_growth_yoy_accel": -0.08376129587125485,
      "op_leverage_ratio": 1.1536587592495922,
      "fcf_margin_change": -0.07099641701218778
    },
    {
      "date": "2023-08-31T00:00:00",
      "quarter_label": "2023-08 (Q3)",
      "revenue": 8729603000,
      "gross_profit": null,
      "operating_income": null,
      "net_income": 1108996000,
      "opex": 7258891000,
      "cogs": null,
      "rd": null,
      "sga": null,
      "fcf": 929523000,
      "ocf": 951865000,
      "capex": -22342000,
      "gross_margin": null,
      "op_margin": null,
      "fcf_margin": 0.1064794126376652,
      "rev_growth_yoy": -0.02292569051123681,
      "rev_growth_yoy_accel": 0.014585543298438766,
      "op_leverage_ratio": 1.4338409606538365,
      "fcf_margin_change": 0.027596368677396454
    },
    {
      "date": "2023-11-30T00:00:00",
      "quarter_label": "2023-11 (Q4)",
      "revenue": 10968183000,
      "gross_profit": null,
      "operating_income": null,
      "net_income": 1361287000,
      "opex": 9081449000,
      "cogs": null,
      "rd": null,
      "sga": null,
      "fcf": 2543008000,
      "ocf": 2589197000,
      "capex": -46189000,
      "gross_margin": null,
      "op_margin": null,
      "fcf_margin": 0.23185317021059915,
      "rev_growth_yoy": 0.07802116829479416,
      "rev_growth_yoy_accel": 0.10094685880603096,
      "op_leverage_ratio": 1.0213322437333097,
      "fcf_margin_change": 0.12537375757293395
    },
    {
      "date": "2024-02-29T00:00:00",
      "quarter_label": "2024-02 (Q1)",
      "revenue": 7312930000,
      "gross_profit": null,
      "operating_income": null,
      "net_income": 719334000,
      "opex": 6411834000,
      "cogs": null,
      "rd": null,
      "sga": null,
      "fcf": 294942000,
      "ocf": 367867000,
      "capex": -72925000,
      "gross_margin": null,
      "op_margin": null,
      "fcf_margin": 0.04033157708333048,
      "rev_growth_yoy": 0.1267252133872815,
      "rev_growth_yoy_accel": 0.048704045092487325,
      "fcf_margin_change": -0.19152159312726866
    },
    {
      "date": "2024-05-31T00:00:00",
      "quarter_label": "2024-05 (Q2)",
      "revenue": 8765592000,
      "gross_profit": null,
      "operating_income": null,
      "net_income": 954311000,
      "opex": 7546884000,
      "cogs": null,
      "rd": null,
      "sga": null,
      "fcf": 202951000,
      "ocf": 241759000,
      "capex": -38808000,
      "gross_margin": null,
      "op_margin": null,
      "fcf_margin": 0.023153142423238498,
      "rev_growth_yoy": 0.08954971758765,
      "rev_growth_yoy_accel": -0.03717549579963149,
      "op_leverage_ratio": 1.1221229292898915,
      "fcf_margin_change": -0.017178434660091984
    },
    {
      "date": "2024-08-31T00:00:00",
      "quarter_label": "2024-08 (Q3)",
      "revenue": 9416042000,
      "gross_profit": null,
      "operating_income": null,
      "net_income": 1162674000,
      "opex": 8129984000,
      "cogs": null,
      "rd": null,
      "sga": null,
      "fcf": 800843000,
      "ocf": 819248000,
      "capex": -18405000,
      "gross_margin": null,
      "op_margin": null,
      "fcf_margin": 0.08505091629795195,
      "rev_growth_yoy": 0.07863347279366542,
      "rev_growth_yoy_accel": -0.010916244793984578,
      "op_leverage_ratio": 0.960411383538087,
      "fcf_margin_change": 0.061897773874713444
    },
    {
      "date": "2024-11-30T00:00:00",
      "quarter_label": "2024-11 (Q4)",
      "revenue": 9946888000,
      "gross_profit": null,
      "operating_income": null,
      "net_income": 1096214000,
      "opex": 8582987000,
      "cogs": null,
      "rd": null,
      "sga": null,
      "fcf": 933140000,
      "ocf": 974505000,
      "capex": -41365000,
      "gross_margin": null,
      "op_margin": null,
      "fcf_margin": 0.09381225565222007,
      "rev_growth_yoy": -0.09311432896405904,
      "rev_growth_yoy_accel": -0.17174780175772447,
      "op_leverage_ratio": 1.01178625437542,
      "fcf_margin_change": 0.008761339354268122
    },
    {
      "date": "2025-02-28T00:00:00",
      "quarter_label": "2025-02 (Q1)",
      "revenue": 7631545000,
      "gross_profit": null,
      "operating_income": null,
      "net_income": 519526000,
      "opex": 6935706000,
      "cogs": null,
      "rd": null,
      "sga": null,
      "fcf": -345085000,
      "ocf": -289042000,
      "capex": -56043000,
      "gross_margin": null,
      "op_margin": null,
      "fcf_margin": -0.04521823562594468,
      "rev_growth_yoy": 0.04356872006158954,
      "rev_growth_yoy_accel": 0.13668304902564857,
      "fcf_margin_change": -0.13903049127816475
    },
    {
      "date": "2025-05-31T00:00:00",
      "quarter_label": "2025-05 (Q2)",
      "revenue": 8377502000,
      "gross_profit": null,
      "operating_income": null,
      "net_income": 477449000,
      "opex": 7749056000,
      "cogs": null,
      "rd": null,
      "sga": null,
      "fcf": -1110238000,
      "ocf": -1095022000,
      "capex": -15216000,
      "gross_margin": null,
      "op_margin": null,
      "fcf_margin": -0.1325261396535626,
      "rev_growth_yoy": -0.04427424867595937,
      "rev_growth_yoy_accel": -0.0878429687375489,
      "op_leverage_ratio": 0.8335171281332736,
      "fcf_margin_change": -0.08730790402761793
    },
    {
      "date": "2025-08-31T00:00:00",
      "quarter_label": "2025-08 (Q3)",
      "revenue": 8810278000,
      "gross_profit": null,
      "operating_income": null,
      "net_income": 590967000,
      "opex": 8110664000,
      "cogs": null,
      "rd": null,
      "sga": null,
      "fcf": -190776000,
      "ocf": -158611000,
      "capex": -32165000,
      "gross_margin": null,
      "op_margin": null,
      "fcf_margin": -0.02165380025465712,
      "rev_growth_yoy": -0.06433318797855829,
      "rev_growth_yoy_accel": -0.020058939302598923,
      "op_leverage_ratio": 1.1070300193319262,
      "fcf_margin_change": 0.11087233939890549
    },
    {
      "date": "2025-11-30T00:00:00",
      "quarter_label": "2025-11 (Q4)",
      "revenue": 9367609000,
      "gross_profit": null,
      "operating_income": null,
      "net_income": 490237000,
      "opex": 8723684000,
      "cogs": null,
      "rd": null,
      "sga": null,
      "fcf": 1674282000,
      "ocf": 1759487000,
      "capex": -85205000,
      "gross_margin": null,
      "op_margin": null,
      "fcf_margin": 0.17873098674378915,
      "rev_growth_yoy": -0.05823720946692071,
      "rev_growth_yoy_accel": 0.006095978511637581,
      "op_leverage_ratio": 0.8369612557733753,
      "fcf_margin_change": 0.20038478699844628
    }
  ],
  "signals": [
    {
      "quarter": "2025-11 (Q4)",
      "signal": "FCF TURNED POSITIVE",
      "detail": "FCF margin: -2.2% -> +17.9%",
      "severity": "HIGH"
    },
    {
      "quarter": "2025-08 (Q3)",
      "signal": "FCF MARGIN EXPANSION",
      "detail": "FCF margin: -13.3% -> -2.2% (+11.1%)",
      "severity": "MEDIUM"
    },
    {
      "quarter": "2025-05 (Q2)",
      "signal": "YoY REVENUE GROWTH DECELERATION",
      "detail": "YoY growth: -4.4% vs prior quarter YoY: +4.4% (decel: -8.8%)",
      "severity": "WARNING"
    },
    {
      "quarter": "2025-02 (Q1)",
      "signal": "YoY REVENUE GROWTH ACCELERATION",
      "detail": "YoY growth: +4.4% vs prior quarter YoY: -9.3% (accel: +13.7%)",
      "severity": "MEDIUM"
    },
    {
      "quarter": "2024-11 (Q4)",
      "signal": "YoY REVENUE GROWTH DECELERATION",
      "detail": "YoY growth: -9.3% vs prior quarter YoY: +7.9% (decel: -17.2%)",
      "severity": "WARNING"
    },
    {
      "quarter": "2024-08 (Q3)",
      "signal": "FCF MARGIN EXPANSION",
      "detail": "FCF margin: +2.3% -> +8.5% (+6.2%)",
      "severity": "MEDIUM"
    },
    {
      "quarter": "2023-11 (Q4)",
      "signal": "FCF MARGIN EXPANSION",
      "detail": "FCF margin: +10.6% -> +23.2% (+12.5%)",
      "severity": "MEDIUM"
    },
    {
      "quarter": "2023-11 (Q4)",
      "signal": "YoY REVENUE GROWTH ACCELERATION",
      "detail": "YoY growth: +7.8% vs prior quarter YoY: -2.3% (accel: +10.1%)",
      "severity": "MEDIUM"
    },
    {
      "quarter": "2023-05 (Q2)",
      "signal": "YoY REVENUE GROWTH DECELERATION",
      "detail": "YoY growth: -3.8% vs prior quarter YoY: +4.6% (decel: -8.4%)",
      "severity": "WARNING"
    },
    {
      "quarter": "2023-02 (Q1)",
      "signal": "YoY REVENUE GROWTH DECELERATION",
      "detail": "YoY growth: +4.6% vs prior quarter YoY: +20.6% (decel: -16.0%)",
      "severity": "WARNING"
    },
    {
      "quarter": "2022-11 (Q4)",
      "signal": "FCF MARGIN EXPANSION",
      "detail": "FCF margin: +5.4% -> +26.4% (+21.0%)",
      "severity": "MEDIUM"
    },
    {
      "quarter": "2022-11 (Q4)",
      "signal": "YoY REVENUE GROWTH DECELERATION",
      "detail": "YoY growth: +20.6% vs prior quarter YoY: +28.7% (decel: -8.1%)",
      "severity": "WARNING"
    },
    {
      "quarter": "2022-05 (Q2)",
      "signal": "FCF TURNED POSITIVE",
      "detail": "FCF margin: -1.3% -> +1.4%",
      "severity": "HIGH"
    },
    {
      "quarter": "2022-05 (Q2)",
      "signal": "YoY REVENUE GROWTH ACCELERATION",
      "detail": "YoY growth: +30.0% vs prior quarter YoY: +16.5% (accel: +13.5%)",
      "severity": "MEDIUM"
    },
    {
      "quarter": "2021-11 (Q4)",
      "signal": "FCF MARGIN EXPANSION",
      "detail": "FCF margin: +8.3% -> +14.2% (+5.8%)",
      "severity": "MEDIUM"
    }
  ],
  "data_quality": {
    "n_quarters": 20,
    "coverage": {
      "revenue": [
        20,
        20
      ],
      "gross_profit": [
        0,
        20
      ],
      "op_income": [
        4,
        20
      ],
      "fcf": [
        20,
        20
      ]
    },
    "gaps": [],
    "warnings": [
      "gross_profit: no data",
      "op_income: 4/20Q"
    ]
  },
  "market_cap": null,
  "source": "SEC EDGAR",
  "last_updated": "2026-02-03T00:53:29.882263",
  "sector": "Consumer Cyclical",
  "industry": "Residential Construction"
}