{
  "ticker": "LFST",
  "name": "LifeStance Health Group, Inc.",
  "quarters": [
    {
      "date": "2020-09-30T00:00:00",
      "quarter_label": "2020-09 (Q3)",
      "revenue": 101982000,
      "gross_profit": null,
      "operating_income": 2691000,
      "net_income": -3294000,
      "opex": 99291000,
      "cogs": null,
      "rd": null,
      "sga": 19534000,
      "fcf": null,
      "ocf": null,
      "capex": null,
      "gross_margin": null,
      "op_margin": 0.02638700947225981,
      "fcf_margin": null
    },
    {
      "date": "2021-03-31T00:00:00",
      "quarter_label": "2021-03 (Q1)",
      "revenue": 143132000,
      "gross_profit": null,
      "operating_income": -881000,
      "net_income": -8682000,
      "opex": 144013000,
      "cogs": null,
      "rd": null,
      "sga": 32651000,
      "fcf": -1172000,
      "ocf": 9909000,
      "capex": -11081000,
      "gross_margin": null,
      "op_margin": -0.006155157477014225,
      "fcf_margin": -0.00818824581505184,
      "op_leverage_ratio": 0.8958493484239638
    },
    {
      "date": "2021-06-30T00:00:00",
      "quarter_label": "2021-06 (Q2)",
      "revenue": 160549000,
      "gross_profit": null,
      "operating_income": -47045000,
      "net_income": -70033000,
      "opex": 207594000,
      "cogs": null,
      "rd": null,
      "sga": 85479000,
      "fcf": -37637000,
      "ocf": -16915000,
      "capex": -20722000,
      "gross_margin": null,
      "op_margin": -0.2930258052058873,
      "fcf_margin": -0.23442687279272995,
      "op_leverage_ratio": 0.27562014403323565,
      "fcf_margin_change": -0.2262386269776781
    },
    {
      "date": "2021-09-30T00:00:00",
      "quarter_label": "2021-09 (Q3)",
      "revenue": 173835000,
      "gross_profit": null,
      "operating_income": -124668000,
      "net_income": -120452000,
      "opex": 298503000,
      "cogs": null,
      "rd": null,
      "sga": 162943000,
      "fcf": -38221000,
      "ocf": -14209000,
      "capex": -24012000,
      "gross_margin": null,
      "op_margin": -0.7171628268185348,
      "fcf_margin": -0.21986941640060978,
      "incr_op_margin_yoy": -1.772493841593253,
      "rev_growth_yoy": 0.7045655115608637,
      "op_leverage_ratio": 0.1889707382983579,
      "fcf_margin_change": 0.014557456392120166
    },
    {
      "date": "2021-12-31T00:00:00",
      "quarter_label": "2021-12 (Q4)",
      "revenue": 189995000,
      "gross_profit": null,
      "operating_income": -113759000,
      "net_income": -108030000,
      "opex": 303754000,
      "cogs": null,
      "rd": null,
      "sga": 152652000,
      "fcf": -8042000,
      "ocf": 30635000,
      "capex": -38677000,
      "gross_margin": null,
      "op_margin": -0.5987473354561962,
      "fcf_margin": -0.04232742966920182,
      "op_leverage_ratio": 5.284584132810421,
      "fcf_margin_change": 0.17754198673140797
    },
    {
      "date": "2022-03-31T00:00:00",
      "quarter_label": "2022-03 (Q1)",
      "revenue": 203095000,
      "gross_profit": null,
      "operating_income": -64851000,
      "net_income": -62328000,
      "opex": 267946000,
      "cogs": null,
      "rd": null,
      "sga": 103369000,
      "fcf": -24602000,
      "ocf": 3308000,
      "capex": -27910000,
      "gross_margin": null,
      "op_margin": -0.31931362170412864,
      "fcf_margin": -0.12113542923262513,
      "incr_op_margin_yoy": -1.0668245418007771,
      "rev_growth_yoy": 0.41893496911941425,
      "op_leverage_ratio": Infinity,
      "fcf_margin_change": -0.07880799956342331
    },
    {
      "date": "2022-06-30T00:00:00",
      "quarter_label": "2022-06 (Q2)",
      "revenue": 209527000,
      "gross_profit": null,
      "operating_income": -60472000,
      "net_income": -68727000,
      "opex": 269999000,
      "cogs": null,
      "rd": null,
      "sga": 103559000,
      "fcf": -18032000,
      "ocf": 7833000,
      "capex": -25865000,
      "gross_margin": null,
      "op_margin": -0.2886119688632014,
      "fcf_margin": -0.08606050771499615,
      "incr_op_margin_yoy": -0.27414349299685575,
      "rev_growth_yoy": 0.30506574316875223,
      "rev_growth_yoy_accel": -0.11386922595066201,
      "op_leverage_ratio": 4.133378088066709,
      "fcf_margin_change": 0.035074921517628976
    },
    {
      "date": "2022-09-30T00:00:00",
      "quarter_label": "2022-09 (Q3)",
      "revenue": 217560000,
      "gross_profit": null,
      "operating_income": -38839000,
      "net_income": -37853000,
      "opex": 256399000,
      "cogs": null,
      "rd": null,
      "sga": 81248000,
      "fcf": -9366000,
      "ocf": 5730000,
      "capex": -15096000,
      "gross_margin": null,
      "op_margin": -0.17852086780658208,
      "fcf_margin": -0.04305019305019305,
      "incr_op_margin_yoy": 1.9629273870783304,
      "rev_growth_yoy": 0.2515316248166365,
      "rev_growth_yoy_accel": -0.053534118352115745,
      "op_leverage_ratio": Infinity,
      "fcf_margin_change": 0.0430103146648031
    },
    {
      "date": "2022-12-31T00:00:00",
      "quarter_label": "2022-12 (Q4)",
      "revenue": 229360000,
      "gross_profit": null,
      "operating_income": -46012000,
      "net_income": -46656000,
      "opex": 275372000,
      "cogs": null,
      "rd": null,
      "sga": 89817000,
      "fcf": 25534000,
      "ocf": 35918000,
      "capex": -10384000,
      "gross_margin": null,
      "op_margin": -0.20061039414021625,
      "fcf_margin": 0.11132717125915591,
      "incr_op_margin_yoy": 1.7209958084592913,
      "rev_growth_yoy": 0.2071896628858654,
      "rev_growth_yoy_accel": -0.044341961930771084,
      "op_leverage_ratio": 0.7329650682610904,
      "fcf_margin_change": 0.15437736430934895
    },
    {
      "date": "2023-03-31T00:00:00",
      "quarter_label": "2023-03 (Q1)",
      "revenue": 252589000,
      "gross_profit": null,
      "operating_income": -34093000,
      "net_income": -34242000,
      "opex": 286682000,
      "cogs": null,
      "rd": null,
      "sga": 84626000,
      "fcf": -15619000,
      "ocf": -7890000,
      "capex": -7729000,
      "gross_margin": null,
      "op_margin": -0.13497420711115685,
      "fcf_margin": -0.0618356302135089,
      "incr_op_margin_yoy": 0.6214490645330747,
      "rev_growth_yoy": 0.24369876166326104,
      "rev_growth_yoy_accel": 0.03650909877739564,
      "op_leverage_ratio": 2.465869040272598,
      "fcf_margin_change": -0.1731628014726648
    },
    {
      "date": "2023-06-30T00:00:00",
      "quarter_label": "2023-06 (Q2)",
      "revenue": 259578000,
      "gross_profit": null,
      "operating_income": -48413000,
      "net_income": -45478000,
      "opex": 307991000,
      "cogs": null,
      "rd": null,
      "sga": 101854000,
      "fcf": -12015000,
      "ocf": -434000,
      "capex": -11581000,
      "gross_margin": null,
      "op_margin": -0.18650656064843707,
      "fcf_margin": -0.04628666527980029,
      "incr_op_margin_yoy": 0.24093424706799066,
      "rev_growth_yoy": 0.23887613529521254,
      "rev_growth_yoy_accel": -0.004822626368048505,
      "op_leverage_ratio": 0.3722527914730806,
      "fcf_margin_change": 0.015548964933708609
    },
    {
      "date": "2023-09-30T00:00:00",
      "quarter_label": "2023-09 (Q3)",
      "revenue": 262895000,
      "gross_profit": null,
      "operating_income": -74357000,
      "net_income": -61583000,
      "opex": 337252000,
      "cogs": null,
      "rd": null,
      "sga": 130945000,
      "fcf": -35151000,
      "ocf": -25355000,
      "capex": -9796000,
      "gross_margin": null,
      "op_margin": -0.28283915631716083,
      "fcf_margin": -0.13370737366629262,
      "incr_op_margin_yoy": -0.7834564905701996,
      "rev_growth_yoy": 0.20837929766501195,
      "rev_growth_yoy_accel": -0.030496837630200585,
      "op_leverage_ratio": 0.13450129051197382,
      "fcf_margin_change": -0.08742070838649232
    },
    {
      "date": "2023-12-31T00:00:00",
      "quarter_label": "2023-12 (Q4)",
      "revenue": 280603000,
      "gross_profit": null,
      "operating_income": -32271000,
      "net_income": -44959000,
      "opex": 312874000,
      "cogs": null,
      "rd": null,
      "sga": 93368000,
      "fcf": 5381000,
      "ocf": 16795000,
      "capex": -11414000,
      "gross_margin": null,
      "op_margin": -0.11500589801249451,
      "fcf_margin": 0.0191765590531819,
      "incr_op_margin_yoy": 0.26815369904182035,
      "rev_growth_yoy": 0.22341733519358214,
      "rev_growth_yoy_accel": 0.015038037528570192,
      "op_leverage_ratio": Infinity,
      "fcf_margin_change": 0.15288393271947454
    },
    {
      "date": "2024-03-31T00:00:00",
      "quarter_label": "2024-03 (Q1)",
      "revenue": 300437000,
      "gross_profit": null,
      "operating_income": -16772000,
      "net_income": -21097000,
      "opex": 317209000,
      "cogs": null,
      "rd": null,
      "sga": 88934000,
      "fcf": -26942000,
      "ocf": -21838000,
      "capex": -5104000,
      "gross_margin": null,
      "op_margin": -0.055825347743453706,
      "fcf_margin": -0.08967603857048233,
      "incr_op_margin_yoy": 0.36200050158836317,
      "rev_growth_yoy": 0.18943026022510878,
      "rev_growth_yoy_accel": -0.03398707496847336,
      "op_leverage_ratio": 5.101505647330985,
      "fcf_margin_change": -0.10885259762366423
    },
    {
      "date": "2024-06-30T00:00:00",
      "quarter_label": "2024-06 (Q2)",
      "revenue": 312331000,
      "gross_profit": null,
      "operating_income": -15947000,
      "net_income": -23277000,
      "opex": 328278000,
      "cogs": null,
      "rd": null,
      "sga": 95153000,
      "fcf": 38950000,
      "ocf": 44060000,
      "capex": -5110000,
      "gross_margin": null,
      "op_margin": -0.05105801217298315,
      "fcf_margin": 0.12470744178451706,
      "incr_op_margin_yoy": 0.6154341933160199,
      "rev_growth_yoy": 0.20322600528550186,
      "rev_growth_yoy_accel": 0.013795745060393078,
      "op_leverage_ratio": 1.1345186273430876,
      "fcf_margin_change": 0.21438348035499938
    },
    {
      "date": "2024-09-30T00:00:00",
      "quarter_label": "2024-09 (Q3)",
      "revenue": 312722000,
      "gross_profit": null,
      "operating_income": 47000,
      "net_income": -5957000,
      "opex": 312675000,
      "cogs": null,
      "rd": null,
      "sga": 85269000,
      "fcf": 17671000,
      "ocf": 22722000,
      "capex": -5051000,
      "gross_margin": null,
      "op_margin": 0.0001502932316882087,
      "fcf_margin": 0.05650705738643268,
      "incr_op_margin_yoy": 1.4932466333513958,
      "rev_growth_yoy": 0.18953194241046806,
      "rev_growth_yoy_accel": -0.013694062875033802,
      "fcf_margin_change": -0.06820038439808439
    },
    {
      "date": "2024-12-31T00:00:00",
      "quarter_label": "2024-12 (Q4)",
      "revenue": 325480000,
      "gross_profit": null,
      "operating_income": 1059000,
      "net_income": -7112000,
      "opex": 324421000,
      "cogs": null,
      "rd": null,
      "sga": 93706000,
      "fcf": 56015000,
      "ocf": 62316000,
      "capex": -6301000,
      "gross_margin": null,
      "op_margin": 0.0032536561386260292,
      "fcf_margin": 0.1720996681823768,
      "incr_op_margin_yoy": 0.7426967043251554,
      "rev_growth_yoy": 0.15993057807649955,
      "rev_growth_yoy_accel": -0.02960136433396851,
      "op_leverage_ratio": 1.0859937475693957,
      "fcf_margin_change": 0.11559261079594411
    },
    {
      "date": "2025-03-31T00:00:00",
      "quarter_label": "2025-03 (Q1)",
      "revenue": 332970000,
      "gross_profit": null,
      "operating_income": 1604000,
      "net_income": 709000,
      "opex": 331366000,
      "cogs": null,
      "rd": null,
      "sga": 94431000,
      "fcf": -10260000,
      "ocf": -3092000,
      "capex": -7168000,
      "gross_margin": null,
      "op_margin": 0.00481725080337568,
      "fcf_margin": -0.030813586809622488,
      "incr_op_margin_yoy": 0.564841852887837,
      "rev_growth_yoy": 0.10828559731324704,
      "rev_growth_yoy_accel": -0.05164498076325251,
      "op_leverage_ratio": 1.074964739455967,
      "fcf_margin_change": -0.20291325499199928
    },
    {
      "date": "2025-06-30T00:00:00",
      "quarter_label": "2025-06 (Q2)",
      "revenue": 345311000,
      "gross_profit": null,
      "operating_income": -2950000,
      "net_income": -3791000,
      "opex": 348261000,
      "cogs": null,
      "rd": null,
      "sga": 97375000,
      "fcf": 56641000,
      "ocf": 64396000,
      "capex": -7755000,
      "gross_margin": null,
      "op_margin": -0.008543023535305855,
      "fcf_margin": 0.16402894781805388,
      "incr_op_margin_yoy": 0.39408732565191024,
      "rev_growth_yoy": 0.10559310475104937,
      "rev_growth_yoy_accel": -0.002692492562197668,
      "op_leverage_ratio": 0.7269340223637492,
      "fcf_margin_change": 0.19484253462767637
    },
    {
      "date": "2025-09-30T00:00:00",
      "quarter_label": "2025-09 (Q3)",
      "revenue": 363809000,
      "gross_profit": null,
      "operating_income": 7410000,
      "net_income": 1077000,
      "opex": 356399000,
      "cogs": null,
      "rd": null,
      "sga": 95615000,
      "fcf": 16996000,
      "ocf": 27287000,
      "capex": -10291000,
      "gross_margin": null,
      "op_margin": 0.02036783037253064,
      "fcf_margin": 0.04671682118914046,
      "incr_op_margin_yoy": 0.14412668584962907,
      "rev_growth_yoy": 0.16336234738841526,
      "rev_growth_yoy_accel": 0.057769242637365895,
      "op_leverage_ratio": 2.2924586937031317,
      "fcf_margin_change": -0.11731212662891342
    }
  ],
  "signals": [
    {
      "quarter": "2025-09 (Q3)",
      "signal": "OPERATING LEVERAGE",
      "detail": "Rev growth +5.4% vs OpEx growth +2.3% (leverage: 2.3x)",
      "severity": "MEDIUM"
    },
    {
      "quarter": "2025-09 (Q3)",
      "signal": "YoY REVENUE GROWTH ACCELERATION",
      "detail": "YoY growth: +16.3% vs prior quarter YoY: +10.6% (accel: +5.8%)",
      "severity": "MEDIUM"
    },
    {
      "quarter": "2025-09 (Q3)",
      "signal": "INCREMENTAL MARGIN (YoY)",
      "detail": "YoY Incr OPM: +14.4% vs year-ago OPM: +0.0%",
      "severity": "MEDIUM"
    },
    {
      "quarter": "2025-09 (Q3)",
      "signal": "OP MARGIN TURNED POSITIVE (QoQ)",
      "detail": "Op margin: -0.9% -> +2.0%",
      "severity": "HIGH"
    },
    {
      "quarter": "2025-06 (Q2)",
      "signal": "FCF TURNED POSITIVE",
      "detail": "FCF margin: -3.1% -> +16.4%",
      "severity": "HIGH"
    },
    {
      "quarter": "2025-03 (Q1)",
      "signal": "YoY REVENUE GROWTH DECELERATION",
      "detail": "YoY growth: +10.8% vs prior quarter YoY: +16.0% (decel: -5.2%)",
      "severity": "WARNING"
    },
    {
      "quarter": "2025-03 (Q1)",
      "signal": "OP MARGIN TURNED POSITIVE (YoY)",
      "detail": "Op margin: -5.6% (year-ago) -> +0.5%",
      "severity": "HIGH"
    },
    {
      "quarter": "2024-12 (Q4)",
      "signal": "FCF MARGIN EXPANSION",
      "detail": "FCF margin: +5.7% -> +17.2% (+11.6%)",
      "severity": "MEDIUM"
    },
    {
      "quarter": "2024-12 (Q4)",
      "signal": "OP MARGIN TURNED POSITIVE (YoY)",
      "detail": "Op margin: -11.5% (year-ago) -> +0.3%",
      "severity": "HIGH"
    },
    {
      "quarter": "2024-09 (Q3)",
      "signal": "OP MARGIN TURNED POSITIVE (YoY)",
      "detail": "Op margin: -28.3% (year-ago) -> +0.0%",
      "severity": "HIGH"
    },
    {
      "quarter": "2024-09 (Q3)",
      "signal": "OP MARGIN TURNED POSITIVE (QoQ)",
      "detail": "Op margin: -5.1% -> +0.0%",
      "severity": "HIGH"
    },
    {
      "quarter": "2024-06 (Q2)",
      "signal": "FCF TURNED POSITIVE",
      "detail": "FCF margin: -9.0% -> +12.5%",
      "severity": "HIGH"
    },
    {
      "quarter": "2024-03 (Q1)",
      "signal": "OPERATING LEVERAGE",
      "detail": "Rev growth +7.1% vs OpEx growth +1.4% (leverage: 5.1x)",
      "severity": "MEDIUM"
    },
    {
      "quarter": "2023-12 (Q4)",
      "signal": "FCF TURNED POSITIVE",
      "detail": "FCF margin: -13.4% -> +1.9%",
      "severity": "HIGH"
    },
    {
      "quarter": "2023-03 (Q1)",
      "signal": "OPERATING LEVERAGE",
      "detail": "Rev growth +10.1% vs OpEx growth +4.1% (leverage: 2.5x)",
      "severity": "MEDIUM"
    },
    {
      "quarter": "2022-12 (Q4)",
      "signal": "FCF TURNED POSITIVE",
      "detail": "FCF margin: -4.3% -> +11.1%",
      "severity": "HIGH"
    },
    {
      "quarter": "2022-09 (Q3)",
      "signal": "YoY REVENUE GROWTH DECELERATION",
      "detail": "YoY growth: +25.2% vs prior quarter YoY: +30.5% (decel: -5.4%)",
      "severity": "WARNING"
    },
    {
      "quarter": "2022-06 (Q2)",
      "signal": "OPERATING LEVERAGE",
      "detail": "Rev growth +3.2% vs OpEx growth +0.8% (leverage: 4.1x)",
      "severity": "MEDIUM"
    },
    {
      "quarter": "2022-06 (Q2)",
      "signal": "YoY REVENUE GROWTH DECELERATION",
      "detail": "YoY growth: +30.5% vs prior quarter YoY: +41.9% (decel: -11.4%)",
      "severity": "WARNING"
    },
    {
      "quarter": "2021-12 (Q4)",
      "signal": "FCF MARGIN EXPANSION",
      "detail": "FCF margin: -22.0% -> -4.2% (+17.8%)",
      "severity": "MEDIUM"
    },
    {
      "quarter": "2021-12 (Q4)",
      "signal": "OPERATING LEVERAGE",
      "detail": "Rev growth +9.3% vs OpEx growth +1.8% (leverage: 5.3x)",
      "severity": "MEDIUM"
    }
  ],
  "data_quality": {
    "n_quarters": 20,
    "coverage": {
      "revenue": [
        20,
        20
      ],
      "gross_profit": [
        0,
        20
      ],
      "op_income": [
        20,
        20
      ],
      "fcf": [
        19,
        20
      ]
    },
    "gaps": [
      [
        "2020-09 (Q3)",
        "2021-03 (Q1)",
        182
      ]
    ],
    "warnings": [
      "gross_profit: no data",
      "gap: 1Q missing between 2020-09 (Q3) and 2021-03 (Q1)"
    ]
  },
  "market_cap": null,
  "source": "SEC EDGAR",
  "last_updated": "2026-02-02T21:25:54.068296",
  "sector": "Healthcare",
  "industry": "Medical Care Facilities"
}