{
  "ticker": "LGCY",
  "name": "LEGACY EDUCATION INC.",
  "sector": "Consumer Defensive",
  "industry": "Education & Training Services",
  "quarters": [
    {
      "date": "2023-09-30T00:00:00",
      "quarter_label": "2023-09 (Q3)",
      "revenue": 10366934,
      "gross_profit": null,
      "operating_income": 1380544,
      "net_income": 1069596,
      "opex": 8986390,
      "cogs": null,
      "rd": null,
      "sga": null,
      "fcf": 307225,
      "ocf": 484617,
      "capex": -177392,
      "gross_margin": null,
      "op_margin": 0.13316801283773969,
      "fcf_margin": 0.02963508786686594
    },
    {
      "date": "2023-12-31T00:00:00",
      "quarter_label": "2023-12 (Q4)",
      "revenue": 10551297,
      "gross_profit": null,
      "operating_income": 1638446,
      "net_income": 1289961,
      "opex": 8912851,
      "cogs": null,
      "rd": null,
      "sga": null,
      "fcf": 2269164,
      "ocf": 2440443,
      "capex": -171279,
      "gross_margin": null,
      "op_margin": 0.15528384804256765,
      "fcf_margin": 0.21506019591714648,
      "op_leverage_ratio": null,
      "fcf_margin_change": 0.18542510805028053
    },
    {
      "date": "2024-03-31T00:00:00",
      "quarter_label": "2024-03 (Q1)",
      "revenue": 12329665,
      "gross_profit": null,
      "operating_income": 2365308,
      "net_income": 1793951,
      "opex": 9964357,
      "cogs": null,
      "rd": null,
      "sga": null,
      "fcf": -313564,
      "ocf": -253847,
      "capex": -59717,
      "gross_margin": null,
      "op_margin": 0.19183878880731958,
      "fcf_margin": -0.02543167231226477,
      "op_leverage_ratio": 1.4286330023073905,
      "fcf_margin_change": -0.24049186822941124
    },
    {
      "date": "2024-06-30T00:00:00",
      "quarter_label": "2024-06 (Q2)",
      "revenue": 12752420,
      "gross_profit": null,
      "operating_income": 832492,
      "net_income": 961344,
      "opex": 11919928,
      "cogs": null,
      "rd": null,
      "sga": null,
      "fcf": -1037733,
      "ocf": -1022411,
      "capex": -15322,
      "gross_margin": null,
      "op_margin": 0.06528109958737244,
      "fcf_margin": -0.0813753781635172,
      "op_leverage_ratio": 0.1747081506310748,
      "fcf_margin_change": -0.055943705851252426
    },
    {
      "date": "2024-09-30T00:00:00",
      "quarter_label": "2024-09 (Q3)",
      "revenue": 14005091,
      "gross_profit": null,
      "operating_income": 2672276,
      "net_income": 2090753,
      "opex": 11332815,
      "cogs": null,
      "rd": null,
      "sga": null,
      "fcf": 2949438,
      "ocf": 3185254,
      "capex": -235816,
      "gross_margin": null,
      "op_margin": 0.19080747136880438,
      "fcf_margin": 0.21059756055851403,
      "incr_op_margin_yoy": 0.355051197625611,
      "rev_growth_yoy": 0.35093857065165074,
      "op_leverage_ratio": null,
      "fcf_margin_change": 0.29197293872203123
    },
    {
      "date": "2024-12-31T00:00:00",
      "quarter_label": "2024-12 (Q4)",
      "revenue": 13635134,
      "gross_profit": null,
      "operating_income": 1657793,
      "net_income": 1399046,
      "opex": 11977341,
      "cogs": null,
      "rd": null,
      "sga": null,
      "fcf": 466774,
      "ocf": 659049,
      "capex": -192275,
      "gross_margin": null,
      "op_margin": 0.12158245016147257,
      "fcf_margin": 0.03423318025330738,
      "incr_op_margin_yoy": 0.006273677888941601,
      "rev_growth_yoy": 0.2922708933318814,
      "rev_growth_yoy_accel": -0.05866767731976935,
      "fcf_margin_change": -0.17636438030520665
    },
    {
      "date": "2025-03-31T00:00:00",
      "quarter_label": "2025-03 (Q1)",
      "revenue": 18577565,
      "gross_profit": null,
      "operating_income": 3665997,
      "net_income": 2817465,
      "opex": 14911568,
      "cogs": null,
      "rd": null,
      "sga": null,
      "fcf": 596628,
      "ocf": 918700,
      "capex": -322072,
      "gross_margin": null,
      "op_margin": 0.1973346345444088,
      "fcf_margin": 0.03211551137083896,
      "incr_op_margin_yoy": 0.20818018854335057,
      "rev_growth_yoy": 0.5067372065664396,
      "rev_growth_yoy_accel": 0.21446631323455823,
      "op_leverage_ratio": 1.4796122212991645,
      "fcf_margin_change": -0.002117668882468414
    },
    {
      "date": "2025-06-30T00:00:00",
      "quarter_label": "2025-06 (Q2)",
      "revenue": 17950235,
      "gross_profit": null,
      "operating_income": 1990260,
      "net_income": 1226968,
      "opex": 15959975,
      "cogs": null,
      "rd": null,
      "sga": null,
      "fcf": 2911079,
      "ocf": 3005236,
      "capex": -94157,
      "gross_margin": null,
      "op_margin": 0.11087654284191822,
      "fcf_margin": 0.16217497988187898,
      "incr_op_margin_yoy": 0.22274128648287791,
      "rev_growth_yoy": 0.4075944016900322,
      "rev_growth_yoy_accel": -0.09914280487640742,
      "fcf_margin_change": 0.13005946851104003
    },
    {
      "date": "2025-09-30T00:00:00",
      "quarter_label": "2025-09 (Q3)",
      "revenue": 19401023,
      "gross_profit": null,
      "operating_income": 2698650,
      "net_income": 2186960,
      "opex": 16702373,
      "cogs": null,
      "rd": null,
      "sga": null,
      "fcf": 809658,
      "ocf": 1056335,
      "capex": -246677,
      "gross_margin": null,
      "op_margin": 0.13909833517541834,
      "fcf_margin": 0.04173274780407198,
      "incr_op_margin_yoy": 0.004887756183732486,
      "rev_growth_yoy": 0.38528360865345324,
      "rev_growth_yoy_accel": -0.022310793036578958,
      "op_leverage_ratio": 1.7375176686406202,
      "fcf_margin_change": -0.120442232077807
    },
    {
      "date": "2025-12-31T00:00:00",
      "quarter_label": "2025-12 (Q4)",
      "revenue": 19184643,
      "gross_profit": null,
      "operating_income": 2556134,
      "net_income": 2042701,
      "opex": 16628509,
      "cogs": null,
      "rd": null,
      "sga": null,
      "fcf": 512705,
      "ocf": 1055571,
      "capex": -542866,
      "gross_margin": null,
      "op_margin": 0.13323854918749334,
      "fcf_margin": 0.026724761049762562,
      "incr_op_margin_yoy": 0.16187756430343658,
      "rev_growth_yoy": 0.4070006939425751,
      "rev_growth_yoy_accel": 0.021717085289121862,
      "fcf_margin_change": -0.015007986754309421
    }
  ],
  "signals": [
    {
      "quarter": "2025-09 (Q3)",
      "signal": "OPERATING LEVERAGE",
      "detail": "Rev growth +8.1% vs OpEx growth +4.7% (leverage: 1.7x)",
      "severity": "MEDIUM"
    },
    {
      "quarter": "2025-06 (Q2)",
      "signal": "FCF MARGIN EXPANSION",
      "detail": "FCF margin: +3.2% -> +16.2% (+13.0%)",
      "severity": "MEDIUM"
    },
    {
      "quarter": "2025-06 (Q2)",
      "signal": "YoY REVENUE GROWTH DECELERATION",
      "detail": "YoY growth: +40.8% vs prior quarter YoY: +50.7% (decel: -9.9%)",
      "severity": "WARNING"
    },
    {
      "quarter": "2025-06 (Q2)",
      "signal": "INCREMENTAL MARGIN (YoY)",
      "detail": "YoY Incr OPM: +22.3% vs year-ago OPM: +6.5%",
      "severity": "MEDIUM"
    },
    {
      "quarter": "2025-03 (Q1)",
      "signal": "YoY REVENUE GROWTH ACCELERATION",
      "detail": "YoY growth: +50.7% vs prior quarter YoY: +29.2% (accel: +21.4%)",
      "severity": "HIGH"
    },
    {
      "quarter": "2024-12 (Q4)",
      "signal": "YoY REVENUE GROWTH DECELERATION",
      "detail": "YoY growth: +29.2% vs prior quarter YoY: +35.1% (decel: -5.9%)",
      "severity": "WARNING"
    },
    {
      "quarter": "2024-09 (Q3)",
      "signal": "FCF TURNED POSITIVE",
      "detail": "FCF margin: -8.1% -> +21.1%",
      "severity": "HIGH"
    },
    {
      "quarter": "2024-09 (Q3)",
      "signal": "INCREMENTAL MARGIN (YoY)",
      "detail": "YoY Incr OPM: +35.5% vs year-ago OPM: +13.3%",
      "severity": "HIGH"
    },
    {
      "quarter": "2023-12 (Q4)",
      "signal": "FCF MARGIN EXPANSION",
      "detail": "FCF margin: +3.0% -> +21.5% (+18.5%)",
      "severity": "MEDIUM"
    }
  ],
  "data_quality": {
    "n_quarters": 10,
    "coverage": {
      "revenue": [
        10,
        10
      ],
      "gross_profit": [
        0,
        10
      ],
      "op_income": [
        10,
        10
      ],
      "fcf": [
        10,
        10
      ]
    },
    "gaps": [],
    "warnings": [
      "gross_profit: no data"
    ]
  },
  "market_cap": null,
  "source": "SEC EDGAR",
  "last_updated": "2026-02-24T10:48:55.978153"
}