{
  "ticker": "LGNDZ",
  "name": "LIGAND PHARMACEUTICALS INCORPORATED",
  "quarters": [
    {
      "date": "2020-12-31T00:00:00",
      "quarter_label": "2020-12 (Q4)",
      "revenue": 69990000,
      "gross_profit": null,
      "operating_income": 11210000,
      "net_income": 5761000,
      "opex": null,
      "cogs": null,
      "rd": 21916000,
      "sga": null,
      "fcf": -1093000,
      "ocf": 537000,
      "capex": -1630000,
      "gross_margin": null,
      "op_margin": 0.16016573796256608,
      "fcf_margin": -0.015616516645235034
    },
    {
      "date": "2021-03-31T00:00:00",
      "quarter_label": "2021-03 (Q1)",
      "revenue": 55150000,
      "gross_profit": null,
      "operating_income": 4715000,
      "net_income": 18106000,
      "opex": null,
      "cogs": null,
      "rd": 17879000,
      "sga": null,
      "fcf": 7350000,
      "ocf": 10754000,
      "capex": -3404000,
      "gross_margin": null,
      "op_margin": 0.08549410698096102,
      "fcf_margin": 0.13327289211242066,
      "fcf_margin_change": 0.1488894087576557
    },
    {
      "date": "2021-06-30T00:00:00",
      "quarter_label": "2021-06 (Q2)",
      "revenue": 84675000,
      "gross_profit": null,
      "operating_income": 45739000,
      "net_income": 30725000,
      "opex": null,
      "cogs": null,
      "rd": 15953000,
      "sga": null,
      "fcf": 18987000,
      "ocf": 20377000,
      "capex": -1390000,
      "gross_margin": null,
      "op_margin": 0.5401712429878949,
      "fcf_margin": 0.2242338352524358,
      "fcf_margin_change": 0.09096094314001513
    },
    {
      "date": "2021-09-30T00:00:00",
      "quarter_label": "2021-09 (Q3)",
      "revenue": 64835000,
      "gross_profit": null,
      "operating_income": 15706000,
      "net_income": 13723000,
      "opex": null,
      "cogs": null,
      "rd": 16938000,
      "sga": null,
      "fcf": 18253000,
      "ocf": 20025000,
      "capex": -1772000,
      "gross_margin": null,
      "op_margin": 0.2422457006246626,
      "fcf_margin": 0.28153003778823166,
      "fcf_margin_change": 0.05729620253579587
    },
    {
      "date": "2021-12-31T00:00:00",
      "quarter_label": "2021-12 (Q4)",
      "revenue": 56404000,
      "gross_profit": null,
      "operating_income": 12734000,
      "net_income": -5417000,
      "opex": null,
      "cogs": null,
      "rd": 8147000,
      "sga": null,
      "fcf": 25447000,
      "ocf": 27642000,
      "capex": -2195000,
      "gross_margin": null,
      "op_margin": 0.22576413020353167,
      "fcf_margin": 0.4511559463867811,
      "incr_op_margin_yoy": -0.11217429707051377,
      "rev_growth_yoy": -0.1941134447778254,
      "fcf_margin_change": 0.16962590859854942
    },
    {
      "date": "2022-03-31T00:00:00",
      "quarter_label": "2022-03 (Q1)",
      "revenue": 45693000,
      "gross_profit": null,
      "operating_income": -9306000,
      "net_income": -15385000,
      "opex": null,
      "cogs": null,
      "rd": 20307000,
      "sga": null,
      "fcf": 47136000,
      "ocf": 52011000,
      "capex": -4875000,
      "gross_margin": null,
      "op_margin": -0.20366358085483555,
      "fcf_margin": 1.0315803295909658,
      "incr_op_margin_yoy": 1.4826054774241302,
      "rev_growth_yoy": -0.1714777878513146,
      "rev_growth_yoy_accel": 0.022635656926510817,
      "fcf_margin_change": 0.5804243832041847
    },
    {
      "date": "2022-06-30T00:00:00",
      "quarter_label": "2022-06 (Q2)",
      "revenue": 57419000,
      "gross_profit": null,
      "operating_income": -469000,
      "net_income": -895000,
      "opex": null,
      "cogs": null,
      "rd": 19118000,
      "sga": null,
      "fcf": 5290000,
      "ocf": 11878000,
      "capex": -6588000,
      "gross_margin": null,
      "op_margin": -0.008168028004667444,
      "fcf_margin": 0.0921297828245006,
      "incr_op_margin_yoy": 1.6953331376577634,
      "rev_growth_yoy": -0.32188957779746086,
      "rev_growth_yoy_accel": -0.15041178994614626,
      "fcf_margin_change": -0.9394505467664652
    },
    {
      "date": "2022-09-30T00:00:00",
      "quarter_label": "2022-09 (Q3)",
      "revenue": 66088000,
      "gross_profit": null,
      "operating_income": 636000,
      "net_income": 404000,
      "opex": null,
      "cogs": null,
      "rd": 22036000,
      "sga": null,
      "fcf": 16160000,
      "ocf": 20489000,
      "capex": -4329000,
      "gross_margin": null,
      "op_margin": 0.009623532260016948,
      "fcf_margin": 0.24452245490860672,
      "incr_op_margin_yoy": -12.027134876296888,
      "rev_growth_yoy": 0.01932598133724069,
      "rev_growth_yoy_accel": 0.34121555913470153,
      "fcf_margin_change": 0.15239267208410612
    },
    {
      "date": "2022-12-31T00:00:00",
      "quarter_label": "2022-12 (Q4)",
      "revenue": 50382000,
      "gross_profit": null,
      "operating_income": 12176000,
      "net_income": -17485000,
      "opex": null,
      "cogs": null,
      "rd": 9197000,
      "sga": null,
      "fcf": 51341000,
      "ocf": 53472000,
      "capex": -2131000,
      "gross_margin": null,
      "op_margin": 0.24167361359215592,
      "fcf_margin": 1.0190345758405779,
      "incr_op_margin_yoy": 0.09266024576552641,
      "rev_growth_yoy": -0.10676547762570031,
      "rev_growth_yoy_accel": -0.126091458962941,
      "fcf_margin_change": 0.7745121209319712
    },
    {
      "date": "2023-03-31T00:00:00",
      "quarter_label": "2023-03 (Q1)",
      "revenue": 43979000,
      "gross_profit": null,
      "operating_income": 14205000,
      "net_income": 41949000,
      "opex": null,
      "cogs": null,
      "rd": 6663000,
      "sga": null,
      "fcf": 31534000,
      "ocf": 33948000,
      "capex": -2414000,
      "gross_margin": null,
      "op_margin": 0.32299506582687193,
      "fcf_margin": 0.71702403419814,
      "incr_op_margin_yoy": -13.71703617269545,
      "rev_growth_yoy": -0.037511216160024514,
      "rev_growth_yoy_accel": 0.06925426146567579,
      "fcf_margin_change": -0.3020105416424379
    },
    {
      "date": "2023-06-30T00:00:00",
      "quarter_label": "2023-06 (Q2)",
      "revenue": 26366000,
      "gross_profit": null,
      "operating_income": -1983000,
      "net_income": 2290000,
      "opex": null,
      "cogs": null,
      "rd": 6854000,
      "sga": null,
      "fcf": -285000,
      "ocf": -82000,
      "capex": -203000,
      "gross_margin": null,
      "op_margin": -0.07521049836911173,
      "fcf_margin": -0.010809375711143139,
      "incr_op_margin_yoy": 0.04875535375004025,
      "rev_growth_yoy": -0.5408140162663927,
      "rev_growth_yoy_accel": -0.5033028001063682,
      "fcf_margin_change": -0.7278334099092831
    },
    {
      "date": "2023-09-30T00:00:00",
      "quarter_label": "2023-09 (Q3)",
      "revenue": 32868000,
      "gross_profit": null,
      "operating_income": 3078000,
      "net_income": -10273000,
      "opex": null,
      "cogs": null,
      "rd": 5532000,
      "sga": null,
      "fcf": 7159000,
      "ocf": 7646000,
      "capex": -487000,
      "gross_margin": null,
      "op_margin": 0.09364731653888281,
      "fcf_margin": 0.21781063648533527,
      "incr_op_margin_yoy": -0.07350993377483443,
      "rev_growth_yoy": -0.5026631158455392,
      "rev_growth_yoy_accel": 0.03815090042085345,
      "fcf_margin_change": 0.2286200121964784
    },
    {
      "date": "2023-12-31T00:00:00",
      "quarter_label": "2023-12 (Q4)",
      "revenue": 28101000,
      "gross_profit": null,
      "operating_income": -3358000,
      "net_income": 18188000,
      "opex": null,
      "cogs": null,
      "rd": 5488000,
      "sga": null,
      "fcf": 7648000,
      "ocf": 8065000,
      "capex": -417000,
      "gross_margin": null,
      "op_margin": -0.11949752677840646,
      "fcf_margin": 0.2721611330557631,
      "incr_op_margin_yoy": 0.6971859431802881,
      "rev_growth_yoy": -0.4422412766464213,
      "rev_growth_yoy_accel": 0.06042183919911792,
      "fcf_margin_change": 0.05435049657042784
    },
    {
      "date": "2024-03-31T00:00:00",
      "quarter_label": "2024-03 (Q1)",
      "revenue": 30978000,
      "gross_profit": null,
      "operating_income": 2988000,
      "net_income": 86139000,
      "opex": null,
      "cogs": null,
      "rd": 5971000,
      "sga": null,
      "fcf": 18627000,
      "ocf": 18732000,
      "capex": -105000,
      "gross_margin": null,
      "op_margin": 0.09645554909936084,
      "fcf_margin": 0.6012976951384854,
      "incr_op_margin_yoy": 0.8627797861702946,
      "rev_growth_yoy": -0.2956183633097615,
      "rev_growth_yoy_accel": 0.14662291333665983,
      "fcf_margin_change": 0.3291365620827223
    },
    {
      "date": "2024-06-30T00:00:00",
      "quarter_label": "2024-06 (Q2)",
      "revenue": 41531000,
      "gross_profit": null,
      "operating_income": -19100000,
      "net_income": -51911000,
      "opex": null,
      "cogs": null,
      "rd": 5354000,
      "sga": null,
      "fcf": 12906000,
      "ocf": 13314000,
      "capex": -408000,
      "gross_margin": null,
      "op_margin": -0.45989742601911826,
      "fcf_margin": 0.31075582095302307,
      "incr_op_margin_yoy": -1.1287174414770853,
      "rev_growth_yoy": 0.5751725707350376,
      "rev_growth_yoy_accel": 0.870790934044799,
      "fcf_margin_change": -0.29054187418546235
    },
    {
      "date": "2024-09-30T00:00:00",
      "quarter_label": "2024-09 (Q3)",
      "revenue": 51812000,
      "gross_profit": null,
      "operating_income": 3143000,
      "net_income": -7172000,
      "opex": null,
      "cogs": null,
      "rd": 5675000,
      "sga": null,
      "fcf": 35934000,
      "ocf": 36530000,
      "capex": -596000,
      "gross_margin": null,
      "op_margin": 0.06066162279008724,
      "fcf_margin": 0.6935458967034663,
      "incr_op_margin_yoy": 0.0034311655405405406,
      "rev_growth_yoy": 0.576366070341974,
      "rev_growth_yoy_accel": 0.0011934996069363768,
      "fcf_margin_change": 0.38279007575044327
    },
    {
      "date": "2024-12-31T00:00:00",
      "quarter_label": "2024-12 (Q4)",
      "revenue": 42812000,
      "gross_profit": null,
      "operating_income": -9637000,
      "net_income": -31088000,
      "opex": null,
      "cogs": null,
      "rd": 4425000,
      "sga": null,
      "fcf": 27759000,
      "ocf": 28471000,
      "capex": -712000,
      "gross_margin": null,
      "op_margin": -0.2251004391292161,
      "fcf_margin": 0.6483929739325422,
      "incr_op_margin_yoy": -0.42682346543402894,
      "rev_growth_yoy": 0.5235045016191595,
      "rev_growth_yoy_accel": -0.052861568722814445,
      "fcf_margin_change": -0.04515292277092409
    },
    {
      "date": "2025-03-31T00:00:00",
      "quarter_label": "2025-03 (Q1)",
      "revenue": 45333000,
      "gross_profit": null,
      "operating_income": -36216000,
      "net_income": -42451000,
      "opex": null,
      "cogs": null,
      "rd": 50085000,
      "sga": null,
      "fcf": -25659000,
      "ocf": -25445000,
      "capex": -214000,
      "gross_margin": null,
      "op_margin": -0.7988882271193171,
      "fcf_margin": -0.5660115147905499,
      "incr_op_margin_yoy": -2.731034482758621,
      "rev_growth_yoy": 0.4633933759442185,
      "rev_growth_yoy_accel": -0.060111125674941035,
      "fcf_margin_change": -1.2144044887230923
    },
    {
      "date": "2025-06-30T00:00:00",
      "quarter_label": "2025-06 (Q2)",
      "revenue": 47627000,
      "gross_profit": null,
      "operating_income": 8444000,
      "net_income": 4847000,
      "opex": null,
      "cogs": null,
      "rd": 6567000,
      "sga": null,
      "fcf": 15585000,
      "ocf": 15799000,
      "capex": -214000,
      "gross_margin": null,
      "op_margin": 0.1772943918365633,
      "fcf_margin": 0.3272303525311273,
      "incr_op_margin_yoy": 4.518372703412074,
      "rev_growth_yoy": 0.14678192193782957,
      "rev_growth_yoy_accel": -0.3166114540063889,
      "fcf_margin_change": 0.8932418673216772
    },
    {
      "date": "2025-09-30T00:00:00",
      "quarter_label": "2025-09 (Q3)",
      "revenue": 115461000,
      "gross_profit": null,
      "operating_income": 54931000,
      "net_income": 117273000,
      "opex": null,
      "cogs": null,
      "rd": 21019000,
      "sga": null,
      "fcf": 13075000,
      "ocf": 13090000,
      "capex": -15000,
      "gross_margin": null,
      "op_margin": 0.4757537177055456,
      "fcf_margin": 0.1132417006608292,
      "incr_op_margin_yoy": 0.8136498609561815,
      "rev_growth_yoy": 1.2284605882807071,
      "rev_growth_yoy_accel": 1.0816786663428775,
      "fcf_margin_change": -0.2139886518702981
    }
  ],
  "signals": [
    {
      "quarter": "2025-09 (Q3)",
      "signal": "YoY REVENUE GROWTH ACCELERATION",
      "detail": "YoY growth: +122.8% vs prior quarter YoY: +14.7% (accel: +108.2%)",
      "severity": "HIGH"
    },
    {
      "quarter": "2025-09 (Q3)",
      "signal": "INCREMENTAL MARGIN (YoY)",
      "detail": "YoY Incr OPM: +81.4% vs year-ago OPM: +6.1%",
      "severity": "HIGH"
    },
    {
      "quarter": "2025-06 (Q2)",
      "signal": "FCF TURNED POSITIVE",
      "detail": "FCF margin: -56.6% -> +32.7%",
      "severity": "HIGH"
    },
    {
      "quarter": "2025-06 (Q2)",
      "signal": "YoY REVENUE GROWTH DECELERATION",
      "detail": "YoY growth: +14.7% vs prior quarter YoY: +46.3% (decel: -31.7%)",
      "severity": "WARNING"
    },
    {
      "quarter": "2025-06 (Q2)",
      "signal": "OP MARGIN TURNED POSITIVE (YoY)",
      "detail": "Op margin: -46.0% (year-ago) -> +17.7%",
      "severity": "HIGH"
    },
    {
      "quarter": "2025-06 (Q2)",
      "signal": "OP MARGIN TURNED POSITIVE (QoQ)",
      "detail": "Op margin: -79.9% -> +17.7%",
      "severity": "HIGH"
    },
    {
      "quarter": "2025-03 (Q1)",
      "signal": "YoY REVENUE GROWTH DECELERATION",
      "detail": "YoY growth: +46.3% vs prior quarter YoY: +52.4% (decel: -6.0%)",
      "severity": "WARNING"
    },
    {
      "quarter": "2024-12 (Q4)",
      "signal": "YoY REVENUE GROWTH DECELERATION",
      "detail": "YoY growth: +52.4% vs prior quarter YoY: +57.6% (decel: -5.3%)",
      "severity": "WARNING"
    },
    {
      "quarter": "2024-09 (Q3)",
      "signal": "FCF MARGIN EXPANSION",
      "detail": "FCF margin: +31.1% -> +69.4% (+38.3%)",
      "severity": "MEDIUM"
    },
    {
      "quarter": "2024-09 (Q3)",
      "signal": "OP MARGIN TURNED POSITIVE (QoQ)",
      "detail": "Op margin: -46.0% -> +6.1%",
      "severity": "HIGH"
    },
    {
      "quarter": "2024-06 (Q2)",
      "signal": "YoY REVENUE GROWTH ACCELERATION",
      "detail": "YoY growth: +57.5% vs prior quarter YoY: -29.6% (accel: +87.1%)",
      "severity": "HIGH"
    },
    {
      "quarter": "2024-03 (Q1)",
      "signal": "FCF MARGIN EXPANSION",
      "detail": "FCF margin: +27.2% -> +60.1% (+32.9%)",
      "severity": "MEDIUM"
    },
    {
      "quarter": "2024-03 (Q1)",
      "signal": "YoY REVENUE GROWTH ACCELERATION",
      "detail": "YoY growth: -29.6% vs prior quarter YoY: -44.2% (accel: +14.7%)",
      "severity": "MEDIUM"
    },
    {
      "quarter": "2024-03 (Q1)",
      "signal": "INCREMENTAL MARGIN (YoY)",
      "detail": "YoY Incr OPM: +86.3% vs year-ago OPM: +32.3%",
      "severity": "HIGH"
    },
    {
      "quarter": "2024-03 (Q1)",
      "signal": "OP MARGIN TURNED POSITIVE (QoQ)",
      "detail": "Op margin: -11.9% -> +9.6%",
      "severity": "HIGH"
    },
    {
      "quarter": "2023-12 (Q4)",
      "signal": "FCF MARGIN EXPANSION",
      "detail": "FCF margin: +21.8% -> +27.2% (+5.4%)",
      "severity": "MEDIUM"
    },
    {
      "quarter": "2023-12 (Q4)",
      "signal": "YoY REVENUE GROWTH ACCELERATION",
      "detail": "YoY growth: -44.2% vs prior quarter YoY: -50.3% (accel: +6.0%)",
      "severity": "MEDIUM"
    },
    {
      "quarter": "2023-09 (Q3)",
      "signal": "FCF TURNED POSITIVE",
      "detail": "FCF margin: -1.1% -> +21.8%",
      "severity": "HIGH"
    },
    {
      "quarter": "2023-09 (Q3)",
      "signal": "OP MARGIN TURNED POSITIVE (QoQ)",
      "detail": "Op margin: -7.5% -> +9.4%",
      "severity": "HIGH"
    },
    {
      "quarter": "2023-06 (Q2)",
      "signal": "YoY REVENUE GROWTH DECELERATION",
      "detail": "YoY growth: -54.1% vs prior quarter YoY: -3.8% (decel: -50.3%)",
      "severity": "WARNING"
    },
    {
      "quarter": "2023-03 (Q1)",
      "signal": "YoY REVENUE GROWTH ACCELERATION",
      "detail": "YoY growth: -3.8% vs prior quarter YoY: -10.7% (accel: +6.9%)",
      "severity": "MEDIUM"
    },
    {
      "quarter": "2023-03 (Q1)",
      "signal": "OP MARGIN TURNED POSITIVE (YoY)",
      "detail": "Op margin: -20.4% (year-ago) -> +32.3%",
      "severity": "HIGH"
    },
    {
      "quarter": "2022-12 (Q4)",
      "signal": "FCF MARGIN EXPANSION",
      "detail": "FCF margin: +24.5% -> +101.9% (+77.5%)",
      "severity": "MEDIUM"
    },
    {
      "quarter": "2022-12 (Q4)",
      "signal": "YoY REVENUE GROWTH DECELERATION",
      "detail": "YoY growth: -10.7% vs prior quarter YoY: +1.9% (decel: -12.6%)",
      "severity": "WARNING"
    },
    {
      "quarter": "2022-09 (Q3)",
      "signal": "FCF MARGIN EXPANSION",
      "detail": "FCF margin: +9.2% -> +24.5% (+15.2%)",
      "severity": "MEDIUM"
    },
    {
      "quarter": "2022-09 (Q3)",
      "signal": "YoY REVENUE GROWTH ACCELERATION",
      "detail": "YoY growth: +1.9% vs prior quarter YoY: -32.2% (accel: +34.1%)",
      "severity": "HIGH"
    },
    {
      "quarter": "2022-09 (Q3)",
      "signal": "OP MARGIN TURNED POSITIVE (QoQ)",
      "detail": "Op margin: -0.8% -> +1.0%",
      "severity": "HIGH"
    },
    {
      "quarter": "2022-06 (Q2)",
      "signal": "YoY REVENUE GROWTH DECELERATION",
      "detail": "YoY growth: -32.2% vs prior quarter YoY: -17.1% (decel: -15.0%)",
      "severity": "WARNING"
    },
    {
      "quarter": "2022-03 (Q1)",
      "signal": "FCF MARGIN EXPANSION",
      "detail": "FCF margin: +45.1% -> +103.2% (+58.0%)",
      "severity": "MEDIUM"
    },
    {
      "quarter": "2021-12 (Q4)",
      "signal": "FCF MARGIN EXPANSION",
      "detail": "FCF margin: +28.2% -> +45.1% (+17.0%)",
      "severity": "MEDIUM"
    },
    {
      "quarter": "2021-09 (Q3)",
      "signal": "FCF MARGIN EXPANSION",
      "detail": "FCF margin: +22.4% -> +28.2% (+5.7%)",
      "severity": "MEDIUM"
    },
    {
      "quarter": "2021-06 (Q2)",
      "signal": "FCF MARGIN EXPANSION",
      "detail": "FCF margin: +13.3% -> +22.4% (+9.1%)",
      "severity": "MEDIUM"
    },
    {
      "quarter": "2021-03 (Q1)",
      "signal": "FCF TURNED POSITIVE",
      "detail": "FCF margin: -1.6% -> +13.3%",
      "severity": "HIGH"
    }
  ],
  "data_quality": {
    "n_quarters": 20,
    "coverage": {
      "revenue": [
        20,
        20
      ],
      "gross_profit": [
        0,
        20
      ],
      "op_income": [
        20,
        20
      ],
      "fcf": [
        20,
        20
      ]
    },
    "gaps": [],
    "warnings": [
      "gross_profit: no data"
    ]
  },
  "market_cap": null,
  "source": "SEC EDGAR",
  "last_updated": "2026-02-03T01:10:04.332970"
}