{
  "ticker": "LHAI",
  "name": "Linkhome Holdings Inc.",
  "quarters": [
    {
      "date": "2023-09-30T00:00:00",
      "quarter_label": "2023-09 (Q3)",
      "revenue": 102461,
      "gross_profit": 73461,
      "operating_income": 52901,
      "net_income": 52796,
      "opex": 20560,
      "cogs": 29000,
      "rd": null,
      "sga": null,
      "fcf": null,
      "ocf": null,
      "capex": null,
      "gross_margin": 0.7169654795483159,
      "op_margin": 0.516303764359122,
      "fcf_margin": null
    },
    {
      "date": "2023-12-31T00:00:00",
      "quarter_label": "2023-12 (Q4)",
      "revenue": 1218737,
      "gross_profit": 162367,
      "operating_income": 93101,
      "net_income": 86354,
      "opex": 69266,
      "cogs": 1056370,
      "rd": null,
      "sga": null,
      "fcf": 115286,
      "ocf": 115286,
      "capex": null,
      "gross_margin": 0.1332256262015513,
      "op_margin": 0.0763913789439395,
      "fcf_margin": 0.0945946500352414,
      "op_leverage_ratio": 4.5988965791592955
    },
    {
      "date": "2024-03-31T00:00:00",
      "quarter_label": "2024-03 (Q1)",
      "revenue": 1143928,
      "gross_profit": 228266,
      "operating_income": 72933,
      "net_income": 40292,
      "opex": 155333,
      "cogs": 915662,
      "rd": null,
      "sga": null,
      "fcf": -40297,
      "ocf": -40297,
      "capex": null,
      "gross_margin": 0.19954577560825507,
      "op_margin": 0.0637566350329741,
      "fcf_margin": -0.03522686742522257,
      "fcf_margin_change": -0.12982151746046397
    },
    {
      "date": "2024-06-30T00:00:00",
      "quarter_label": "2024-06 (Q2)",
      "revenue": 2219921,
      "gross_profit": 154900,
      "operating_income": 69631,
      "net_income": 50888,
      "opex": 85269,
      "cogs": 2065021,
      "rd": null,
      "sga": null,
      "fcf": -1940922,
      "ocf": 28298,
      "capex": -1969220,
      "gross_margin": 0.06977725783935554,
      "op_margin": 0.03136643150814826,
      "fcf_margin": -0.874320302389139,
      "op_leverage_ratio": Infinity,
      "fcf_margin_change": -0.8390934349639165
    },
    {
      "date": "2024-09-30T00:00:00",
      "quarter_label": "2024-09 (Q3)",
      "revenue": 2057935,
      "gross_profit": 504628,
      "operating_income": 401867,
      "net_income": 284109,
      "opex": 102761,
      "cogs": 1553307,
      "rd": null,
      "sga": null,
      "fcf": -993652,
      "ocf": -993652,
      "capex": null,
      "gross_margin": 0.24521085457023667,
      "op_margin": 0.19527681875277889,
      "fcf_margin": -0.4828393510970949,
      "incr_op_margin_yoy": 0.17845596515218304,
      "rev_growth_yoy": 19.085056753301256,
      "fcf_margin_change": 0.39148095129204413
    },
    {
      "date": "2024-12-31T00:00:00",
      "quarter_label": "2024-12 (Q4)",
      "revenue": 2193523,
      "gross_profit": 582587,
      "operating_income": 544989,
      "net_income": 402947,
      "opex": 37598,
      "cogs": 1610936,
      "rd": null,
      "sga": null,
      "fcf": 1000807,
      "ocf": 1000807,
      "capex": null,
      "gross_margin": 0.2655942062152984,
      "op_margin": 0.24845374313376245,
      "fcf_margin": 0.45625553048680134,
      "rev_growth_yoy": 0.7998329418077895,
      "rev_growth_yoy_accel": -18.285223811493466,
      "op_leverage_ratio": Infinity,
      "fcf_margin_change": 0.9390948815838962
    },
    {
      "date": "2025-03-31T00:00:00",
      "quarter_label": "2025-03 (Q1)",
      "revenue": 5709426,
      "gross_profit": 261917,
      "operating_income": 123822,
      "net_income": 80629,
      "opex": 138095,
      "cogs": 5447509,
      "rd": null,
      "sga": null,
      "fcf": -1809494,
      "ocf": -893832,
      "capex": -915662,
      "gross_margin": 0.0458744889591353,
      "op_margin": 0.021687293959147556,
      "fcf_margin": -0.3169309839553048,
      "incr_op_margin_yoy": 0.011146429151869084,
      "rev_growth_yoy": 3.991071116363967,
      "rev_growth_yoy_accel": 3.1912381745561778,
      "op_leverage_ratio": 0.5996617368653943,
      "fcf_margin_change": -0.7731865144421062
    },
    {
      "date": "2025-06-30T00:00:00",
      "quarter_label": "2025-06 (Q2)",
      "revenue": 4799556,
      "gross_profit": 109542,
      "operating_income": 13274,
      "net_income": 14418,
      "opex": 96268,
      "cogs": 4690014,
      "rd": null,
      "sga": null,
      "fcf": 1702415,
      "ocf": 1702415,
      "capex": null,
      "gross_margin": 0.022823361160907385,
      "op_margin": 0.0027656724913721186,
      "fcf_margin": 0.35470260165732,
      "incr_op_margin_yoy": -0.021846889191687972,
      "rev_growth_yoy": 1.16203909958958,
      "rev_growth_yoy_accel": -2.829032016774387,
      "fcf_margin_change": 0.6716335856126248
    },
    {
      "date": "2025-09-30T00:00:00",
      "quarter_label": "2025-09 (Q3)",
      "revenue": 5407677,
      "gross_profit": 206097,
      "operating_income": 9424,
      "net_income": -305,
      "opex": 196673,
      "cogs": 5201580,
      "rd": null,
      "sga": null,
      "fcf": -3107578,
      "ocf": -3107578,
      "capex": null,
      "gross_margin": 0.03811192865254341,
      "op_margin": 0.0017427076358295808,
      "fcf_margin": -0.5746604318268269,
      "incr_op_margin_yoy": -0.11715618695409975,
      "rev_growth_yoy": 1.627720020311623,
      "rev_growth_yoy_accel": 0.46568092072204315,
      "op_leverage_ratio": 0.12148301072064595,
      "fcf_margin_change": -0.929363033484147
    }
  ],
  "signals": [
    {
      "quarter": "2025-09 (Q3)",
      "signal": "YoY REVENUE GROWTH ACCELERATION",
      "detail": "YoY growth: +162.8% vs prior quarter YoY: +116.2% (accel: +46.6%)",
      "severity": "HIGH"
    },
    {
      "quarter": "2025-06 (Q2)",
      "signal": "FCF TURNED POSITIVE",
      "detail": "FCF margin: -31.7% -> +35.5%",
      "severity": "HIGH"
    },
    {
      "quarter": "2025-06 (Q2)",
      "signal": "YoY REVENUE GROWTH DECELERATION",
      "detail": "YoY growth: +116.2% vs prior quarter YoY: +399.1% (decel: -282.9%)",
      "severity": "WARNING"
    },
    {
      "quarter": "2025-03 (Q1)",
      "signal": "YoY REVENUE GROWTH ACCELERATION",
      "detail": "YoY growth: +399.1% vs prior quarter YoY: +80.0% (accel: +319.1%)",
      "severity": "HIGH"
    },
    {
      "quarter": "2024-12 (Q4)",
      "signal": "FCF TURNED POSITIVE",
      "detail": "FCF margin: -48.3% -> +45.6%",
      "severity": "HIGH"
    },
    {
      "quarter": "2024-12 (Q4)",
      "signal": "YoY REVENUE GROWTH DECELERATION",
      "detail": "YoY growth: +80.0% vs prior quarter YoY: +1908.5% (decel: -1828.5%)",
      "severity": "WARNING"
    },
    {
      "quarter": "2024-09 (Q3)",
      "signal": "FCF MARGIN EXPANSION",
      "detail": "FCF margin: -87.4% -> -48.3% (+39.1%)",
      "severity": "MEDIUM"
    },
    {
      "quarter": "2024-09 (Q3)",
      "signal": "GROSS MARGIN INFLECTION",
      "detail": "GM: +20.0% -> +7.0% -> +24.5% (reversal +17.5%)",
      "severity": "HIGH"
    },
    {
      "quarter": "2024-03 (Q1)",
      "signal": "GROSS MARGIN INFLECTION",
      "detail": "GM: +71.7% -> +13.3% -> +20.0% (reversal +6.6%)",
      "severity": "HIGH"
    },
    {
      "quarter": "2023-12 (Q4)",
      "signal": "OPERATING LEVERAGE",
      "detail": "Rev growth +1089.5% vs OpEx growth +236.9% (leverage: 4.6x)",
      "severity": "MEDIUM"
    }
  ],
  "data_quality": {
    "n_quarters": 9,
    "coverage": {
      "revenue": [
        9,
        9
      ],
      "gross_profit": [
        9,
        9
      ],
      "op_income": [
        9,
        9
      ],
      "fcf": [
        8,
        9
      ]
    },
    "gaps": [],
    "warnings": []
  },
  "market_cap": null,
  "source": "SEC EDGAR",
  "last_updated": "2026-02-02T23:54:19.008469",
  "sector": "Real Estate",
  "industry": "Real Estate Services"
}