{
  "ticker": "LHX",
  "name": "L3HARRIS TECHNOLOGIES, INC.",
  "sector": "Industrials",
  "industry": "Aerospace & Defense",
  "quarters": [
    {
      "date": "2021-04-02T00:00:00",
      "quarter_label": "2021-04 (Q2)",
      "revenue": 4567000000,
      "gross_profit": 1354000000,
      "operating_income": null,
      "net_income": 468000000,
      "opex": null,
      "cogs": 3213000000,
      "rd": null,
      "sga": 801000000,
      "fcf": 594000000,
      "ocf": 661000000,
      "capex": -67000000,
      "gross_margin": 0.2964747098751916,
      "op_margin": null,
      "fcf_margin": 0.13006349901467046
    },
    {
      "date": "2021-07-02T00:00:00",
      "quarter_label": "2021-07 (Q3)",
      "revenue": 4668000000,
      "gross_profit": 1417000000,
      "operating_income": null,
      "net_income": 413000000,
      "opex": null,
      "cogs": 3251000000,
      "rd": null,
      "sga": 891000000,
      "fcf": 659000000,
      "ocf": 720000000,
      "capex": -61000000,
      "gross_margin": 0.3035561268209083,
      "op_margin": null,
      "fcf_margin": 0.1411739502999143,
      "fcf_margin_change": 0.01111045128524385
    },
    {
      "date": "2021-10-01T00:00:00",
      "quarter_label": "2021-10 (Q4)",
      "revenue": 4229000000,
      "gross_profit": 1308000000,
      "operating_income": null,
      "net_income": 481000000,
      "opex": null,
      "cogs": 2921000000,
      "rd": null,
      "sga": 793000000,
      "fcf": 405000000,
      "ocf": 484000000,
      "capex": -79000000,
      "gross_margin": 0.30929297706313547,
      "op_margin": null,
      "fcf_margin": 0.09576732087964057,
      "fcf_margin_change": -0.045406629420273736
    },
    {
      "date": "2021-12-31T00:00:00",
      "quarter_label": "2021-12 (Q4)",
      "revenue": 4350000000,
      "gross_profit": 1297000000,
      "operating_income": null,
      "net_income": 484000000,
      "opex": null,
      "cogs": 3053000000,
      "rd": null,
      "sga": 795000000,
      "fcf": 687000000,
      "ocf": 822000000,
      "capex": -135000000,
      "gross_margin": 0.2981609195402299,
      "op_margin": null,
      "fcf_margin": 0.1579310344827586,
      "fcf_margin_change": 0.06216371360311804
    },
    {
      "date": "2022-04-01T00:00:00",
      "quarter_label": "2022-04 (Q2)",
      "revenue": 4103000000,
      "gross_profit": 1211000000,
      "operating_income": null,
      "net_income": 475000000,
      "opex": null,
      "cogs": 2892000000,
      "rd": null,
      "sga": 713000000,
      "fcf": -16000000,
      "ocf": 39000000,
      "capex": -55000000,
      "gross_margin": 0.29514989032415306,
      "op_margin": null,
      "fcf_margin": -0.0038995856690226664,
      "rev_growth_yoy": -0.10159842347273922,
      "fcf_margin_change": -0.16183062015178126
    },
    {
      "date": "2022-07-01T00:00:00",
      "quarter_label": "2022-07 (Q3)",
      "revenue": 4135000000,
      "gross_profit": 1228000000,
      "operating_income": null,
      "net_income": 471000000,
      "opex": null,
      "cogs": 2907000000,
      "rd": null,
      "sga": 744000000,
      "fcf": 687000000,
      "ocf": 749000000,
      "capex": -62000000,
      "gross_margin": 0.2969770253929867,
      "op_margin": null,
      "fcf_margin": 0.16614268440145102,
      "rev_growth_yoy": -0.11418166238217652,
      "rev_growth_yoy_accel": -0.0125832389094373,
      "fcf_margin_change": 0.17004227007047368
    },
    {
      "date": "2022-09-30T00:00:00",
      "quarter_label": "2022-09 (Q3)",
      "revenue": 4246000000,
      "gross_profit": 1194000000,
      "operating_income": null,
      "net_income": -300000000,
      "opex": null,
      "cogs": 3052000000,
      "rd": null,
      "sga": 742000000,
      "fcf": 524000000,
      "ocf": 588000000,
      "capex": -64000000,
      "gross_margin": 0.28120584079133304,
      "op_margin": null,
      "fcf_margin": 0.1234102684879887,
      "rev_growth_yoy": 0.0040198628517379995,
      "rev_growth_yoy_accel": 0.11820152523391451,
      "fcf_margin_change": -0.04273241591346233
    },
    {
      "date": "2022-12-30T00:00:00",
      "quarter_label": "2022-12 (Q4)",
      "revenue": 4578000000,
      "gross_profit": 1262000000,
      "operating_income": null,
      "net_income": 416000000,
      "opex": null,
      "cogs": 3316000000,
      "rd": null,
      "sga": 767000000,
      "fcf": 711000000,
      "ocf": 782000000,
      "capex": -71000000,
      "gross_margin": 0.27566622979467015,
      "op_margin": null,
      "fcf_margin": 0.15530799475753604,
      "rev_growth_yoy": 0.05241379310344828,
      "rev_growth_yoy_accel": 0.04839393025171028,
      "fcf_margin_change": 0.031897726269547344
    },
    {
      "date": "2023-03-31T00:00:00",
      "quarter_label": "2023-03 (Q1)",
      "revenue": 4471000000,
      "gross_profit": 1166000000,
      "operating_income": 393000000,
      "net_income": 337000000,
      "opex": 773000000,
      "cogs": 3305000000,
      "rd": null,
      "sga": 773000000,
      "fcf": 279000000,
      "ocf": 350000000,
      "capex": -71000000,
      "gross_margin": 0.26079176917915453,
      "op_margin": 0.08789979870275107,
      "fcf_margin": 0.062402147170655335,
      "rev_growth_yoy": 0.08969047038752133,
      "rev_growth_yoy_accel": 0.03727667728407305,
      "fcf_margin_change": -0.0929058475868807
    },
    {
      "date": "2023-06-30T00:00:00",
      "quarter_label": "2023-06 (Q2)",
      "revenue": 4693000000,
      "gross_profit": 1217000000,
      "operating_income": 400000000,
      "net_income": 349000000,
      "opex": 817000000,
      "cogs": 3476000000,
      "rd": null,
      "sga": 783000000,
      "fcf": 321000000,
      "ocf": 414000000,
      "capex": -93000000,
      "gross_margin": 0.2593223950564671,
      "op_margin": 0.08523332623055614,
      "fcf_margin": 0.06839974430002131,
      "rev_growth_yoy": 0.13494558645707377,
      "rev_growth_yoy_accel": 0.045255116069552445,
      "op_leverage_ratio": 0.872318578312763,
      "fcf_margin_change": 0.005997597129365977
    },
    {
      "date": "2023-09-29T00:00:00",
      "quarter_label": "2023-09 (Q3)",
      "revenue": 4915000000,
      "gross_profit": 1307000000,
      "operating_income": 479000000,
      "net_income": 383000000,
      "opex": 828000000,
      "cogs": 3608000000,
      "rd": null,
      "sga": 828000000,
      "fcf": 395000000,
      "ocf": 543000000,
      "capex": -148000000,
      "gross_margin": 0.2659206510681587,
      "op_margin": 0.09745676500508647,
      "fcf_margin": 0.08036622583926754,
      "rev_growth_yoy": 0.1575600565237871,
      "rev_growth_yoy_accel": 0.022614470066713327,
      "op_leverage_ratio": 3.513433934486566,
      "fcf_margin_change": 0.011966481539246232
    },
    {
      "date": "2023-12-29T00:00:00",
      "quarter_label": "2023-12 (Q4)",
      "revenue": 5340000000,
      "gross_profit": 1405000000,
      "operating_income": 154000000,
      "net_income": 158000000,
      "opex": 1251000000,
      "cogs": 3935000000,
      "rd": null,
      "sga": 878000000,
      "fcf": 652000000,
      "ocf": 789000000,
      "capex": -137000000,
      "gross_margin": 0.2631086142322097,
      "op_margin": 0.02883895131086142,
      "fcf_margin": 0.12209737827715356,
      "rev_growth_yoy": 0.16644823066841416,
      "rev_growth_yoy_accel": 0.008888174144627059,
      "op_leverage_ratio": 0.16926040561892597,
      "fcf_margin_change": 0.04173115243788601
    },
    {
      "date": "2024-03-29T00:00:00",
      "quarter_label": "2024-03 (Q1)",
      "revenue": 5211000000,
      "gross_profit": 1348000000,
      "operating_income": 378000000,
      "net_income": 283000000,
      "opex": 970000000,
      "cogs": 3863000000,
      "rd": null,
      "sga": 970000000,
      "fcf": -219000000,
      "ocf": -104000000,
      "capex": -115000000,
      "gross_margin": 0.2586835540203416,
      "op_margin": 0.07253886010362694,
      "fcf_margin": -0.042026482440990214,
      "incr_op_margin_yoy": -0.02027027027027027,
      "rev_growth_yoy": 0.16551107134869156,
      "rev_growth_yoy_accel": -0.0009371593197226025,
      "fcf_margin_change": -0.16412386071814378
    },
    {
      "date": "2024-06-28T00:00:00",
      "quarter_label": "2024-06 (Q2)",
      "revenue": 5299000000,
      "gross_profit": 1360000000,
      "operating_income": 476000000,
      "net_income": 366000000,
      "opex": 884000000,
      "cogs": 3939000000,
      "rd": null,
      "sga": 884000000,
      "fcf": 657000000,
      "ocf": 754000000,
      "capex": -97000000,
      "gross_margin": 0.2566521985280242,
      "op_margin": 0.08982826948480846,
      "fcf_margin": 0.12398565767125873,
      "incr_op_margin_yoy": 0.1254125412541254,
      "rev_growth_yoy": 0.12912848923929257,
      "rev_growth_yoy_accel": -0.036382582109398987,
      "op_leverage_ratio": null,
      "fcf_margin_change": 0.16601214011224893
    },
    {
      "date": "2024-09-27T00:00:00",
      "quarter_label": "2024-09 (Q3)",
      "revenue": 5292000000,
      "gross_profit": 1419000000,
      "operating_income": 495000000,
      "net_income": 400000000,
      "opex": 924000000,
      "cogs": 3873000000,
      "rd": null,
      "sga": 924000000,
      "fcf": 702000000,
      "ocf": 780000000,
      "capex": -78000000,
      "gross_margin": 0.268140589569161,
      "op_margin": 0.0935374149659864,
      "fcf_margin": 0.1326530612244898,
      "incr_op_margin_yoy": 0.042440318302387266,
      "rev_growth_yoy": 0.07670396744659207,
      "rev_growth_yoy_accel": -0.052424521792700504,
      "fcf_margin_change": 0.008667403553231076
    },
    {
      "date": "2025-01-03T00:00:00",
      "quarter_label": "2025-01 (Q1)",
      "revenue": 21325000000,
      "gross_profit": 5524000000,
      "operating_income": 1918000000,
      "net_income": 453000000,
      "opex": 3606000000,
      "cogs": 15801000000,
      "rd": null,
      "sga": 790000000,
      "fcf": 1011000000,
      "ocf": 1129000000,
      "capex": -118000000,
      "gross_margin": 0.25903868698710436,
      "op_margin": 0.08994138335287222,
      "fcf_margin": 0.047409144196951934,
      "incr_op_margin_yoy": 0.11035345636534251,
      "rev_growth_yoy": 2.993445692883895,
      "rev_growth_yoy_accel": 2.916741725437303,
      "op_leverage_ratio": 1.043778038185197,
      "fcf_margin_change": -0.08524391702753786
    },
    {
      "date": "2025-03-28T00:00:00",
      "quarter_label": "2025-03 (Q1)",
      "revenue": 5132000000,
      "gross_profit": 1350000000,
      "operating_income": 525000000,
      "net_income": 386000000,
      "opex": 825000000,
      "cogs": 3782000000,
      "rd": null,
      "sga": 825000000,
      "fcf": -101000000,
      "ocf": -42000000,
      "capex": -59000000,
      "gross_margin": 0.26305533904910366,
      "op_margin": 0.10229929851909587,
      "fcf_margin": -0.019680436477007016,
      "incr_op_margin_yoy": -1.860759493670886,
      "rev_growth_yoy": -0.015160237958165419,
      "rev_growth_yoy_accel": -3.0086059308420605,
      "fcf_margin_change": -0.06708958067395895
    },
    {
      "date": "2025-06-27T00:00:00",
      "quarter_label": "2025-06 (Q2)",
      "revenue": 5426000000,
      "gross_profit": 1335000000,
      "operating_income": 571000000,
      "net_income": 458000000,
      "opex": 764000000,
      "cogs": 4091000000,
      "rd": null,
      "sga": 764000000,
      "fcf": 552000000,
      "ocf": 640000000,
      "capex": -88000000,
      "gross_margin": 0.24603759675635828,
      "op_margin": 0.10523405823811278,
      "fcf_margin": 0.10173239955768522,
      "incr_op_margin_yoy": 0.7480314960629921,
      "rev_growth_yoy": 0.023966786186072845,
      "rev_growth_yoy_accel": 0.039127024144238264,
      "op_leverage_ratio": null,
      "fcf_margin_change": 0.12141283603469223
    },
    {
      "date": "2025-10-03T00:00:00",
      "quarter_label": "2025-10 (Q4)",
      "revenue": 5659000000,
      "gross_profit": 1494000000,
      "operating_income": 621000000,
      "net_income": 462000000,
      "opex": 873000000,
      "cogs": 4165000000,
      "rd": null,
      "sga": 873000000,
      "fcf": 427000000,
      "ocf": 546000000,
      "capex": -119000000,
      "gross_margin": 0.26400424103198444,
      "op_margin": 0.10973670259763209,
      "fcf_margin": 0.07545502738999824,
      "incr_op_margin_yoy": 0.34332425068119893,
      "rev_growth_yoy": 0.06934996220710507,
      "rev_growth_yoy_accel": 0.04538317602103223,
      "op_leverage_ratio": 0.30098371077753394,
      "fcf_margin_change": -0.026277372167686983
    },
    {
      "date": "2026-01-02T00:00:00",
      "quarter_label": "2026-01 (Q1)",
      "revenue": 21865000000,
      "gross_profit": 5625000000,
      "operating_income": 2110000000,
      "net_income": 300000000,
      "opex": 3515000000,
      "cogs": 16240000000,
      "rd": null,
      "sga": 968000000,
      "fcf": 1804000000,
      "ocf": 1962000000,
      "capex": -158000000,
      "gross_margin": 0.25726046192545166,
      "op_margin": 0.09650125771781386,
      "fcf_margin": 0.08250628858906929,
      "incr_op_margin_yoy": 0.35555555555555557,
      "rev_growth_yoy": 0.025322391559202812,
      "rev_growth_yoy_accel": -0.04402757064790226,
      "op_leverage_ratio": 0.9462754458240402,
      "fcf_margin_change": 0.007051261199071054
    }
  ],
  "signals": [
    {
      "quarter": "2026-01 (Q1)",
      "signal": "INCREMENTAL MARGIN (YoY)",
      "detail": "YoY Incr OPM: +35.6% vs year-ago OPM: +9.0%",
      "severity": "HIGH"
    },
    {
      "quarter": "2025-10 (Q4)",
      "signal": "INCREMENTAL MARGIN (YoY)",
      "detail": "YoY Incr OPM: +34.3% vs year-ago OPM: +9.4%",
      "severity": "HIGH"
    },
    {
      "quarter": "2025-06 (Q2)",
      "signal": "FCF TURNED POSITIVE",
      "detail": "FCF margin: -2.0% -> +10.2%",
      "severity": "HIGH"
    },
    {
      "quarter": "2025-06 (Q2)",
      "signal": "INCREMENTAL MARGIN (YoY)",
      "detail": "YoY Incr OPM: +74.8% vs year-ago OPM: +9.0%",
      "severity": "HIGH"
    },
    {
      "quarter": "2025-03 (Q1)",
      "signal": "YoY REVENUE GROWTH DECELERATION",
      "detail": "YoY growth: -1.5% vs prior quarter YoY: +299.3% (decel: -300.9%)",
      "severity": "WARNING"
    },
    {
      "quarter": "2025-01 (Q1)",
      "signal": "YoY REVENUE GROWTH ACCELERATION",
      "detail": "YoY growth: +299.3% vs prior quarter YoY: +7.7% (accel: +291.7%)",
      "severity": "HIGH"
    },
    {
      "quarter": "2024-09 (Q3)",
      "signal": "YoY REVENUE GROWTH DECELERATION",
      "detail": "YoY growth: +7.7% vs prior quarter YoY: +12.9% (decel: -5.2%)",
      "severity": "WARNING"
    },
    {
      "quarter": "2024-06 (Q2)",
      "signal": "FCF TURNED POSITIVE",
      "detail": "FCF margin: -4.2% -> +12.4%",
      "severity": "HIGH"
    },
    {
      "quarter": "2023-09 (Q3)",
      "signal": "OPERATING LEVERAGE",
      "detail": "Rev growth +4.7% vs OpEx growth +1.3% (leverage: 3.5x)",
      "severity": "MEDIUM"
    },
    {
      "quarter": "2022-09 (Q3)",
      "signal": "YoY REVENUE GROWTH ACCELERATION",
      "detail": "YoY growth: +0.4% vs prior quarter YoY: -11.4% (accel: +11.8%)",
      "severity": "MEDIUM"
    },
    {
      "quarter": "2022-07 (Q3)",
      "signal": "FCF TURNED POSITIVE",
      "detail": "FCF margin: -0.4% -> +16.6%",
      "severity": "HIGH"
    },
    {
      "quarter": "2021-12 (Q4)",
      "signal": "FCF MARGIN EXPANSION",
      "detail": "FCF margin: +9.6% -> +15.8% (+6.2%)",
      "severity": "MEDIUM"
    }
  ],
  "data_quality": {
    "n_quarters": 20,
    "coverage": {
      "revenue": [
        20,
        20
      ],
      "gross_profit": [
        20,
        20
      ],
      "op_income": [
        12,
        20
      ],
      "fcf": [
        20,
        20
      ]
    },
    "gaps": [],
    "warnings": [
      "op_income: 12/20Q"
    ]
  },
  "market_cap": null,
  "source": "SEC EDGAR",
  "last_updated": "2026-02-24T10:55:23.496746"
}