{
  "ticker": "LINE",
  "name": "Lineage, Inc.",
  "quarters": [
    {
      "date": "2023-06-30T00:00:00",
      "quarter_label": "2023-06 (Q2)",
      "revenue": 1346000000,
      "gross_profit": 441000000,
      "operating_income": 111000000,
      "net_income": -5000000,
      "opex": 1235000000,
      "cogs": 905000000,
      "rd": null,
      "sga": null,
      "fcf": null,
      "ocf": null,
      "capex": null,
      "gross_margin": 0.3276374442793462,
      "op_margin": 0.0824665676077266,
      "fcf_margin": null
    },
    {
      "date": "2023-09-30T00:00:00",
      "quarter_label": "2023-09 (Q3)",
      "revenue": 1329000000,
      "gross_profit": 430000000,
      "operating_income": 97000000,
      "net_income": -39000000,
      "opex": 1232000000,
      "cogs": 899000000,
      "rd": null,
      "sga": null,
      "fcf": 52000000,
      "ocf": 229000000,
      "capex": -177000000,
      "gross_margin": 0.3235515425131678,
      "op_margin": 0.07298720842738901,
      "fcf_margin": 0.03912716328066215
    },
    {
      "date": "2023-12-31T00:00:00",
      "quarter_label": "2023-12 (Q4)",
      "revenue": 1334000000,
      "gross_profit": 438000000,
      "operating_income": 58000000,
      "net_income": -51000000,
      "opex": 1276000000,
      "cogs": 896000000,
      "rd": null,
      "sga": null,
      "fcf": 70000000,
      "ocf": 231000000,
      "capex": -161000000,
      "gross_margin": 0.328335832083958,
      "op_margin": 0.043478260869565216,
      "fcf_margin": 0.05247376311844078,
      "fcf_margin_change": 0.013346599837778625
    },
    {
      "date": "2024-03-31T00:00:00",
      "quarter_label": "2024-03 (Q1)",
      "revenue": 1328000000,
      "gross_profit": 444000000,
      "operating_income": 101000000,
      "net_income": -40000000,
      "opex": 1227000000,
      "cogs": 884000000,
      "rd": null,
      "sga": null,
      "fcf": -42000000,
      "ocf": 105000000,
      "capex": -147000000,
      "gross_margin": 0.33433734939759036,
      "op_margin": 0.07605421686746988,
      "fcf_margin": -0.03162650602409638,
      "fcf_margin_change": -0.08410026914253715
    },
    {
      "date": "2024-06-30T00:00:00",
      "quarter_label": "2024-06 (Q2)",
      "revenue": 1338000000,
      "gross_profit": 447000000,
      "operating_income": 74000000,
      "net_income": -68000000,
      "opex": 1264000000,
      "cogs": 891000000,
      "rd": null,
      "sga": null,
      "fcf": -31000000,
      "ocf": 155000000,
      "capex": -186000000,
      "gross_margin": 0.33408071748878926,
      "op_margin": 0.05530642750373692,
      "fcf_margin": -0.023168908819133034,
      "incr_op_margin_yoy": 4.625,
      "rev_growth_yoy": -0.005943536404160475,
      "fcf_margin_change": 0.008457597204963349
    },
    {
      "date": "2024-09-30T00:00:00",
      "quarter_label": "2024-09 (Q3)",
      "revenue": 1335000000,
      "gross_profit": 438000000,
      "operating_income": -515000000,
      "net_income": -485000000,
      "opex": 1850000000,
      "cogs": 897000000,
      "rd": null,
      "sga": null,
      "fcf": 33000000,
      "ocf": 186000000,
      "capex": -153000000,
      "gross_margin": 0.32808988764044944,
      "op_margin": -0.3857677902621723,
      "fcf_margin": 0.024719101123595506,
      "incr_op_margin_yoy": -102.0,
      "rev_growth_yoy": 0.004514672686230248,
      "rev_growth_yoy_accel": 0.010458209090390722,
      "fcf_margin_change": 0.04788800994272854
    },
    {
      "date": "2024-12-31T00:00:00",
      "quarter_label": "2024-12 (Q4)",
      "revenue": 1339000000,
      "gross_profit": 433000000,
      "operating_income": -21000000,
      "net_income": -71000000,
      "opex": 1360000000,
      "cogs": 906000000,
      "rd": null,
      "sga": null,
      "fcf": 52000000,
      "ocf": 257000000,
      "capex": -205000000,
      "gross_margin": 0.32337565347274083,
      "op_margin": -0.01568334578043316,
      "fcf_margin": 0.038834951456310676,
      "incr_op_margin_yoy": -15.8,
      "rev_growth_yoy": 0.0037481259370314842,
      "rev_growth_yoy_accel": -0.0007665467491987637,
      "fcf_margin_change": 0.01411585033271517
    },
    {
      "date": "2025-03-31T00:00:00",
      "quarter_label": "2025-03 (Q1)",
      "revenue": 1292000000,
      "gross_profit": 416000000,
      "operating_income": 56000000,
      "net_income": 0,
      "opex": 1236000000,
      "cogs": 876000000,
      "rd": null,
      "sga": null,
      "fcf": -12000000,
      "ocf": 139000000,
      "capex": -151000000,
      "gross_margin": 0.3219814241486068,
      "op_margin": 0.043343653250773995,
      "fcf_margin": -0.009287925696594427,
      "incr_op_margin_yoy": 1.25,
      "rev_growth_yoy": -0.02710843373493976,
      "rev_growth_yoy_accel": -0.030856559671971245,
      "fcf_margin_change": -0.0481228771529051
    },
    {
      "date": "2025-06-30T00:00:00",
      "quarter_label": "2025-06 (Q2)",
      "revenue": 1350000000,
      "gross_profit": 430000000,
      "operating_income": 23000000,
      "net_income": -6000000,
      "opex": 1327000000,
      "cogs": 920000000,
      "rd": null,
      "sga": null,
      "fcf": 95000000,
      "ocf": 258000000,
      "capex": -163000000,
      "gross_margin": 0.31851851851851853,
      "op_margin": 0.017037037037037038,
      "fcf_margin": 0.07037037037037037,
      "incr_op_margin_yoy": -4.25,
      "rev_growth_yoy": 0.008968609865470852,
      "rev_growth_yoy_accel": 0.03607704360041061,
      "op_leverage_ratio": 0.6097370122137924,
      "fcf_margin_change": 0.0796582960669648
    },
    {
      "date": "2025-09-30T00:00:00",
      "quarter_label": "2025-09 (Q3)",
      "revenue": 1377000000,
      "gross_profit": 445000000,
      "operating_income": 35000000,
      "net_income": -100000000,
      "opex": 1342000000,
      "cogs": 932000000,
      "rd": null,
      "sga": null,
      "fcf": 35000000,
      "ocf": 230000000,
      "capex": -195000000,
      "gross_margin": 0.32316630355846043,
      "op_margin": 0.025417574437182282,
      "fcf_margin": 0.025417574437182282,
      "incr_op_margin_yoy": 13.095238095238095,
      "rev_growth_yoy": 0.03146067415730337,
      "rev_growth_yoy_accel": 0.022492064291832523,
      "op_leverage_ratio": 1.7693333333333332,
      "fcf_margin_change": -0.04495279593318809
    }
  ],
  "signals": [
    {
      "quarter": "2025-09 (Q3)",
      "signal": "OPERATING LEVERAGE",
      "detail": "Rev growth +2.0% vs OpEx growth +1.1% (leverage: 1.8x)",
      "severity": "MEDIUM"
    },
    {
      "quarter": "2025-09 (Q3)",
      "signal": "OP MARGIN TURNED POSITIVE (YoY)",
      "detail": "Op margin: -38.6% (year-ago) -> +2.5%",
      "severity": "HIGH"
    },
    {
      "quarter": "2025-06 (Q2)",
      "signal": "FCF TURNED POSITIVE",
      "detail": "FCF margin: -0.9% -> +7.0%",
      "severity": "HIGH"
    },
    {
      "quarter": "2025-03 (Q1)",
      "signal": "INCREMENTAL MARGIN (YoY)",
      "detail": "YoY Incr OPM: +125.0% vs year-ago OPM: +7.6%",
      "severity": "HIGH"
    },
    {
      "quarter": "2025-03 (Q1)",
      "signal": "OP MARGIN TURNED POSITIVE (QoQ)",
      "detail": "Op margin: -1.6% -> +4.3%",
      "severity": "HIGH"
    },
    {
      "quarter": "2024-09 (Q3)",
      "signal": "FCF TURNED POSITIVE",
      "detail": "FCF margin: -2.3% -> +2.5%",
      "severity": "HIGH"
    },
    {
      "quarter": "2024-06 (Q2)",
      "signal": "INCREMENTAL MARGIN (YoY)",
      "detail": "YoY Incr OPM: +462.5% vs year-ago OPM: +8.2%",
      "severity": "HIGH"
    }
  ],
  "data_quality": {
    "n_quarters": 10,
    "coverage": {
      "revenue": [
        10,
        10
      ],
      "gross_profit": [
        10,
        10
      ],
      "op_income": [
        10,
        10
      ],
      "fcf": [
        9,
        10
      ]
    },
    "gaps": [],
    "warnings": []
  },
  "market_cap": null,
  "source": "SEC EDGAR",
  "last_updated": "2026-02-02T20:42:00.876569",
  "sector": "Real Estate",
  "industry": "REIT - Industrial"
}