{
  "ticker": "LKQ",
  "name": "LKQ CORPORATION",
  "quarters": [
    {
      "date": "2020-12-31T00:00:00",
      "quarter_label": "2020-12 (Q4)",
      "revenue": 2953888000,
      "gross_profit": 1169849000,
      "operating_income": 267273000,
      "net_income": 181012000,
      "opex": 902576000,
      "cogs": 1784039000,
      "rd": null,
      "sga": 814992000,
      "fcf": 309359000,
      "ocf": 309359000,
      "capex": null,
      "gross_margin": 0.3960370196838878,
      "op_margin": 0.09048176504999512,
      "fcf_margin": 0.10472942779143962
    },
    {
      "date": "2021-03-31T00:00:00",
      "quarter_label": "2021-03 (Q1)",
      "revenue": 3170786000,
      "gross_profit": 1293714000,
      "operating_income": 371448000,
      "net_income": 265913000,
      "opex": 922266000,
      "cogs": 1877072000,
      "rd": null,
      "sga": 848565000,
      "fcf": 523000000,
      "ocf": 523000000,
      "capex": null,
      "gross_margin": 0.40801050591241417,
      "op_margin": 0.11714697869865705,
      "fcf_margin": 0.16494332950883472,
      "op_leverage_ratio": 3.365887436240836,
      "fcf_margin_change": 0.0602139017173951
    },
    {
      "date": "2021-06-30T00:00:00",
      "quarter_label": "2021-06 (Q2)",
      "revenue": 3435114000,
      "gross_profit": 1415709000,
      "operating_income": 444674000,
      "net_income": 304624000,
      "opex": 971035000,
      "cogs": 2019405000,
      "rd": null,
      "sga": 901667000,
      "fcf": 410000000,
      "ocf": 410000000,
      "capex": null,
      "gross_margin": 0.4121286804455398,
      "op_margin": 0.12944956120815787,
      "fcf_margin": 0.11935557306103961,
      "op_leverage_ratio": 1.5764804367807004,
      "fcf_margin_change": -0.045587756447795114
    },
    {
      "date": "2021-09-30T00:00:00",
      "quarter_label": "2021-09 (Q3)",
      "revenue": 3296611000,
      "gross_profit": 1343392000,
      "operating_income": 378154000,
      "net_income": 284055000,
      "opex": 965238000,
      "cogs": 1953219000,
      "rd": null,
      "sga": 897896000,
      "fcf": 429000000,
      "ocf": 429000000,
      "capex": null,
      "gross_margin": 0.4075069821704775,
      "op_margin": 0.11470992482886212,
      "fcf_margin": 0.13013364330823382,
      "fcf_margin_change": 0.01077807024719421
    },
    {
      "date": "2021-12-31T00:00:00",
      "quarter_label": "2021-12 (Q4)",
      "revenue": 3185993000,
      "gross_profit": 1269620000,
      "operating_income": 280096000,
      "net_income": 236281000,
      "opex": 989524000,
      "cogs": 1916373000,
      "rd": null,
      "sga": 919604000,
      "fcf": 5000000,
      "ocf": 5000000,
      "capex": null,
      "gross_margin": 0.39850056167731696,
      "op_margin": 0.08791481964963514,
      "fcf_margin": 0.001569369424226607,
      "incr_op_margin_yoy": 0.055246547898580384,
      "rev_growth_yoy": 0.07857610038024461,
      "fcf_margin_change": -0.1285642738840072
    },
    {
      "date": "2022-03-31T00:00:00",
      "quarter_label": "2022-03 (Q1)",
      "revenue": 3348000000,
      "gross_profit": 1357000000,
      "operating_income": 371000000,
      "net_income": 273000000,
      "opex": 986000000,
      "cogs": 1991000000,
      "rd": null,
      "sga": 924000000,
      "fcf": 409000000,
      "ocf": 409000000,
      "capex": null,
      "gross_margin": 0.40531660692951016,
      "op_margin": 0.11081242532855436,
      "fcf_margin": 0.12216248506571087,
      "incr_op_margin_yoy": -0.002528016973828253,
      "rev_growth_yoy": 0.05588961222863984,
      "rev_growth_yoy_accel": -0.022686488151604768,
      "op_leverage_ratio": Infinity,
      "fcf_margin_change": 0.12059311564148426
    },
    {
      "date": "2022-06-30T00:00:00",
      "quarter_label": "2022-06 (Q2)",
      "revenue": 3341000000,
      "gross_profit": 1367000000,
      "operating_income": 559000000,
      "net_income": 420000000,
      "opex": 808000000,
      "cogs": 1974000000,
      "rd": null,
      "sga": 898000000,
      "fcf": 328000000,
      "ocf": 328000000,
      "capex": null,
      "gross_margin": 0.40915893445076323,
      "op_margin": 0.16731517509727625,
      "fcf_margin": 0.09817419934151451,
      "incr_op_margin_yoy": -1.2147608219818518,
      "rev_growth_yoy": -0.02739763512943093,
      "rev_growth_yoy_accel": -0.08328724735807078,
      "fcf_margin_change": -0.023988285724196354
    },
    {
      "date": "2022-09-30T00:00:00",
      "quarter_label": "2022-09 (Q3)",
      "revenue": 3104000000,
      "gross_profit": 1276000000,
      "operating_income": 358000000,
      "net_income": 262000000,
      "opex": 918000000,
      "cogs": 1828000000,
      "rd": null,
      "sga": 861000000,
      "fcf": 273000000,
      "ocf": 273000000,
      "capex": null,
      "gross_margin": 0.4110824742268041,
      "op_margin": 0.11533505154639176,
      "fcf_margin": 0.08795103092783506,
      "incr_op_margin_yoy": 0.10463576846597546,
      "rev_growth_yoy": -0.058426972427138055,
      "rev_growth_yoy_accel": -0.031029337297707123,
      "fcf_margin_change": -0.010223168413679457
    },
    {
      "date": "2022-12-31T00:00:00",
      "quarter_label": "2022-12 (Q4)",
      "revenue": 3001000000,
      "gross_profit": 1223000000,
      "operating_income": 293000000,
      "net_income": 194000000,
      "opex": 930000000,
      "cogs": 1778000000,
      "rd": null,
      "sga": 861000000,
      "fcf": 240000000,
      "ocf": 240000000,
      "capex": null,
      "gross_margin": 0.40753082305898036,
      "op_margin": 0.09763412195934688,
      "fcf_margin": 0.07997334221926025,
      "incr_op_margin_yoy": -0.06975399069153967,
      "rev_growth_yoy": -0.058064471579190535,
      "rev_growth_yoy_accel": 0.00036250084794751947,
      "fcf_margin_change": -0.007977688708574807
    },
    {
      "date": "2023-03-31T00:00:00",
      "quarter_label": "2023-03 (Q1)",
      "revenue": 3349000000,
      "gross_profit": 1372000000,
      "operating_income": 365000000,
      "net_income": 270000000,
      "opex": 1007000000,
      "cogs": 1977000000,
      "rd": null,
      "sga": 931000000,
      "fcf": 223000000,
      "ocf": 223000000,
      "capex": null,
      "gross_margin": 0.4096745297103613,
      "op_margin": 0.10898775753956405,
      "fcf_margin": 0.06658704090773365,
      "rev_growth_yoy": 0.0002986857825567503,
      "rev_growth_yoy_accel": 0.058363157361747284,
      "op_leverage_ratio": 1.4005721036710708,
      "fcf_margin_change": -0.0133863013115266
    },
    {
      "date": "2023-06-30T00:00:00",
      "quarter_label": "2023-06 (Q2)",
      "revenue": 3448000000,
      "gross_profit": 1414000000,
      "operating_income": 407000000,
      "net_income": 282000000,
      "opex": 1007000000,
      "cogs": 2034000000,
      "rd": null,
      "sga": 938000000,
      "fcf": 480000000,
      "ocf": 480000000,
      "capex": null,
      "gross_margin": 0.410092807424594,
      "op_margin": 0.11803944315545244,
      "fcf_margin": 0.13921113689095127,
      "incr_op_margin_yoy": -1.4205607476635513,
      "rev_growth_yoy": 0.032026339419335526,
      "rev_growth_yoy_accel": 0.03172765363677878,
      "op_leverage_ratio": Infinity,
      "fcf_margin_change": 0.07262409598321762
    },
    {
      "date": "2023-09-30T00:00:00",
      "quarter_label": "2023-09 (Q3)",
      "revenue": 3568000000,
      "gross_profit": 1390000000,
      "operating_income": 308000000,
      "net_income": 208000000,
      "opex": 1082000000,
      "cogs": 2178000000,
      "rd": null,
      "sga": 979000000,
      "fcf": 441000000,
      "ocf": 441000000,
      "capex": null,
      "gross_margin": 0.3895739910313901,
      "op_margin": 0.08632286995515695,
      "fcf_margin": 0.12359865470852018,
      "incr_op_margin_yoy": -0.10775862068965517,
      "rev_growth_yoy": 0.14948453608247422,
      "rev_growth_yoy_accel": 0.1174581966631387,
      "op_leverage_ratio": 0.46728538283062643,
      "fcf_margin_change": -0.015612482182431095
    },
    {
      "date": "2023-12-31T00:00:00",
      "quarter_label": "2023-12 (Q4)",
      "revenue": 3501000000,
      "gross_profit": 1399000000,
      "operating_income": 277000000,
      "net_income": 178000000,
      "opex": 1122000000,
      "cogs": 2102000000,
      "rd": null,
      "sga": 1022000000,
      "fcf": 212000000,
      "ocf": 212000000,
      "capex": null,
      "gross_margin": 0.39960011425307057,
      "op_margin": 0.07912025135675521,
      "fcf_margin": 0.06055412739217367,
      "incr_op_margin_yoy": -0.032,
      "rev_growth_yoy": 0.16661112962345884,
      "rev_growth_yoy_accel": 0.017126593540984614,
      "fcf_margin_change": -0.06304452731634651
    },
    {
      "date": "2024-03-31T00:00:00",
      "quarter_label": "2024-03 (Q1)",
      "revenue": 3703000000,
      "gross_profit": 1452000000,
      "operating_income": 289000000,
      "net_income": 158000000,
      "opex": 1163000000,
      "cogs": 2251000000,
      "rd": null,
      "sga": 1044000000,
      "fcf": 253000000,
      "ocf": 253000000,
      "capex": null,
      "gross_margin": 0.3921145017553335,
      "op_margin": 0.07804482851741831,
      "fcf_margin": 0.06832298136645963,
      "incr_op_margin_yoy": -0.21468926553672316,
      "rev_growth_yoy": 0.10570319498357719,
      "rev_growth_yoy_accel": -0.060907934639881645,
      "op_leverage_ratio": 1.5789495684159924,
      "fcf_margin_change": 0.007768853974285964
    },
    {
      "date": "2024-06-30T00:00:00",
      "quarter_label": "2024-06 (Q2)",
      "revenue": 3711000000,
      "gross_profit": 1441000000,
      "operating_income": 329000000,
      "net_income": 186000000,
      "opex": 1112000000,
      "cogs": 2270000000,
      "rd": null,
      "sga": 976000000,
      "fcf": 213000000,
      "ocf": 213000000,
      "capex": null,
      "gross_margin": 0.38830503907302616,
      "op_margin": 0.08865534896254379,
      "fcf_margin": 0.05739692805173808,
      "incr_op_margin_yoy": -0.2965779467680608,
      "rev_growth_yoy": 0.07627610208816706,
      "rev_growth_yoy_accel": -0.029427092895410137,
      "fcf_margin_change": -0.010926053314721552
    },
    {
      "date": "2024-09-30T00:00:00",
      "quarter_label": "2024-09 (Q3)",
      "revenue": 3584000000,
      "gross_profit": 1393000000,
      "operating_income": 310000000,
      "net_income": 192000000,
      "opex": 1083000000,
      "cogs": 2191000000,
      "rd": null,
      "sga": 971000000,
      "fcf": 420000000,
      "ocf": 420000000,
      "capex": null,
      "gross_margin": 0.388671875,
      "op_margin": 0.08649553571428571,
      "fcf_margin": 0.1171875,
      "incr_op_margin_yoy": 0.125,
      "rev_growth_yoy": 0.004484304932735426,
      "rev_growth_yoy_accel": -0.07179179715543163,
      "fcf_margin_change": 0.05979057194826192
    },
    {
      "date": "2024-12-31T00:00:00",
      "quarter_label": "2024-12 (Q4)",
      "revenue": 3357000000,
      "gross_profit": 1325000000,
      "operating_income": 271000000,
      "net_income": 157000000,
      "opex": 1054000000,
      "cogs": 2032000000,
      "rd": null,
      "sga": 925000000,
      "fcf": 235000000,
      "ocf": 235000000,
      "capex": null,
      "gross_margin": 0.39469764670837054,
      "op_margin": 0.08072683943997618,
      "fcf_margin": 0.07000297885016384,
      "incr_op_margin_yoy": 0.041666666666666664,
      "rev_growth_yoy": -0.04113110539845758,
      "rev_growth_yoy_accel": -0.045615410331193006,
      "fcf_margin_change": -0.047184521149836164
    },
    {
      "date": "2025-03-31T00:00:00",
      "quarter_label": "2025-03 (Q1)",
      "revenue": 3463000000,
      "gross_profit": 1377000000,
      "operating_income": 287000000,
      "net_income": 169000000,
      "opex": 1090000000,
      "cogs": 2086000000,
      "rd": null,
      "sga": 989000000,
      "fcf": -3000000,
      "ocf": -3000000,
      "capex": null,
      "gross_margin": 0.39763211088651457,
      "op_margin": 0.0828761189719896,
      "fcf_margin": -0.0008663008951775916,
      "incr_op_margin_yoy": 0.008333333333333333,
      "rev_growth_yoy": -0.06481231433972455,
      "rev_growth_yoy_accel": -0.02368120894126697,
      "op_leverage_ratio": 0.9244695991791613,
      "fcf_margin_change": -0.07086927974534142
    },
    {
      "date": "2025-06-30T00:00:00",
      "quarter_label": "2025-06 (Q2)",
      "revenue": 3642000000,
      "gross_profit": 1412000000,
      "operating_income": 312000000,
      "net_income": 193000000,
      "opex": 1100000000,
      "cogs": 2230000000,
      "rd": null,
      "sga": 998000000,
      "fcf": 296000000,
      "ocf": 296000000,
      "capex": null,
      "gross_margin": 0.38769906644700713,
      "op_margin": 0.085667215815486,
      "fcf_margin": 0.08127402526084569,
      "incr_op_margin_yoy": 0.2463768115942029,
      "rev_growth_yoy": -0.018593371059013743,
      "rev_growth_yoy_accel": 0.04621894328071081,
      "op_leverage_ratio": 5.634132255269996,
      "fcf_margin_change": 0.08214032615602328
    },
    {
      "date": "2025-09-30T00:00:00",
      "quarter_label": "2025-09 (Q3)",
      "revenue": 3499000000,
      "gross_profit": 1341000000,
      "operating_income": 274000000,
      "net_income": 180000000,
      "opex": 1067000000,
      "cogs": 2158000000,
      "rd": null,
      "sga": 958000000,
      "fcf": 440000000,
      "ocf": 440000000,
      "capex": null,
      "gross_margin": 0.383252357816519,
      "op_margin": 0.07830808802515005,
      "fcf_margin": 0.12575021434695627,
      "incr_op_margin_yoy": 0.4235294117647059,
      "rev_growth_yoy": -0.023716517857142856,
      "rev_growth_yoy_accel": -0.0051231467981291134,
      "fcf_margin_change": 0.044476189086110576
    }
  ],
  "signals": [
    {
      "quarter": "2025-09 (Q3)",
      "signal": "INCREMENTAL MARGIN (YoY)",
      "detail": "YoY Incr OPM: +42.4% vs year-ago OPM: +8.6%",
      "severity": "HIGH"
    },
    {
      "quarter": "2025-06 (Q2)",
      "signal": "FCF TURNED POSITIVE",
      "detail": "FCF margin: -0.1% -> +8.1%",
      "severity": "HIGH"
    },
    {
      "quarter": "2025-06 (Q2)",
      "signal": "OPERATING LEVERAGE",
      "detail": "Rev growth +5.2% vs OpEx growth +0.9% (leverage: 5.6x)",
      "severity": "MEDIUM"
    },
    {
      "quarter": "2025-06 (Q2)",
      "signal": "INCREMENTAL MARGIN (YoY)",
      "detail": "YoY Incr OPM: +24.6% vs year-ago OPM: +8.9%",
      "severity": "MEDIUM"
    },
    {
      "quarter": "2024-09 (Q3)",
      "signal": "FCF MARGIN EXPANSION",
      "detail": "FCF margin: +5.7% -> +11.7% (+6.0%)",
      "severity": "MEDIUM"
    },
    {
      "quarter": "2024-09 (Q3)",
      "signal": "YoY REVENUE GROWTH DECELERATION",
      "detail": "YoY growth: +0.4% vs prior quarter YoY: +7.6% (decel: -7.2%)",
      "severity": "WARNING"
    },
    {
      "quarter": "2024-03 (Q1)",
      "signal": "OPERATING LEVERAGE",
      "detail": "Rev growth +5.8% vs OpEx growth +3.7% (leverage: 1.6x)",
      "severity": "MEDIUM"
    },
    {
      "quarter": "2024-03 (Q1)",
      "signal": "YoY REVENUE GROWTH DECELERATION",
      "detail": "YoY growth: +10.6% vs prior quarter YoY: +16.7% (decel: -6.1%)",
      "severity": "WARNING"
    },
    {
      "quarter": "2023-09 (Q3)",
      "signal": "YoY REVENUE GROWTH ACCELERATION",
      "detail": "YoY growth: +14.9% vs prior quarter YoY: +3.2% (accel: +11.7%)",
      "severity": "MEDIUM"
    },
    {
      "quarter": "2023-06 (Q2)",
      "signal": "FCF MARGIN EXPANSION",
      "detail": "FCF margin: +6.7% -> +13.9% (+7.3%)",
      "severity": "MEDIUM"
    },
    {
      "quarter": "2023-03 (Q1)",
      "signal": "YoY REVENUE GROWTH ACCELERATION",
      "detail": "YoY growth: +0.0% vs prior quarter YoY: -5.8% (accel: +5.8%)",
      "severity": "MEDIUM"
    },
    {
      "quarter": "2022-06 (Q2)",
      "signal": "YoY REVENUE GROWTH DECELERATION",
      "detail": "YoY growth: -2.7% vs prior quarter YoY: +5.6% (decel: -8.3%)",
      "severity": "WARNING"
    },
    {
      "quarter": "2022-03 (Q1)",
      "signal": "FCF MARGIN EXPANSION",
      "detail": "FCF margin: +0.2% -> +12.2% (+12.1%)",
      "severity": "MEDIUM"
    },
    {
      "quarter": "2021-06 (Q2)",
      "signal": "OPERATING LEVERAGE",
      "detail": "Rev growth +8.3% vs OpEx growth +5.3% (leverage: 1.6x)",
      "severity": "MEDIUM"
    },
    {
      "quarter": "2021-03 (Q1)",
      "signal": "FCF MARGIN EXPANSION",
      "detail": "FCF margin: +10.5% -> +16.5% (+6.0%)",
      "severity": "MEDIUM"
    },
    {
      "quarter": "2021-03 (Q1)",
      "signal": "OPERATING LEVERAGE",
      "detail": "Rev growth +7.3% vs OpEx growth +2.2% (leverage: 3.4x)",
      "severity": "MEDIUM"
    }
  ],
  "data_quality": {
    "n_quarters": 20,
    "coverage": {
      "revenue": [
        20,
        20
      ],
      "gross_profit": [
        20,
        20
      ],
      "op_income": [
        20,
        20
      ],
      "fcf": [
        20,
        20
      ]
    },
    "gaps": [],
    "warnings": []
  },
  "market_cap": null,
  "source": "SEC EDGAR",
  "last_updated": "2026-02-02T20:43:49.600528"
}