{
  "ticker": "LLY",
  "name": "ELI LILLY AND COMPANY",
  "sector": "Healthcare",
  "industry": "Drug Manufacturers - General",
  "quarters": [
    {
      "date": "2021-03-31T00:00:00",
      "quarter_label": "2021-03 (Q1)",
      "revenue": 6805600000,
      "gross_profit": 4927000000,
      "operating_income": null,
      "net_income": 1355300000,
      "opex": null,
      "cogs": 1878600000,
      "rd": 1684800000,
      "sga": 1576000000,
      "fcf": 1697400000,
      "ocf": 1697400000,
      "capex": null,
      "gross_margin": 0.7239626190196309,
      "op_margin": null,
      "fcf_margin": 0.24941224873633477
    },
    {
      "date": "2021-06-30T00:00:00",
      "quarter_label": "2021-06 (Q2)",
      "revenue": 6740100000,
      "gross_profit": 4786900000,
      "operating_income": null,
      "net_income": 1390200000,
      "opex": null,
      "cogs": 1953200000,
      "rd": 1672800000,
      "sga": 1685700000,
      "fcf": 1775500000,
      "ocf": 1775500000,
      "capex": null,
      "gross_margin": 0.7102120146585362,
      "op_margin": null,
      "fcf_margin": 0.26342339134434206,
      "fcf_margin_change": 0.014011142608007288
    },
    {
      "date": "2021-09-30T00:00:00",
      "quarter_label": "2021-09 (Q3)",
      "revenue": 6772800000,
      "gross_profit": 5342000000,
      "operating_income": null,
      "net_income": 1110100000,
      "opex": null,
      "cogs": 1430800000,
      "rd": 1708900000,
      "sga": 1577900000,
      "fcf": 1631300000,
      "ocf": 1631300000,
      "capex": null,
      "gross_margin": 0.7887432081266241,
      "op_margin": null,
      "fcf_margin": 0.24086050082683677,
      "fcf_margin_change": -0.02256289051750529
    },
    {
      "date": "2021-12-31T00:00:00",
      "quarter_label": "2021-12 (Q4)",
      "revenue": 7999900000,
      "gross_profit": 5949700000,
      "operating_income": null,
      "net_income": 1726100000,
      "opex": null,
      "cogs": 2050200000,
      "rd": 1959400000,
      "sga": 1592000000,
      "fcf": 2261700000,
      "ocf": 2261700000,
      "capex": null,
      "gross_margin": 0.7437217965224565,
      "op_margin": null,
      "fcf_margin": 0.2827160339504244,
      "fcf_margin_change": 0.04185553312358761
    },
    {
      "date": "2022-03-31T00:00:00",
      "quarter_label": "2022-03 (Q1)",
      "revenue": 7810000000,
      "gross_profit": 5737900000,
      "operating_income": null,
      "net_income": 1902900000,
      "opex": null,
      "cogs": 2072100000,
      "rd": 1610100000,
      "sga": 1557900000,
      "fcf": 2523000000,
      "ocf": 2523000000,
      "capex": null,
      "gross_margin": 0.7346862996158771,
      "op_margin": null,
      "fcf_margin": 0.3230473751600512,
      "rev_growth_yoy": 0.14758434230633596,
      "fcf_margin_change": 0.040331341209626836
    },
    {
      "date": "2022-06-30T00:00:00",
      "quarter_label": "2022-06 (Q2)",
      "revenue": 6488000000,
      "gross_profit": 5057500000,
      "operating_income": null,
      "net_income": 952500000,
      "opex": null,
      "cogs": 1430500000,
      "rd": 1781900000,
      "sga": 1625100000,
      "fcf": 1183300000,
      "ocf": 1183300000,
      "capex": null,
      "gross_margin": 0.779516029593095,
      "op_margin": null,
      "fcf_margin": 0.18238286066584464,
      "rev_growth_yoy": -0.03740300589012033,
      "rev_growth_yoy_accel": -0.1849873481964563,
      "fcf_margin_change": -0.14066451449420658
    },
    {
      "date": "2022-09-30T00:00:00",
      "quarter_label": "2022-09 (Q3)",
      "revenue": 6941600000,
      "gross_profit": 5362500000,
      "operating_income": null,
      "net_income": 1451700000,
      "opex": null,
      "cogs": 1579100000,
      "rd": 1802900000,
      "sga": 1614200000,
      "fcf": 2216700000,
      "ocf": 2216700000,
      "capex": null,
      "gross_margin": 0.7725164227267489,
      "op_margin": null,
      "fcf_margin": 0.31933559986170335,
      "rev_growth_yoy": 0.024923222300968582,
      "rev_growth_yoy_accel": 0.062326228191088906,
      "fcf_margin_change": 0.1369527391958587
    },
    {
      "date": "2022-12-31T00:00:00",
      "quarter_label": "2022-12 (Q4)",
      "revenue": 7301800000,
      "gross_profit": 5753700000,
      "operating_income": null,
      "net_income": 1937700000,
      "opex": null,
      "cogs": 1548100000,
      "rd": 1995900000,
      "sga": 1643200000,
      "fcf": 1662700000,
      "ocf": 1662700000,
      "capex": null,
      "gross_margin": 0.7879837848201813,
      "op_margin": null,
      "fcf_margin": 0.2277109753759347,
      "rev_growth_yoy": -0.08726359079488494,
      "rev_growth_yoy_accel": -0.11218681309585352,
      "fcf_margin_change": -0.09162462448576864
    },
    {
      "date": "2023-03-31T00:00:00",
      "quarter_label": "2023-03 (Q1)",
      "revenue": 6960000000,
      "gross_profit": 5333300000,
      "operating_income": null,
      "net_income": 1344900000,
      "opex": null,
      "cogs": 1626700000,
      "rd": 1985100000,
      "sga": 1749200000,
      "fcf": 1730600000,
      "ocf": 1730600000,
      "capex": null,
      "gross_margin": 0.766278735632184,
      "op_margin": null,
      "fcf_margin": 0.2486494252873563,
      "rev_growth_yoy": -0.1088348271446863,
      "rev_growth_yoy_accel": -0.021571236349801362,
      "fcf_margin_change": 0.020938449911421603
    },
    {
      "date": "2023-06-30T00:00:00",
      "quarter_label": "2023-06 (Q2)",
      "revenue": 8312100000,
      "gross_profit": 6504700000,
      "operating_income": null,
      "net_income": 1763200000,
      "opex": null,
      "cogs": 1807400000,
      "rd": 2356500000,
      "sga": 1925400000,
      "fcf": 631900000,
      "ocf": 631900000,
      "capex": null,
      "gross_margin": 0.7825579576761589,
      "op_margin": null,
      "fcf_margin": 0.07602170330000842,
      "rev_growth_yoy": 0.2811498150431566,
      "rev_growth_yoy_accel": 0.3899846421878429,
      "fcf_margin_change": -0.17262772198734788
    },
    {
      "date": "2023-09-30T00:00:00",
      "quarter_label": "2023-09 (Q3)",
      "revenue": 9498600000,
      "gross_profit": 7638500000,
      "operating_income": null,
      "net_income": -57400000,
      "opex": null,
      "cogs": 1860100000,
      "rd": null,
      "sga": 1803900000,
      "fcf": 2189500000,
      "ocf": 2189500000,
      "capex": null,
      "gross_margin": 0.8041711410102541,
      "op_margin": null,
      "fcf_margin": 0.2305076537595014,
      "rev_growth_yoy": 0.3683588797971649,
      "rev_growth_yoy_accel": 0.0872090647540083,
      "fcf_margin_change": 0.15448595045949298
    },
    {
      "date": "2023-12-31T00:00:00",
      "quarter_label": "2023-12 (Q4)",
      "revenue": 9353400000,
      "gross_profit": 7565400000,
      "operating_income": null,
      "net_income": 2189700000,
      "opex": null,
      "cogs": 1788000000,
      "rd": null,
      "sga": 1924600000,
      "fcf": -312000000,
      "ocf": -312000000,
      "capex": null,
      "gross_margin": 0.8088395663608955,
      "op_margin": null,
      "fcf_margin": -0.0333568541920585,
      "rev_growth_yoy": 0.2809718151688625,
      "rev_growth_yoy_accel": -0.08738706462830242,
      "fcf_margin_change": -0.2638645079515599
    },
    {
      "date": "2024-03-31T00:00:00",
      "quarter_label": "2024-03 (Q1)",
      "revenue": 8768000000,
      "gross_profit": 7094500000,
      "operating_income": null,
      "net_income": 2242900000,
      "opex": null,
      "cogs": 1673500000,
      "rd": null,
      "sga": 1952200000,
      "fcf": 1166000000,
      "ocf": 1166000000,
      "capex": null,
      "gross_margin": 0.8091354927007299,
      "op_margin": null,
      "fcf_margin": 0.13298357664233576,
      "rev_growth_yoy": 0.2597701149425287,
      "rev_growth_yoy_accel": -0.021201700226333775,
      "fcf_margin_change": 0.16634043083439426
    },
    {
      "date": "2024-06-30T00:00:00",
      "quarter_label": "2024-06 (Q2)",
      "revenue": 11302800000,
      "gross_profit": 9132600000,
      "operating_income": null,
      "net_income": 2967000000,
      "opex": null,
      "cogs": 2170200000,
      "rd": null,
      "sga": 2117300000,
      "fcf": 1466200000,
      "ocf": 1466200000,
      "capex": null,
      "gross_margin": 0.8079944792440811,
      "op_margin": null,
      "fcf_margin": 0.1297200693633436,
      "rev_growth_yoy": 0.3598007723679936,
      "rev_growth_yoy_accel": 0.10003065742546491,
      "fcf_margin_change": -0.0032635072789921615
    },
    {
      "date": "2024-09-30T00:00:00",
      "quarter_label": "2024-09 (Q3)",
      "revenue": 11439100000,
      "gross_profit": 9268300000,
      "operating_income": null,
      "net_income": 970300000,
      "opex": null,
      "cogs": 2170800000,
      "rd": null,
      "sga": 2099800000,
      "fcf": 3711900000,
      "ocf": 3711900000,
      "capex": null,
      "gross_margin": 0.8102298257730066,
      "op_margin": null,
      "fcf_margin": 0.3244923114580692,
      "rev_growth_yoy": 0.20429326427052408,
      "rev_growth_yoy_accel": -0.15550750809746955,
      "fcf_margin_change": 0.19477224209472563
    },
    {
      "date": "2024-12-31T00:00:00",
      "quarter_label": "2024-12 (Q4)",
      "revenue": 13532800000,
      "gross_profit": 11129000000,
      "operating_income": null,
      "net_income": 4409800000,
      "opex": null,
      "cogs": 2403800000,
      "rd": null,
      "sga": 2424500000,
      "fcf": 2473900000,
      "ocf": 2473900000,
      "capex": null,
      "gross_margin": 0.8223723102388272,
      "op_margin": null,
      "fcf_margin": 0.18280769685504847,
      "rev_growth_yoy": 0.4468321679816965,
      "rev_growth_yoy_accel": 0.24253890371117243,
      "fcf_margin_change": -0.14168461460302076
    },
    {
      "date": "2025-03-31T00:00:00",
      "quarter_label": "2025-03 (Q1)",
      "revenue": 12728500000,
      "gross_profit": 10504300000,
      "operating_income": null,
      "net_income": 2759300000,
      "opex": null,
      "cogs": 2224200000,
      "rd": null,
      "sga": 2468800000,
      "fcf": 1665600000,
      "ocf": 1665600000,
      "capex": null,
      "gross_margin": 0.8252582786659858,
      "op_margin": null,
      "fcf_margin": 0.13085595317594376,
      "rev_growth_yoy": 0.4516993613138686,
      "rev_growth_yoy_accel": 0.004867193332172115,
      "fcf_margin_change": -0.05195174367910471
    },
    {
      "date": "2025-06-30T00:00:00",
      "quarter_label": "2025-06 (Q2)",
      "revenue": 15557700000,
      "gross_profit": 13109900000,
      "operating_income": null,
      "net_income": 5660500000,
      "opex": null,
      "cogs": 2447800000,
      "rd": null,
      "sga": 2753000000,
      "fcf": 3086900000,
      "ocf": 3086900000,
      "capex": null,
      "gross_margin": 0.8426631185843666,
      "op_margin": null,
      "fcf_margin": 0.19841621833561515,
      "rev_growth_yoy": 0.37644654421913154,
      "rev_growth_yoy_accel": -0.07525281709473708,
      "fcf_margin_change": 0.0675602651596714
    },
    {
      "date": "2025-09-30T00:00:00",
      "quarter_label": "2025-09 (Q3)",
      "revenue": 17600800000,
      "gross_profit": 14592500000,
      "operating_income": null,
      "net_income": 5582500000,
      "opex": null,
      "cogs": 3008300000,
      "rd": null,
      "sga": 2740700000,
      "fcf": 8835900000,
      "ocf": 8835900000,
      "capex": null,
      "gross_margin": 0.8290816326530612,
      "op_margin": null,
      "fcf_margin": 0.5020169537748285,
      "rev_growth_yoy": 0.5386525163692948,
      "rev_growth_yoy_accel": 0.16220597215016325,
      "fcf_margin_change": 0.3036007354392133
    },
    {
      "date": "2025-12-31T00:00:00",
      "quarter_label": "2025-12 (Q4)",
      "revenue": 19292000000,
      "gross_profit": 15920300000,
      "operating_income": null,
      "net_income": 6637700000,
      "opex": null,
      "cogs": 3371700000,
      "rd": null,
      "sga": 3131400000,
      "fcf": 3224600000,
      "ocf": 3224600000,
      "capex": null,
      "gross_margin": 0.8252280738129795,
      "op_margin": null,
      "fcf_margin": 0.16714700393945678,
      "rev_growth_yoy": 0.4255734216126744,
      "rev_growth_yoy_accel": -0.11307909475662037,
      "fcf_margin_change": -0.33486994983537166
    }
  ],
  "signals": [
    {
      "quarter": "2025-12 (Q4)",
      "signal": "YoY REVENUE GROWTH DECELERATION",
      "detail": "YoY growth: +42.6% vs prior quarter YoY: +53.9% (decel: -11.3%)",
      "severity": "WARNING"
    },
    {
      "quarter": "2025-09 (Q3)",
      "signal": "FCF MARGIN EXPANSION",
      "detail": "FCF margin: +19.8% -> +50.2% (+30.4%)",
      "severity": "MEDIUM"
    },
    {
      "quarter": "2025-09 (Q3)",
      "signal": "YoY REVENUE GROWTH ACCELERATION",
      "detail": "YoY growth: +53.9% vs prior quarter YoY: +37.6% (accel: +16.2%)",
      "severity": "HIGH"
    },
    {
      "quarter": "2025-06 (Q2)",
      "signal": "FCF MARGIN EXPANSION",
      "detail": "FCF margin: +13.1% -> +19.8% (+6.8%)",
      "severity": "MEDIUM"
    },
    {
      "quarter": "2025-06 (Q2)",
      "signal": "YoY REVENUE GROWTH DECELERATION",
      "detail": "YoY growth: +37.6% vs prior quarter YoY: +45.2% (decel: -7.5%)",
      "severity": "WARNING"
    },
    {
      "quarter": "2024-12 (Q4)",
      "signal": "YoY REVENUE GROWTH ACCELERATION",
      "detail": "YoY growth: +44.7% vs prior quarter YoY: +20.4% (accel: +24.3%)",
      "severity": "HIGH"
    },
    {
      "quarter": "2024-09 (Q3)",
      "signal": "FCF MARGIN EXPANSION",
      "detail": "FCF margin: +13.0% -> +32.4% (+19.5%)",
      "severity": "MEDIUM"
    },
    {
      "quarter": "2024-09 (Q3)",
      "signal": "YoY REVENUE GROWTH DECELERATION",
      "detail": "YoY growth: +20.4% vs prior quarter YoY: +36.0% (decel: -15.6%)",
      "severity": "WARNING"
    },
    {
      "quarter": "2024-06 (Q2)",
      "signal": "YoY REVENUE GROWTH ACCELERATION",
      "detail": "YoY growth: +36.0% vs prior quarter YoY: +26.0% (accel: +10.0%)",
      "severity": "MEDIUM"
    },
    {
      "quarter": "2024-03 (Q1)",
      "signal": "FCF TURNED POSITIVE",
      "detail": "FCF margin: -3.3% -> +13.3%",
      "severity": "HIGH"
    },
    {
      "quarter": "2023-12 (Q4)",
      "signal": "YoY REVENUE GROWTH DECELERATION",
      "detail": "YoY growth: +28.1% vs prior quarter YoY: +36.8% (decel: -8.7%)",
      "severity": "WARNING"
    },
    {
      "quarter": "2023-09 (Q3)",
      "signal": "FCF MARGIN EXPANSION",
      "detail": "FCF margin: +7.6% -> +23.1% (+15.4%)",
      "severity": "MEDIUM"
    },
    {
      "quarter": "2023-09 (Q3)",
      "signal": "YoY REVENUE GROWTH ACCELERATION",
      "detail": "YoY growth: +36.8% vs prior quarter YoY: +28.1% (accel: +8.7%)",
      "severity": "MEDIUM"
    },
    {
      "quarter": "2023-06 (Q2)",
      "signal": "YoY REVENUE GROWTH ACCELERATION",
      "detail": "YoY growth: +28.1% vs prior quarter YoY: -10.9% (accel: +39.0%)",
      "severity": "HIGH"
    },
    {
      "quarter": "2022-12 (Q4)",
      "signal": "YoY REVENUE GROWTH DECELERATION",
      "detail": "YoY growth: -8.7% vs prior quarter YoY: +2.5% (decel: -11.2%)",
      "severity": "WARNING"
    },
    {
      "quarter": "2022-09 (Q3)",
      "signal": "FCF MARGIN EXPANSION",
      "detail": "FCF margin: +18.2% -> +31.9% (+13.7%)",
      "severity": "MEDIUM"
    },
    {
      "quarter": "2022-09 (Q3)",
      "signal": "YoY REVENUE GROWTH ACCELERATION",
      "detail": "YoY growth: +2.5% vs prior quarter YoY: -3.7% (accel: +6.2%)",
      "severity": "MEDIUM"
    },
    {
      "quarter": "2022-06 (Q2)",
      "signal": "GROSS MARGIN INFLECTION",
      "detail": "GM: +74.4% -> +73.5% -> +78.0% (reversal +4.5%)",
      "severity": "MEDIUM"
    },
    {
      "quarter": "2022-06 (Q2)",
      "signal": "YoY REVENUE GROWTH DECELERATION",
      "detail": "YoY growth: -3.7% vs prior quarter YoY: +14.8% (decel: -18.5%)",
      "severity": "WARNING"
    },
    {
      "quarter": "2021-09 (Q3)",
      "signal": "GROSS MARGIN INFLECTION",
      "detail": "GM: +72.4% -> +71.0% -> +78.9% (reversal +7.9%)",
      "severity": "HIGH"
    }
  ],
  "data_quality": {
    "n_quarters": 20,
    "coverage": {
      "revenue": [
        20,
        20
      ],
      "gross_profit": [
        20,
        20
      ],
      "op_income": [
        0,
        20
      ],
      "fcf": [
        20,
        20
      ]
    },
    "gaps": [],
    "warnings": [
      "op_income: no data"
    ]
  },
  "market_cap": null,
  "source": "SEC EDGAR",
  "last_updated": "2026-02-13T11:34:28.342241"
}