{
  "ticker": "LMAT",
  "name": "LEMAITRE VASCULAR, INC.",
  "quarters": [
    {
      "date": "2020-12-31T00:00:00",
      "quarter_label": "2020-12 (Q4)",
      "revenue": 37548000,
      "gross_profit": 24402000,
      "operating_income": 9545000,
      "net_income": 7033000,
      "opex": 14857000,
      "cogs": 13146000,
      "rd": 2869000,
      "sga": null,
      "fcf": 14152000,
      "ocf": 14152000,
      "capex": null,
      "gross_margin": 0.6498881431767338,
      "op_margin": 0.2542079471609673,
      "fcf_margin": 0.37690422925322253
    },
    {
      "date": "2021-03-31T00:00:00",
      "quarter_label": "2021-03 (Q1)",
      "revenue": 35883000,
      "gross_profit": 23799000,
      "operating_income": 7945000,
      "net_income": 5929000,
      "opex": 15854000,
      "cogs": 12084000,
      "rd": 2844000,
      "sga": null,
      "fcf": 6074000,
      "ocf": 6074000,
      "capex": null,
      "gross_margin": 0.6632388596271215,
      "op_margin": 0.22141404007468718,
      "fcf_margin": 0.16927235738371932,
      "fcf_margin_change": -0.20763187186950322
    },
    {
      "date": "2021-06-30T00:00:00",
      "quarter_label": "2021-06 (Q2)",
      "revenue": 40670000,
      "gross_profit": 26761000,
      "operating_income": 11106000,
      "net_income": 8299000,
      "opex": 15655000,
      "cogs": 13909000,
      "rd": 2652000,
      "sga": null,
      "fcf": 9897000,
      "ocf": 9897000,
      "capex": null,
      "gross_margin": 0.6580034423407918,
      "op_margin": 0.2730759773789034,
      "fcf_margin": 0.2433489058273912,
      "op_leverage_ratio": Infinity,
      "fcf_margin_change": 0.07407654844367187
    },
    {
      "date": "2021-09-30T00:00:00",
      "quarter_label": "2021-09 (Q3)",
      "revenue": 38368000,
      "gross_profit": 24866000,
      "operating_income": 9073000,
      "net_income": 6504000,
      "opex": 15793000,
      "cogs": 13502000,
      "rd": 2848000,
      "sga": null,
      "fcf": 14075000,
      "ocf": 14075000,
      "capex": null,
      "gross_margin": 0.6480921601334445,
      "op_margin": 0.2364731025854879,
      "fcf_margin": 0.36684216013344456,
      "fcf_margin_change": 0.12349325430605337
    },
    {
      "date": "2021-12-31T00:00:00",
      "quarter_label": "2021-12 (Q4)",
      "revenue": 39503000,
      "gross_profit": 25956000,
      "operating_income": 8301000,
      "net_income": 6175000,
      "opex": 17655000,
      "cogs": 13547000,
      "rd": 3457000,
      "sga": null,
      "fcf": 5056000,
      "ocf": 5056000,
      "capex": null,
      "gross_margin": 0.6570640204541427,
      "op_margin": 0.21013593904260436,
      "fcf_margin": 0.1279902792192998,
      "incr_op_margin_yoy": -0.6363171355498721,
      "rev_growth_yoy": 0.05206668797272824,
      "op_leverage_ratio": 0.2509063535536685,
      "fcf_margin_change": -0.23885188091414475
    },
    {
      "date": "2022-03-31T00:00:00",
      "quarter_label": "2022-03 (Q1)",
      "revenue": 39561000,
      "gross_profit": 25962000,
      "operating_income": 7928000,
      "net_income": 6038000,
      "opex": 18034000,
      "cogs": 13599000,
      "rd": 2932000,
      "sga": null,
      "fcf": 4711000,
      "ocf": 4711000,
      "capex": null,
      "gross_margin": 0.6562523697580951,
      "op_margin": 0.2003993832309598,
      "fcf_margin": 0.11908192411718611,
      "incr_op_margin_yoy": -0.004622077215878194,
      "rev_growth_yoy": 0.10249979098737563,
      "rev_growth_yoy_accel": 0.050433103014647394,
      "fcf_margin_change": -0.0089083551021137
    },
    {
      "date": "2022-06-30T00:00:00",
      "quarter_label": "2022-06 (Q2)",
      "revenue": 42108000,
      "gross_profit": 27810000,
      "operating_income": 5784000,
      "net_income": 3515000,
      "opex": 22026000,
      "cogs": 14298000,
      "rd": 3346000,
      "sga": null,
      "fcf": 9248000,
      "ocf": 9248000,
      "capex": null,
      "gross_margin": 0.6604445711028784,
      "op_margin": 0.13736107153035051,
      "fcf_margin": 0.2196257243279187,
      "incr_op_margin_yoy": -3.700973574408901,
      "rev_growth_yoy": 0.03535775756085567,
      "rev_growth_yoy_accel": -0.06714203342651996,
      "op_leverage_ratio": 0.29084608133382106,
      "fcf_margin_change": 0.10054380021073257
    },
    {
      "date": "2022-09-30T00:00:00",
      "quarter_label": "2022-09 (Q3)",
      "revenue": 39028000,
      "gross_profit": 25070000,
      "operating_income": 6150000,
      "net_income": 5456000,
      "opex": 18920000,
      "cogs": 13958000,
      "rd": 3462000,
      "sga": null,
      "fcf": 7342000,
      "ocf": 7342000,
      "capex": null,
      "gross_margin": 0.642359331761812,
      "op_margin": 0.1575791739264118,
      "fcf_margin": 0.18812134877523828,
      "rev_growth_yoy": 0.017201834862385322,
      "rev_growth_yoy_accel": -0.01815592269847035,
      "fcf_margin_change": -0.0315043755526804
    },
    {
      "date": "2022-12-31T00:00:00",
      "quarter_label": "2022-12 (Q4)",
      "revenue": 40954000,
      "gross_profit": 26054000,
      "operating_income": 6967000,
      "net_income": 5627000,
      "opex": 19087000,
      "cogs": 14900000,
      "rd": 3554000,
      "sga": null,
      "fcf": 4077000,
      "ocf": 4077000,
      "capex": null,
      "gross_margin": 0.6361771743907799,
      "op_margin": 0.1701176930214387,
      "fcf_margin": 0.09955071543683157,
      "incr_op_margin_yoy": -0.9193659545141282,
      "rev_growth_yoy": 0.03673138748955775,
      "rev_growth_yoy_accel": 0.01952955262717243,
      "op_leverage_ratio": 5.590937628688509,
      "fcf_margin_change": -0.08857063333840672
    },
    {
      "date": "2023-03-31T00:00:00",
      "quarter_label": "2023-03 (Q1)",
      "revenue": 47075000,
      "gross_profit": 30883000,
      "operating_income": 7874000,
      "net_income": 6040000,
      "opex": 23009000,
      "cogs": 16192000,
      "rd": 3875000,
      "sga": null,
      "fcf": 2279000,
      "ocf": 2279000,
      "capex": null,
      "gross_margin": 0.6560382368560808,
      "op_margin": 0.16726500265533722,
      "fcf_margin": 0.04841210833775889,
      "incr_op_margin_yoy": -0.007186585041256322,
      "rev_growth_yoy": 0.18993453148302622,
      "rev_growth_yoy_accel": 0.15320314399346846,
      "op_leverage_ratio": 0.7273712609540383,
      "fcf_margin_change": -0.051138607099072676
    },
    {
      "date": "2023-06-30T00:00:00",
      "quarter_label": "2023-06 (Q2)",
      "revenue": 50115000,
      "gross_profit": 32086000,
      "operating_income": 9452000,
      "net_income": 8098000,
      "opex": 22634000,
      "cogs": 18029000,
      "rd": 4516000,
      "sga": null,
      "fcf": 11903000,
      "ocf": 11903000,
      "capex": null,
      "gross_margin": 0.6402474309089095,
      "op_margin": 0.1886062057268283,
      "fcf_margin": 0.23751371844757058,
      "incr_op_margin_yoy": 0.45809916323217187,
      "rev_growth_yoy": 0.1901538899971502,
      "rev_growth_yoy_accel": 0.00021935851412396845,
      "op_leverage_ratio": Infinity,
      "fcf_margin_change": 0.1891016101098117
    },
    {
      "date": "2023-09-30T00:00:00",
      "quarter_label": "2023-09 (Q3)",
      "revenue": 47411000,
      "gross_profit": 30815000,
      "operating_income": 9180000,
      "net_income": 7502000,
      "opex": 21635000,
      "cogs": 16596000,
      "rd": 4224000,
      "sga": null,
      "fcf": 11823000,
      "ocf": 11823000,
      "capex": null,
      "gross_margin": 0.6499546518740377,
      "op_margin": 0.1936259517833414,
      "fcf_margin": 0.24937250848959103,
      "incr_op_margin_yoy": 0.3614457831325301,
      "rev_growth_yoy": 0.214794506508148,
      "rev_growth_yoy_accel": 0.024640616510997804,
      "fcf_margin_change": 0.01185879004202045
    },
    {
      "date": "2023-12-31T00:00:00",
      "quarter_label": "2023-12 (Q4)",
      "revenue": 48883000,
      "gross_profit": 33265000,
      "operating_income": 10206000,
      "net_income": 8465000,
      "opex": 23059000,
      "cogs": 15618000,
      "rd": 4351000,
      "sga": null,
      "fcf": 10746000,
      "ocf": 10746000,
      "capex": null,
      "gross_margin": 0.6805024241556369,
      "op_margin": 0.20878423991980852,
      "fcf_margin": 0.21983102510075078,
      "incr_op_margin_yoy": 0.408500441417581,
      "rev_growth_yoy": 0.1936074620305709,
      "rev_growth_yoy_accel": -0.021187044477577105,
      "op_leverage_ratio": 0.4717105663858882,
      "fcf_margin_change": -0.029541483388840245
    },
    {
      "date": "2024-03-31T00:00:00",
      "quarter_label": "2024-03 (Q1)",
      "revenue": 53478000,
      "gross_profit": 36665000,
      "operating_income": 11874000,
      "net_income": 9887000,
      "opex": 24791000,
      "cogs": 16813000,
      "rd": 4092000,
      "sga": null,
      "fcf": 5071000,
      "ocf": 5071000,
      "capex": null,
      "gross_margin": 0.6856090354912301,
      "op_margin": 0.22203522944014362,
      "fcf_margin": 0.09482403979206402,
      "incr_op_margin_yoy": 0.6247071685147587,
      "rev_growth_yoy": 0.1360169941582581,
      "rev_growth_yoy_accel": -0.057590467872312784,
      "op_leverage_ratio": 1.2514694321960922,
      "fcf_margin_change": -0.12500698530868676
    },
    {
      "date": "2024-06-30T00:00:00",
      "quarter_label": "2024-06 (Q2)",
      "revenue": 55849000,
      "gross_profit": 38468000,
      "operating_income": 14380000,
      "net_income": 11826000,
      "opex": 24088000,
      "cogs": 17381000,
      "rd": 4284000,
      "sga": null,
      "fcf": 9625000,
      "ocf": 9625000,
      "capex": null,
      "gross_margin": 0.688785833228885,
      "op_margin": 0.25747999068917976,
      "fcf_margin": 0.1723397016956436,
      "incr_op_margin_yoy": 0.8594349494244855,
      "rev_growth_yoy": 0.11441684126509029,
      "rev_growth_yoy_accel": -0.021600152893167815,
      "op_leverage_ratio": Infinity,
      "fcf_margin_change": 0.07751566190357959
    },
    {
      "date": "2024-09-30T00:00:00",
      "quarter_label": "2024-09 (Q3)",
      "revenue": 54819000,
      "gross_profit": 37178000,
      "operating_income": 13148000,
      "net_income": 11141000,
      "opex": 24030000,
      "cogs": 17641000,
      "rd": 3656000,
      "sga": null,
      "fcf": 14246000,
      "ocf": 14246000,
      "capex": null,
      "gross_margin": 0.6781955161531585,
      "op_margin": 0.23984384976011966,
      "fcf_margin": 0.25987340155785404,
      "incr_op_margin_yoy": 0.5356371490280778,
      "rev_growth_yoy": 0.15625065912973782,
      "rev_growth_yoy_accel": 0.04183381786464753,
      "fcf_margin_change": 0.08753369986221043
    },
    {
      "date": "2024-12-31T00:00:00",
      "quarter_label": "2024-12 (Q4)",
      "revenue": 55717000,
      "gross_profit": 38590000,
      "operating_income": 12854000,
      "net_income": 11184000,
      "opex": 25736000,
      "cogs": 17127000,
      "rd": 3618000,
      "sga": null,
      "fcf": 15182000,
      "ocf": 15182000,
      "capex": null,
      "gross_margin": 0.6926072832349194,
      "op_margin": 0.2307015812050182,
      "fcf_margin": 0.27248416102805245,
      "incr_op_margin_yoy": 0.3874743927421715,
      "rev_growth_yoy": 0.13980320356770248,
      "rev_growth_yoy_accel": -0.016447455562035335,
      "op_leverage_ratio": 0.23073845042259605,
      "fcf_margin_change": 0.012610759470198407
    },
    {
      "date": "2025-03-31T00:00:00",
      "quarter_label": "2025-03 (Q1)",
      "revenue": 59871000,
      "gross_profit": 41420000,
      "operating_income": 12626000,
      "net_income": 11011000,
      "opex": 28794000,
      "cogs": 18451000,
      "rd": 4095000,
      "sga": null,
      "fcf": 9039000,
      "ocf": 9039000,
      "capex": null,
      "gross_margin": 0.6918207479414074,
      "op_margin": 0.21088673982395484,
      "fcf_margin": 0.15097459538006713,
      "incr_op_margin_yoy": 0.11762865634287502,
      "rev_growth_yoy": 0.1195444855828565,
      "rev_growth_yoy_accel": -0.020258717984845978,
      "op_leverage_ratio": 0.6274546390556603,
      "fcf_margin_change": -0.12150956564798532
    },
    {
      "date": "2025-06-30T00:00:00",
      "quarter_label": "2025-06 (Q2)",
      "revenue": 64232000,
      "gross_profit": 44974000,
      "operating_income": 16142000,
      "net_income": 13779000,
      "opex": 28832000,
      "cogs": 19258000,
      "rd": 3541000,
      "sga": null,
      "fcf": 20291000,
      "ocf": 20291000,
      "capex": null,
      "gross_margin": 0.7001805953418857,
      "op_margin": 0.2513077593722755,
      "fcf_margin": 0.31590173122431187,
      "incr_op_margin_yoy": 0.21018728378861984,
      "rev_growth_yoy": 0.1501011656430733,
      "rev_growth_yoy_accel": 0.030556680060216793,
      "op_leverage_ratio": 55.19350551053186,
      "fcf_margin_change": 0.16492713584424473
    },
    {
      "date": "2025-09-30T00:00:00",
      "quarter_label": "2025-09 (Q3)",
      "revenue": 61046000,
      "gross_profit": 45955000,
      "operating_income": 20312000,
      "net_income": 17362000,
      "opex": 25643000,
      "cogs": 15091000,
      "rd": 2970000,
      "sga": null,
      "fcf": 28764000,
      "ocf": 28764000,
      "capex": null,
      "gross_margin": 0.7527929757887495,
      "op_margin": 0.33273269337876354,
      "fcf_margin": 0.47118566327032074,
      "incr_op_margin_yoy": 1.1504737433756222,
      "rev_growth_yoy": 0.11359200277276127,
      "rev_growth_yoy_accel": -0.03650916287031203,
      "fcf_margin_change": 0.15528393204600888
    }
  ],
  "signals": [
    {
      "quarter": "2025-09 (Q3)",
      "signal": "FCF MARGIN EXPANSION",
      "detail": "FCF margin: +31.6% -> +47.1% (+15.5%)",
      "severity": "MEDIUM"
    },
    {
      "quarter": "2025-09 (Q3)",
      "signal": "INCREMENTAL MARGIN (YoY)",
      "detail": "YoY Incr OPM: +115.0% vs year-ago OPM: +24.0%",
      "severity": "HIGH"
    },
    {
      "quarter": "2025-06 (Q2)",
      "signal": "FCF MARGIN EXPANSION",
      "detail": "FCF margin: +15.1% -> +31.6% (+16.5%)",
      "severity": "MEDIUM"
    },
    {
      "quarter": "2025-06 (Q2)",
      "signal": "OPERATING LEVERAGE",
      "detail": "Rev growth +7.3% vs OpEx growth +0.1% (leverage: 55.2x)",
      "severity": "MEDIUM"
    },
    {
      "quarter": "2024-12 (Q4)",
      "signal": "INCREMENTAL MARGIN (YoY)",
      "detail": "YoY Incr OPM: +38.7% vs year-ago OPM: +20.9%",
      "severity": "MEDIUM"
    },
    {
      "quarter": "2024-09 (Q3)",
      "signal": "FCF MARGIN EXPANSION",
      "detail": "FCF margin: +17.2% -> +26.0% (+8.8%)",
      "severity": "MEDIUM"
    },
    {
      "quarter": "2024-09 (Q3)",
      "signal": "INCREMENTAL MARGIN (YoY)",
      "detail": "YoY Incr OPM: +53.6% vs year-ago OPM: +19.4%",
      "severity": "HIGH"
    },
    {
      "quarter": "2024-06 (Q2)",
      "signal": "FCF MARGIN EXPANSION",
      "detail": "FCF margin: +9.5% -> +17.2% (+7.8%)",
      "severity": "MEDIUM"
    },
    {
      "quarter": "2024-06 (Q2)",
      "signal": "INCREMENTAL MARGIN (YoY)",
      "detail": "YoY Incr OPM: +85.9% vs year-ago OPM: +18.9%",
      "severity": "HIGH"
    },
    {
      "quarter": "2024-03 (Q1)",
      "signal": "YoY REVENUE GROWTH DECELERATION",
      "detail": "YoY growth: +13.6% vs prior quarter YoY: +19.4% (decel: -5.8%)",
      "severity": "WARNING"
    },
    {
      "quarter": "2024-03 (Q1)",
      "signal": "INCREMENTAL MARGIN (YoY)",
      "detail": "YoY Incr OPM: +62.5% vs year-ago OPM: +16.7%",
      "severity": "HIGH"
    },
    {
      "quarter": "2023-12 (Q4)",
      "signal": "INCREMENTAL MARGIN (YoY)",
      "detail": "YoY Incr OPM: +40.9% vs year-ago OPM: +17.0%",
      "severity": "HIGH"
    },
    {
      "quarter": "2023-09 (Q3)",
      "signal": "INCREMENTAL MARGIN (YoY)",
      "detail": "YoY Incr OPM: +36.1% vs year-ago OPM: +15.8%",
      "severity": "HIGH"
    },
    {
      "quarter": "2023-06 (Q2)",
      "signal": "FCF MARGIN EXPANSION",
      "detail": "FCF margin: +4.8% -> +23.8% (+18.9%)",
      "severity": "MEDIUM"
    },
    {
      "quarter": "2023-06 (Q2)",
      "signal": "INCREMENTAL MARGIN (YoY)",
      "detail": "YoY Incr OPM: +45.8% vs year-ago OPM: +13.7%",
      "severity": "HIGH"
    },
    {
      "quarter": "2023-03 (Q1)",
      "signal": "YoY REVENUE GROWTH ACCELERATION",
      "detail": "YoY growth: +19.0% vs prior quarter YoY: +3.7% (accel: +15.3%)",
      "severity": "HIGH"
    },
    {
      "quarter": "2022-12 (Q4)",
      "signal": "OPERATING LEVERAGE",
      "detail": "Rev growth +4.9% vs OpEx growth +0.9% (leverage: 5.6x)",
      "severity": "MEDIUM"
    },
    {
      "quarter": "2022-06 (Q2)",
      "signal": "FCF MARGIN EXPANSION",
      "detail": "FCF margin: +11.9% -> +22.0% (+10.1%)",
      "severity": "MEDIUM"
    },
    {
      "quarter": "2022-06 (Q2)",
      "signal": "YoY REVENUE GROWTH DECELERATION",
      "detail": "YoY growth: +3.5% vs prior quarter YoY: +10.2% (decel: -6.7%)",
      "severity": "WARNING"
    },
    {
      "quarter": "2022-03 (Q1)",
      "signal": "YoY REVENUE GROWTH ACCELERATION",
      "detail": "YoY growth: +10.2% vs prior quarter YoY: +5.2% (accel: +5.0%)",
      "severity": "MEDIUM"
    },
    {
      "quarter": "2021-09 (Q3)",
      "signal": "FCF MARGIN EXPANSION",
      "detail": "FCF margin: +24.3% -> +36.7% (+12.3%)",
      "severity": "MEDIUM"
    },
    {
      "quarter": "2021-06 (Q2)",
      "signal": "FCF MARGIN EXPANSION",
      "detail": "FCF margin: +16.9% -> +24.3% (+7.4%)",
      "severity": "MEDIUM"
    }
  ],
  "data_quality": {
    "n_quarters": 20,
    "coverage": {
      "revenue": [
        20,
        20
      ],
      "gross_profit": [
        20,
        20
      ],
      "op_income": [
        20,
        20
      ],
      "fcf": [
        20,
        20
      ]
    },
    "gaps": [],
    "warnings": []
  },
  "market_cap": null,
  "source": "SEC EDGAR",
  "last_updated": "2026-02-02T21:38:24.489693"
}