{
  "ticker": "LMND",
  "name": "LEMONADE, INC.",
  "quarters": [
    {
      "date": "2020-12-31T00:00:00",
      "quarter_label": "2020-12 (Q4)",
      "revenue": 20500000,
      "gross_profit": null,
      "operating_income": null,
      "net_income": -33900000,
      "opex": null,
      "cogs": null,
      "rd": 6400000,
      "sga": null,
      "fcf": -22000000,
      "ocf": -20700000,
      "capex": -1300000,
      "gross_margin": null,
      "op_margin": null,
      "fcf_margin": -1.0731707317073171
    },
    {
      "date": "2021-03-31T00:00:00",
      "quarter_label": "2021-03 (Q1)",
      "revenue": 23500000,
      "gross_profit": null,
      "operating_income": null,
      "net_income": -49000000,
      "opex": null,
      "cogs": null,
      "rd": 7100000,
      "sga": null,
      "fcf": -42300000,
      "ocf": -40300000,
      "capex": -2000000,
      "gross_margin": null,
      "op_margin": null,
      "fcf_margin": -1.8,
      "fcf_margin_change": -0.7268292682926829
    },
    {
      "date": "2021-06-30T00:00:00",
      "quarter_label": "2021-06 (Q2)",
      "revenue": 28200000,
      "gross_profit": null,
      "operating_income": null,
      "net_income": -55600000,
      "opex": null,
      "cogs": null,
      "rd": 14000000,
      "sga": null,
      "fcf": -18900000,
      "ocf": -16200000,
      "capex": -2700000,
      "gross_margin": null,
      "op_margin": null,
      "fcf_margin": -0.6702127659574468,
      "fcf_margin_change": 1.1297872340425532
    },
    {
      "date": "2021-09-30T00:00:00",
      "quarter_label": "2021-09 (Q3)",
      "revenue": 35700000,
      "gross_profit": null,
      "operating_income": null,
      "net_income": -66400000,
      "opex": null,
      "cogs": null,
      "rd": 14300000,
      "sga": null,
      "fcf": -40900000,
      "ocf": -38200000,
      "capex": -2700000,
      "gross_margin": null,
      "op_margin": null,
      "fcf_margin": -1.145658263305322,
      "fcf_margin_change": -0.4754454973478752
    },
    {
      "date": "2021-12-31T00:00:00",
      "quarter_label": "2021-12 (Q4)",
      "revenue": 41000000,
      "gross_profit": null,
      "operating_income": null,
      "net_income": -70300000,
      "opex": null,
      "cogs": null,
      "rd": 16400000,
      "sga": null,
      "fcf": -51900000,
      "ocf": -49900000,
      "capex": -2000000,
      "gross_margin": null,
      "op_margin": null,
      "fcf_margin": -1.2658536585365854,
      "rev_growth_yoy": 1.0,
      "fcf_margin_change": -0.12019539523126332
    },
    {
      "date": "2022-03-31T00:00:00",
      "quarter_label": "2022-03 (Q1)",
      "revenue": 44300000,
      "gross_profit": null,
      "operating_income": null,
      "net_income": -74800000,
      "opex": null,
      "cogs": null,
      "rd": 16900000,
      "sga": null,
      "fcf": -42300000,
      "ocf": -39500000,
      "capex": -2800000,
      "gross_margin": null,
      "op_margin": null,
      "fcf_margin": -0.9548532731376975,
      "rev_growth_yoy": 0.8851063829787233,
      "rev_growth_yoy_accel": -0.11489361702127665,
      "fcf_margin_change": 0.31100038539888786
    },
    {
      "date": "2022-06-30T00:00:00",
      "quarter_label": "2022-06 (Q2)",
      "revenue": 50000000,
      "gross_profit": null,
      "operating_income": null,
      "net_income": -67900000,
      "opex": null,
      "cogs": null,
      "rd": 17800000,
      "sga": null,
      "fcf": -42000000,
      "ocf": -40200000,
      "capex": -1800000,
      "gross_margin": null,
      "op_margin": null,
      "fcf_margin": -0.84,
      "rev_growth_yoy": 0.7730496453900709,
      "rev_growth_yoy_accel": -0.11205673758865242,
      "fcf_margin_change": 0.11485327313769755
    },
    {
      "date": "2022-09-30T00:00:00",
      "quarter_label": "2022-09 (Q3)",
      "revenue": 74000000,
      "gross_profit": null,
      "operating_income": null,
      "net_income": -91400000,
      "opex": null,
      "cogs": null,
      "rd": 21400000,
      "sga": null,
      "fcf": -57600000,
      "ocf": -54700000,
      "capex": -2900000,
      "gross_margin": null,
      "op_margin": null,
      "fcf_margin": -0.7783783783783784,
      "rev_growth_yoy": 1.072829131652661,
      "rev_growth_yoy_accel": 0.2997794862625901,
      "fcf_margin_change": 0.06162162162162155
    },
    {
      "date": "2022-12-31T00:00:00",
      "quarter_label": "2022-12 (Q4)",
      "revenue": 88400000,
      "gross_profit": null,
      "operating_income": null,
      "net_income": -63700000,
      "opex": null,
      "cogs": null,
      "rd": 23500000,
      "sga": null,
      "fcf": -31200000,
      "ocf": -28600000,
      "capex": -2600000,
      "gross_margin": null,
      "op_margin": null,
      "fcf_margin": -0.35294117647058826,
      "rev_growth_yoy": 1.1560975609756097,
      "rev_growth_yoy_accel": 0.08326842932294864,
      "fcf_margin_change": 0.42543720190779016
    },
    {
      "date": "2023-03-31T00:00:00",
      "quarter_label": "2023-03 (Q1)",
      "revenue": 95200000,
      "gross_profit": null,
      "operating_income": null,
      "net_income": -65800000,
      "opex": null,
      "cogs": null,
      "rd": 21800000,
      "sga": null,
      "fcf": -49100000,
      "ocf": -46400000,
      "capex": -2700000,
      "gross_margin": null,
      "op_margin": null,
      "fcf_margin": -0.5157563025210085,
      "rev_growth_yoy": 1.1489841986455982,
      "rev_growth_yoy_accel": -0.0071133623300114746,
      "fcf_margin_change": -0.1628151260504202
    },
    {
      "date": "2023-06-30T00:00:00",
      "quarter_label": "2023-06 (Q2)",
      "revenue": 104600000,
      "gross_profit": null,
      "operating_income": null,
      "net_income": -67200000,
      "opex": null,
      "cogs": null,
      "rd": 24100000,
      "sga": null,
      "fcf": -52200000,
      "ocf": -50300000,
      "capex": -1900000,
      "gross_margin": null,
      "op_margin": null,
      "fcf_margin": -0.49904397705544934,
      "rev_growth_yoy": 1.092,
      "rev_growth_yoy_accel": -0.056984198645598116,
      "fcf_margin_change": 0.01671232546555912
    },
    {
      "date": "2023-09-30T00:00:00",
      "quarter_label": "2023-09 (Q3)",
      "revenue": 114500000,
      "gross_profit": null,
      "operating_income": null,
      "net_income": -61500000,
      "opex": null,
      "cogs": null,
      "rd": 21800000,
      "sga": null,
      "fcf": -8500000,
      "ocf": -6300000,
      "capex": -2200000,
      "gross_margin": null,
      "op_margin": null,
      "fcf_margin": -0.07423580786026202,
      "rev_growth_yoy": 0.5472972972972973,
      "rev_growth_yoy_accel": -0.5447027027027028,
      "fcf_margin_change": 0.4248081691951873
    },
    {
      "date": "2023-12-31T00:00:00",
      "quarter_label": "2023-12 (Q4)",
      "revenue": 115500000,
      "gross_profit": null,
      "operating_income": null,
      "net_income": -42400000,
      "opex": null,
      "cogs": null,
      "rd": 21100000,
      "sga": null,
      "fcf": -18500000,
      "ocf": -16100000,
      "capex": -2400000,
      "gross_margin": null,
      "op_margin": null,
      "fcf_margin": -0.16017316017316016,
      "rev_growth_yoy": 0.3065610859728507,
      "rev_growth_yoy_accel": -0.24073621132444656,
      "fcf_margin_change": -0.08593735231289815
    },
    {
      "date": "2024-03-31T00:00:00",
      "quarter_label": "2024-03 (Q1)",
      "revenue": 119100000,
      "gross_profit": null,
      "operating_income": null,
      "net_income": -47300000,
      "opex": null,
      "cogs": null,
      "rd": 20900000,
      "sga": null,
      "fcf": -32300000,
      "ocf": -29800000,
      "capex": -2500000,
      "gross_margin": null,
      "op_margin": null,
      "fcf_margin": -0.27120067170445006,
      "rev_growth_yoy": 0.2510504201680672,
      "rev_growth_yoy_accel": -0.05551066580478348,
      "fcf_margin_change": -0.1110275115312899
    },
    {
      "date": "2024-06-30T00:00:00",
      "quarter_label": "2024-06 (Q2)",
      "revenue": 122000000,
      "gross_profit": null,
      "operating_income": null,
      "net_income": -57200000,
      "opex": null,
      "cogs": null,
      "rd": 21200000,
      "sga": null,
      "fcf": -13200000,
      "ocf": -11700000,
      "capex": -1500000,
      "gross_margin": null,
      "op_margin": null,
      "fcf_margin": -0.10819672131147541,
      "rev_growth_yoy": 0.16634799235181644,
      "rev_growth_yoy_accel": -0.08470242781625079,
      "fcf_margin_change": 0.16300395039297466
    },
    {
      "date": "2024-09-30T00:00:00",
      "quarter_label": "2024-09 (Q3)",
      "revenue": 136600000,
      "gross_profit": null,
      "operating_income": null,
      "net_income": -67700000,
      "opex": null,
      "cogs": null,
      "rd": 21900000,
      "sga": null,
      "fcf": 14100000,
      "ocf": 16300000,
      "capex": -2200000,
      "gross_margin": null,
      "op_margin": null,
      "fcf_margin": 0.10322108345534407,
      "rev_growth_yoy": 0.1930131004366812,
      "rev_growth_yoy_accel": 0.026665108084864775,
      "fcf_margin_change": 0.21141780476681948
    },
    {
      "date": "2024-12-31T00:00:00",
      "quarter_label": "2024-12 (Q4)",
      "revenue": 148800000,
      "gross_profit": null,
      "operating_income": null,
      "net_income": -30000000,
      "opex": null,
      "cogs": null,
      "rd": 21800000,
      "sga": null,
      "fcf": 10600000,
      "ocf": 13800000,
      "capex": -3200000,
      "gross_margin": null,
      "op_margin": null,
      "fcf_margin": 0.07123655913978495,
      "rev_growth_yoy": 0.2883116883116883,
      "rev_growth_yoy_accel": 0.09529858787500708,
      "fcf_margin_change": -0.03198452431555912
    },
    {
      "date": "2025-03-31T00:00:00",
      "quarter_label": "2025-03 (Q1)",
      "revenue": 151200000,
      "gross_profit": null,
      "operating_income": null,
      "net_income": -62400000,
      "opex": null,
      "cogs": null,
      "rd": 22000000,
      "sga": null,
      "fcf": -49500000,
      "ocf": -47200000,
      "capex": -2300000,
      "gross_margin": null,
      "op_margin": null,
      "fcf_margin": -0.3273809523809524,
      "rev_growth_yoy": 0.2695214105793451,
      "rev_growth_yoy_accel": -0.018790277732343208,
      "fcf_margin_change": -0.3986175115207373
    },
    {
      "date": "2025-06-30T00:00:00",
      "quarter_label": "2025-06 (Q2)",
      "revenue": 164100000,
      "gross_profit": null,
      "operating_income": null,
      "net_income": -43900000,
      "opex": null,
      "cogs": null,
      "rd": 22400000,
      "sga": null,
      "fcf": 3400000,
      "ocf": 5500000,
      "capex": -2100000,
      "gross_margin": null,
      "op_margin": null,
      "fcf_margin": 0.020719073735527116,
      "rev_growth_yoy": 0.34508196721311474,
      "rev_growth_yoy_accel": 0.07556055663376965,
      "fcf_margin_change": 0.3481000261164795
    },
    {
      "date": "2025-09-30T00:00:00",
      "quarter_label": "2025-09 (Q3)",
      "revenue": 194500000,
      "gross_profit": null,
      "operating_income": null,
      "net_income": -37500000,
      "opex": null,
      "cogs": null,
      "rd": 24700000,
      "sga": null,
      "fcf": 2600000,
      "ocf": 4500000,
      "capex": -1900000,
      "gross_margin": null,
      "op_margin": null,
      "fcf_margin": 0.013367609254498715,
      "rev_growth_yoy": 0.4238653001464129,
      "rev_growth_yoy_accel": 0.07878333293329814,
      "fcf_margin_change": -0.007351464481028401
    }
  ],
  "signals": [
    {
      "quarter": "2025-09 (Q3)",
      "signal": "YoY REVENUE GROWTH ACCELERATION",
      "detail": "YoY growth: +42.4% vs prior quarter YoY: +34.5% (accel: +7.9%)",
      "severity": "MEDIUM"
    },
    {
      "quarter": "2025-06 (Q2)",
      "signal": "FCF TURNED POSITIVE",
      "detail": "FCF margin: -32.7% -> +2.1%",
      "severity": "HIGH"
    },
    {
      "quarter": "2025-06 (Q2)",
      "signal": "YoY REVENUE GROWTH ACCELERATION",
      "detail": "YoY growth: +34.5% vs prior quarter YoY: +27.0% (accel: +7.6%)",
      "severity": "MEDIUM"
    },
    {
      "quarter": "2024-12 (Q4)",
      "signal": "YoY REVENUE GROWTH ACCELERATION",
      "detail": "YoY growth: +28.8% vs prior quarter YoY: +19.3% (accel: +9.5%)",
      "severity": "MEDIUM"
    },
    {
      "quarter": "2024-09 (Q3)",
      "signal": "FCF TURNED POSITIVE",
      "detail": "FCF margin: -10.8% -> +10.3%",
      "severity": "HIGH"
    },
    {
      "quarter": "2024-06 (Q2)",
      "signal": "FCF MARGIN EXPANSION",
      "detail": "FCF margin: -27.1% -> -10.8% (+16.3%)",
      "severity": "MEDIUM"
    },
    {
      "quarter": "2024-06 (Q2)",
      "signal": "YoY REVENUE GROWTH DECELERATION",
      "detail": "YoY growth: +16.6% vs prior quarter YoY: +25.1% (decel: -8.5%)",
      "severity": "WARNING"
    },
    {
      "quarter": "2024-03 (Q1)",
      "signal": "YoY REVENUE GROWTH DECELERATION",
      "detail": "YoY growth: +25.1% vs prior quarter YoY: +30.7% (decel: -5.6%)",
      "severity": "WARNING"
    },
    {
      "quarter": "2023-12 (Q4)",
      "signal": "YoY REVENUE GROWTH DECELERATION",
      "detail": "YoY growth: +30.7% vs prior quarter YoY: +54.7% (decel: -24.1%)",
      "severity": "WARNING"
    },
    {
      "quarter": "2023-09 (Q3)",
      "signal": "FCF MARGIN EXPANSION",
      "detail": "FCF margin: -49.9% -> -7.4% (+42.5%)",
      "severity": "MEDIUM"
    },
    {
      "quarter": "2023-09 (Q3)",
      "signal": "YoY REVENUE GROWTH DECELERATION",
      "detail": "YoY growth: +54.7% vs prior quarter YoY: +109.2% (decel: -54.5%)",
      "severity": "WARNING"
    },
    {
      "quarter": "2023-06 (Q2)",
      "signal": "YoY REVENUE GROWTH DECELERATION",
      "detail": "YoY growth: +109.2% vs prior quarter YoY: +114.9% (decel: -5.7%)",
      "severity": "WARNING"
    },
    {
      "quarter": "2022-12 (Q4)",
      "signal": "FCF MARGIN EXPANSION",
      "detail": "FCF margin: -77.8% -> -35.3% (+42.5%)",
      "severity": "MEDIUM"
    },
    {
      "quarter": "2022-12 (Q4)",
      "signal": "YoY REVENUE GROWTH ACCELERATION",
      "detail": "YoY growth: +115.6% vs prior quarter YoY: +107.3% (accel: +8.3%)",
      "severity": "MEDIUM"
    },
    {
      "quarter": "2022-09 (Q3)",
      "signal": "FCF MARGIN EXPANSION",
      "detail": "FCF margin: -84.0% -> -77.8% (+6.2%)",
      "severity": "MEDIUM"
    },
    {
      "quarter": "2022-09 (Q3)",
      "signal": "YoY REVENUE GROWTH ACCELERATION",
      "detail": "YoY growth: +107.3% vs prior quarter YoY: +77.3% (accel: +30.0%)",
      "severity": "HIGH"
    },
    {
      "quarter": "2022-06 (Q2)",
      "signal": "FCF MARGIN EXPANSION",
      "detail": "FCF margin: -95.5% -> -84.0% (+11.5%)",
      "severity": "MEDIUM"
    },
    {
      "quarter": "2022-06 (Q2)",
      "signal": "YoY REVENUE GROWTH DECELERATION",
      "detail": "YoY growth: +77.3% vs prior quarter YoY: +88.5% (decel: -11.2%)",
      "severity": "WARNING"
    },
    {
      "quarter": "2022-03 (Q1)",
      "signal": "FCF MARGIN EXPANSION",
      "detail": "FCF margin: -126.6% -> -95.5% (+31.1%)",
      "severity": "MEDIUM"
    },
    {
      "quarter": "2022-03 (Q1)",
      "signal": "YoY REVENUE GROWTH DECELERATION",
      "detail": "YoY growth: +88.5% vs prior quarter YoY: +100.0% (decel: -11.5%)",
      "severity": "WARNING"
    },
    {
      "quarter": "2021-06 (Q2)",
      "signal": "FCF MARGIN EXPANSION",
      "detail": "FCF margin: -180.0% -> -67.0% (+113.0%)",
      "severity": "MEDIUM"
    }
  ],
  "data_quality": {
    "n_quarters": 20,
    "coverage": {
      "revenue": [
        20,
        20
      ],
      "gross_profit": [
        0,
        20
      ],
      "op_income": [
        0,
        20
      ],
      "fcf": [
        20,
        20
      ]
    },
    "gaps": [],
    "warnings": [
      "gross_profit: no data",
      "op_income: no data"
    ]
  },
  "market_cap": null,
  "source": "SEC EDGAR",
  "last_updated": "2026-02-02T20:53:23.339221",
  "sector": "Financial Services",
  "industry": "Insurance - Property & Casualty"
}