{
  "ticker": "LMT",
  "name": "LOCKHEED MARTIN CORPORATION",
  "quarters": [
    {
      "date": "2021-03-28T00:00:00",
      "quarter_label": "2021-03 (Q1)",
      "revenue": 16258000000,
      "gross_profit": 2186000000,
      "operating_income": 2182000000,
      "net_income": 1837000000,
      "opex": 4000000,
      "cogs": 14072000000,
      "rd": null,
      "sga": null,
      "fcf": 1748000000,
      "ocf": 1748000000,
      "capex": null,
      "gross_margin": 0.1344568827654078,
      "op_margin": 0.13421085004305572,
      "fcf_margin": 0.10751629966785582
    },
    {
      "date": "2021-06-27T00:00:00",
      "quarter_label": "2021-06 (Q2)",
      "revenue": 17029000000,
      "gross_profit": 2151000000,
      "operating_income": 2192000000,
      "net_income": 1815000000,
      "opex": -41000000,
      "cogs": 14878000000,
      "rd": null,
      "sga": null,
      "fcf": 1268000000,
      "ocf": 1268000000,
      "capex": null,
      "gross_margin": 0.12631393505197017,
      "op_margin": 0.128721592577368,
      "fcf_margin": 0.07446121322449939,
      "op_leverage_ratio": Infinity,
      "fcf_margin_change": -0.03305508644335643
    },
    {
      "date": "2021-09-26T00:00:00",
      "quarter_label": "2021-09 (Q3)",
      "revenue": 16028000000,
      "gross_profit": 2302000000,
      "operating_income": 2294000000,
      "net_income": 614000000,
      "opex": 8000000,
      "cogs": 13726000000,
      "rd": null,
      "sga": null,
      "fcf": 1937000000,
      "ocf": 1937000000,
      "capex": null,
      "gross_margin": 0.14362365859745446,
      "op_margin": 0.14312453206887946,
      "fcf_margin": 0.12085101073122037,
      "fcf_margin_change": 0.04638979750672098
    },
    {
      "date": "2021-12-31T00:00:00",
      "quarter_label": "2021-12 (Q4)",
      "revenue": 17729000000,
      "gross_profit": 2422000000,
      "operating_income": 2455000000,
      "net_income": 2049000000,
      "opex": -33000000,
      "cogs": 15307000000,
      "rd": null,
      "sga": null,
      "fcf": 4268000000,
      "ocf": 4268000000,
      "capex": null,
      "gross_margin": 0.13661233008065882,
      "op_margin": 0.13847368717919792,
      "fcf_margin": 0.24073551807772575,
      "op_leverage_ratio": Infinity,
      "fcf_margin_change": 0.11988450734650538
    },
    {
      "date": "2022-03-27T00:00:00",
      "quarter_label": "2022-03 (Q1)",
      "revenue": 14964000000,
      "gross_profit": 1909000000,
      "operating_income": 1933000000,
      "net_income": 1733000000,
      "opex": -24000000,
      "cogs": 13055000000,
      "rd": null,
      "sga": null,
      "fcf": 1410000000,
      "ocf": 1410000000,
      "capex": null,
      "gross_margin": 0.12757284148623363,
      "op_margin": 0.12917669072440524,
      "fcf_margin": 0.0942261427425822,
      "incr_op_margin_yoy": 0.19242658423493045,
      "rev_growth_yoy": -0.07959158568089555,
      "fcf_margin_change": -0.14650937533514355
    },
    {
      "date": "2022-06-26T00:00:00",
      "quarter_label": "2022-06 (Q2)",
      "revenue": 15446000000,
      "gross_profit": 1956000000,
      "operating_income": 1963000000,
      "net_income": 309000000,
      "opex": -7000000,
      "cogs": 13490000000,
      "rd": null,
      "sga": null,
      "fcf": 1331000000,
      "ocf": 1331000000,
      "capex": null,
      "gross_margin": 0.12663472743752427,
      "op_margin": 0.1270879192023825,
      "fcf_margin": 0.08617117700375501,
      "incr_op_margin_yoy": 0.14466203411244472,
      "rev_growth_yoy": -0.09295906982206824,
      "rev_growth_yoy_accel": -0.013367484141172684,
      "op_leverage_ratio": Infinity,
      "fcf_margin_change": -0.008054965738827191
    },
    {
      "date": "2022-09-25T00:00:00",
      "quarter_label": "2022-09 (Q3)",
      "revenue": 16583000000,
      "gross_profit": 2120000000,
      "operating_income": 2159000000,
      "net_income": 1778000000,
      "opex": -39000000,
      "cogs": 14463000000,
      "rd": null,
      "sga": null,
      "fcf": 3133000000,
      "ocf": 3133000000,
      "capex": null,
      "gross_margin": 0.12784176566363142,
      "op_margin": 0.13019357173008503,
      "fcf_margin": 0.1889284206717723,
      "incr_op_margin_yoy": -0.24324324324324326,
      "rev_growth_yoy": 0.03462690291989019,
      "rev_growth_yoy_accel": 0.12758597274195843,
      "op_leverage_ratio": 0.016102469895118477,
      "fcf_margin_change": 0.10275724366801728
    },
    {
      "date": "2022-12-31T00:00:00",
      "quarter_label": "2022-12 (Q4)",
      "revenue": 18991000000,
      "gross_profit": 2302000000,
      "operating_income": 2293000000,
      "net_income": 1912000000,
      "opex": 9000000,
      "cogs": 16689000000,
      "rd": null,
      "sga": null,
      "fcf": 1928000000,
      "ocf": 1928000000,
      "capex": null,
      "gross_margin": 0.12121531251645516,
      "op_margin": 0.12074140382286346,
      "fcf_margin": 0.10152177347164447,
      "incr_op_margin_yoy": -0.12836767036450078,
      "rev_growth_yoy": 0.07118280782898076,
      "rev_growth_yoy_accel": 0.03655590490909057,
      "op_leverage_ratio": Infinity,
      "fcf_margin_change": -0.08740664720012782
    },
    {
      "date": "2023-03-26T00:00:00",
      "quarter_label": "2023-03 (Q1)",
      "revenue": 15126000000,
      "gross_profit": 2046000000,
      "operating_income": 2037000000,
      "net_income": 1689000000,
      "opex": 9000000,
      "cogs": 13080000000,
      "rd": null,
      "sga": null,
      "fcf": 1564000000,
      "ocf": 1564000000,
      "capex": null,
      "gross_margin": 0.13526378421261404,
      "op_margin": 0.1346687822292741,
      "fcf_margin": 0.1033981224381859,
      "incr_op_margin_yoy": 0.6419753086419753,
      "rev_growth_yoy": 0.01082598235765838,
      "rev_growth_yoy_accel": -0.06035682547132238,
      "fcf_margin_change": 0.0018763489665414301
    },
    {
      "date": "2023-06-25T00:00:00",
      "quarter_label": "2023-06 (Q2)",
      "revenue": 16693000000,
      "gross_profit": 2090000000,
      "operating_income": 2135000000,
      "net_income": 1681000000,
      "opex": -45000000,
      "cogs": 14603000000,
      "rd": null,
      "sga": null,
      "fcf": 1100000000,
      "ocf": 1100000000,
      "capex": null,
      "gross_margin": 0.12520218055472354,
      "op_margin": 0.1278979212843707,
      "fcf_margin": 0.06589588450248607,
      "incr_op_margin_yoy": 0.13793103448275862,
      "rev_growth_yoy": 0.08073287582545643,
      "rev_growth_yoy_accel": 0.06990689346779805,
      "op_leverage_ratio": Infinity,
      "fcf_margin_change": -0.03750223793569983
    },
    {
      "date": "2023-09-24T00:00:00",
      "quarter_label": "2023-09 (Q3)",
      "revenue": 16878000000,
      "gross_profit": 2048000000,
      "operating_income": 2042000000,
      "net_income": 1684000000,
      "opex": 6000000,
      "cogs": 14830000000,
      "rd": null,
      "sga": null,
      "fcf": 2891000000,
      "ocf": 2891000000,
      "capex": null,
      "gross_margin": 0.12134139116009006,
      "op_margin": 0.12098589880317573,
      "fcf_margin": 0.1712880673065529,
      "incr_op_margin_yoy": -0.39661016949152544,
      "rev_growth_yoy": 0.01778930229753362,
      "rev_growth_yoy_accel": -0.06294357352792282,
      "op_leverage_ratio": Infinity,
      "fcf_margin_change": 0.10539218280406684
    },
    {
      "date": "2023-12-31T00:00:00",
      "quarter_label": "2023-12 (Q4)",
      "revenue": 18874000000,
      "gross_profit": 2295000000,
      "operating_income": 2293000000,
      "net_income": 1866000000,
      "opex": 2000000,
      "cogs": 16579000000,
      "rd": null,
      "sga": null,
      "fcf": 2365000000,
      "ocf": 2365000000,
      "capex": null,
      "gross_margin": 0.1215958461375437,
      "op_margin": 0.12148988025855674,
      "fcf_margin": 0.12530465190208753,
      "incr_op_margin_yoy": -0.0,
      "rev_growth_yoy": -0.0061608130166921175,
      "rev_growth_yoy_accel": -0.023950115314225737,
      "op_leverage_ratio": Infinity,
      "fcf_margin_change": -0.04598341540446538
    },
    {
      "date": "2024-03-31T00:00:00",
      "quarter_label": "2024-03 (Q1)",
      "revenue": 17195000000,
      "gross_profit": 1993000000,
      "operating_income": 2029000000,
      "net_income": 1545000000,
      "opex": -36000000,
      "cogs": 15202000000,
      "rd": null,
      "sga": null,
      "fcf": 1635000000,
      "ocf": 1635000000,
      "capex": null,
      "gross_margin": 0.11590578656586217,
      "op_margin": 0.11799941843559174,
      "fcf_margin": 0.09508578075021809,
      "incr_op_margin_yoy": -0.0038666022232962784,
      "rev_growth_yoy": 0.136784344836705,
      "rev_growth_yoy_accel": 0.14294515785339712,
      "fcf_margin_change": -0.030218871151869442
    },
    {
      "date": "2024-06-30T00:00:00",
      "quarter_label": "2024-06 (Q2)",
      "revenue": 18122000000,
      "gross_profit": 2130000000,
      "operating_income": 2148000000,
      "net_income": 1641000000,
      "opex": -18000000,
      "cogs": 15992000000,
      "rd": null,
      "sga": null,
      "fcf": 1876000000,
      "ocf": 1876000000,
      "capex": null,
      "gross_margin": 0.11753669572894825,
      "op_margin": 0.11852996358017878,
      "fcf_margin": 0.10352058271713939,
      "incr_op_margin_yoy": 0.009097270818754374,
      "rev_growth_yoy": 0.08560474450368417,
      "rev_growth_yoy_accel": -0.05117960033302084,
      "op_leverage_ratio": Infinity,
      "fcf_margin_change": 0.008434801966921299
    },
    {
      "date": "2024-09-29T00:00:00",
      "quarter_label": "2024-09 (Q3)",
      "revenue": 17104000000,
      "gross_profit": 2117000000,
      "operating_income": 2140000000,
      "net_income": 1623000000,
      "opex": -23000000,
      "cogs": 14987000000,
      "rd": null,
      "sga": null,
      "fcf": 2438000000,
      "ocf": 2438000000,
      "capex": null,
      "gross_margin": 0.12377221702525724,
      "op_margin": 0.12511693171188026,
      "fcf_margin": 0.14253975678203928,
      "incr_op_margin_yoy": 0.4336283185840708,
      "rev_growth_yoy": 0.013390212110439625,
      "rev_growth_yoy_accel": -0.07221453239324455,
      "fcf_margin_change": 0.039019174064899895
    },
    {
      "date": "2024-12-31T00:00:00",
      "quarter_label": "2024-12 (Q4)",
      "revenue": 18622000000,
      "gross_profit": 690000000,
      "operating_income": 696000000,
      "net_income": 527000000,
      "opex": -6000000,
      "cogs": 17932000000,
      "rd": null,
      "sga": null,
      "fcf": 1023000000,
      "ocf": 1023000000,
      "capex": null,
      "gross_margin": 0.03705294812587263,
      "op_margin": 0.03737514767479325,
      "fcf_margin": 0.05493502309096767,
      "incr_op_margin_yoy": 6.337301587301587,
      "rev_growth_yoy": -0.013351700752357741,
      "rev_growth_yoy_accel": -0.026741912862797368,
      "op_leverage_ratio": Infinity,
      "fcf_margin_change": -0.0876047336910716
    },
    {
      "date": "2025-03-30T00:00:00",
      "quarter_label": "2025-03 (Q1)",
      "revenue": 17963000000,
      "gross_profit": 2323000000,
      "operating_income": 2372000000,
      "net_income": 1712000000,
      "opex": -49000000,
      "cogs": 15640000000,
      "rd": null,
      "sga": null,
      "fcf": 1409000000,
      "ocf": 1409000000,
      "capex": null,
      "gross_margin": 0.1293213828425096,
      "op_margin": 0.13204921226966543,
      "fcf_margin": 0.07843901352780716,
      "incr_op_margin_yoy": 0.4466145833333333,
      "rev_growth_yoy": 0.04466414655423088,
      "rev_growth_yoy_accel": 0.05801584730658862,
      "fcf_margin_change": 0.02350399043683949
    },
    {
      "date": "2025-06-29T00:00:00",
      "quarter_label": "2025-06 (Q2)",
      "revenue": 18155000000,
      "gross_profit": 734000000,
      "operating_income": 748000000,
      "net_income": 342000000,
      "opex": -14000000,
      "cogs": 17421000000,
      "rd": null,
      "sga": null,
      "fcf": 201000000,
      "ocf": 201000000,
      "capex": null,
      "gross_margin": 0.040429633709721836,
      "op_margin": 0.041200771137427705,
      "fcf_margin": 0.011071330212062793,
      "incr_op_margin_yoy": -42.42424242424242,
      "rev_growth_yoy": 0.001820991060589339,
      "rev_growth_yoy_accel": -0.04284315549364154,
      "op_leverage_ratio": Infinity,
      "fcf_margin_change": -0.06736768331574437
    },
    {
      "date": "2025-09-28T00:00:00",
      "quarter_label": "2025-09 (Q3)",
      "revenue": 18609000000,
      "gross_profit": 2240000000,
      "operating_income": 2280000000,
      "net_income": 1619000000,
      "opex": -40000000,
      "cogs": 16369000000,
      "rd": null,
      "sga": null,
      "fcf": 3728000000,
      "ocf": 3728000000,
      "capex": null,
      "gross_margin": 0.12037186307700574,
      "op_margin": 0.12252136063195228,
      "fcf_margin": 0.2003331721210167,
      "incr_op_margin_yoy": 0.09302325581395349,
      "rev_growth_yoy": 0.0879911131898971,
      "rev_growth_yoy_accel": 0.08617012212930776,
      "op_leverage_ratio": 0.013465245853017817,
      "fcf_margin_change": 0.1892618419089539
    },
    {
      "date": "2025-12-31T00:00:00",
      "quarter_label": "2025-12 (Q4)",
      "revenue": 20321000000,
      "gross_profit": 2322000000,
      "operating_income": 2331000000,
      "net_income": 1344000000,
      "opex": -9000000,
      "cogs": 17999000000,
      "rd": null,
      "sga": null,
      "fcf": 3219000000,
      "ocf": 3219000000,
      "capex": null,
      "gross_margin": 0.11426603021504847,
      "op_margin": 0.11470892180502928,
      "fcf_margin": 0.15840755868313566,
      "incr_op_margin_yoy": 0.9623307828134197,
      "rev_growth_yoy": 0.09123617226935882,
      "rev_growth_yoy_accel": 0.0032450590794617235,
      "op_leverage_ratio": Infinity,
      "fcf_margin_change": -0.04192561343788104
    }
  ],
  "signals": [
    {
      "quarter": "2025-12 (Q4)",
      "signal": "INCREMENTAL MARGIN (YoY)",
      "detail": "YoY Incr OPM: +96.2% vs year-ago OPM: +3.7%",
      "severity": "HIGH"
    },
    {
      "quarter": "2025-09 (Q3)",
      "signal": "FCF MARGIN EXPANSION",
      "detail": "FCF margin: +1.1% -> +20.0% (+18.9%)",
      "severity": "MEDIUM"
    },
    {
      "quarter": "2025-09 (Q3)",
      "signal": "GROSS MARGIN INFLECTION",
      "detail": "GM: +12.9% -> +4.0% -> +12.0% (reversal +8.0%)",
      "severity": "HIGH"
    },
    {
      "quarter": "2025-09 (Q3)",
      "signal": "YoY REVENUE GROWTH ACCELERATION",
      "detail": "YoY growth: +8.8% vs prior quarter YoY: +0.2% (accel: +8.6%)",
      "severity": "MEDIUM"
    },
    {
      "quarter": "2025-03 (Q1)",
      "signal": "GROSS MARGIN INFLECTION",
      "detail": "GM: +12.4% -> +3.7% -> +12.9% (reversal +9.2%)",
      "severity": "HIGH"
    },
    {
      "quarter": "2025-03 (Q1)",
      "signal": "YoY REVENUE GROWTH ACCELERATION",
      "detail": "YoY growth: +4.5% vs prior quarter YoY: -1.3% (accel: +5.8%)",
      "severity": "MEDIUM"
    },
    {
      "quarter": "2025-03 (Q1)",
      "signal": "INCREMENTAL MARGIN (YoY)",
      "detail": "YoY Incr OPM: +44.7% vs year-ago OPM: +11.8%",
      "severity": "HIGH"
    },
    {
      "quarter": "2024-12 (Q4)",
      "signal": "INCREMENTAL MARGIN (YoY)",
      "detail": "YoY Incr OPM: +633.7% vs year-ago OPM: +12.1%",
      "severity": "HIGH"
    },
    {
      "quarter": "2024-09 (Q3)",
      "signal": "YoY REVENUE GROWTH DECELERATION",
      "detail": "YoY growth: +1.3% vs prior quarter YoY: +8.6% (decel: -7.2%)",
      "severity": "WARNING"
    },
    {
      "quarter": "2024-09 (Q3)",
      "signal": "INCREMENTAL MARGIN (YoY)",
      "detail": "YoY Incr OPM: +43.4% vs year-ago OPM: +12.1%",
      "severity": "HIGH"
    },
    {
      "quarter": "2024-06 (Q2)",
      "signal": "YoY REVENUE GROWTH DECELERATION",
      "detail": "YoY growth: +8.6% vs prior quarter YoY: +13.7% (decel: -5.1%)",
      "severity": "WARNING"
    },
    {
      "quarter": "2024-03 (Q1)",
      "signal": "YoY REVENUE GROWTH ACCELERATION",
      "detail": "YoY growth: +13.7% vs prior quarter YoY: -0.6% (accel: +14.3%)",
      "severity": "MEDIUM"
    },
    {
      "quarter": "2023-09 (Q3)",
      "signal": "FCF MARGIN EXPANSION",
      "detail": "FCF margin: +6.6% -> +17.1% (+10.5%)",
      "severity": "MEDIUM"
    },
    {
      "quarter": "2023-09 (Q3)",
      "signal": "YoY REVENUE GROWTH DECELERATION",
      "detail": "YoY growth: +1.8% vs prior quarter YoY: +8.1% (decel: -6.3%)",
      "severity": "WARNING"
    },
    {
      "quarter": "2023-06 (Q2)",
      "signal": "YoY REVENUE GROWTH ACCELERATION",
      "detail": "YoY growth: +8.1% vs prior quarter YoY: +1.1% (accel: +7.0%)",
      "severity": "MEDIUM"
    },
    {
      "quarter": "2023-03 (Q1)",
      "signal": "YoY REVENUE GROWTH DECELERATION",
      "detail": "YoY growth: +1.1% vs prior quarter YoY: +7.1% (decel: -6.0%)",
      "severity": "WARNING"
    },
    {
      "quarter": "2023-03 (Q1)",
      "signal": "INCREMENTAL MARGIN (YoY)",
      "detail": "YoY Incr OPM: +64.2% vs year-ago OPM: +12.9%",
      "severity": "HIGH"
    },
    {
      "quarter": "2022-09 (Q3)",
      "signal": "FCF MARGIN EXPANSION",
      "detail": "FCF margin: +8.6% -> +18.9% (+10.3%)",
      "severity": "MEDIUM"
    },
    {
      "quarter": "2022-09 (Q3)",
      "signal": "YoY REVENUE GROWTH ACCELERATION",
      "detail": "YoY growth: +3.5% vs prior quarter YoY: -9.3% (accel: +12.8%)",
      "severity": "MEDIUM"
    },
    {
      "quarter": "2021-12 (Q4)",
      "signal": "FCF MARGIN EXPANSION",
      "detail": "FCF margin: +12.1% -> +24.1% (+12.0%)",
      "severity": "MEDIUM"
    }
  ],
  "data_quality": {
    "n_quarters": 20,
    "coverage": {
      "revenue": [
        20,
        20
      ],
      "gross_profit": [
        20,
        20
      ],
      "op_income": [
        20,
        20
      ],
      "fcf": [
        20,
        20
      ]
    },
    "gaps": [],
    "warnings": []
  },
  "market_cap": null,
  "source": "SEC EDGAR",
  "last_updated": "2026-02-02T19:47:27.787286"
}