{
  "ticker": "LNC-PD",
  "name": "LINCOLN NATIONAL CORPORATION",
  "quarters": [
    {
      "date": "2020-12-31T00:00:00",
      "quarter_label": "2020-12 (Q4)",
      "revenue": 4135000000,
      "gross_profit": null,
      "operating_income": null,
      "net_income": 143000000,
      "opex": null,
      "cogs": null,
      "rd": null,
      "sga": null,
      "fcf": 193000000,
      "ocf": 193000000,
      "capex": null,
      "gross_margin": null,
      "op_margin": null,
      "fcf_margin": 0.046674727932285366
    },
    {
      "date": "2021-03-31T00:00:00",
      "quarter_label": "2021-03 (Q1)",
      "revenue": 4534000000,
      "gross_profit": null,
      "operating_income": null,
      "net_income": 225000000,
      "opex": null,
      "cogs": null,
      "rd": null,
      "sga": null,
      "fcf": -623000000,
      "ocf": -623000000,
      "capex": null,
      "gross_margin": null,
      "op_margin": null,
      "fcf_margin": -0.13740626378473753,
      "fcf_margin_change": -0.18408099171702288
    },
    {
      "date": "2021-06-30T00:00:00",
      "quarter_label": "2021-06 (Q2)",
      "revenue": 4851000000,
      "gross_profit": null,
      "operating_income": null,
      "net_income": 642000000,
      "opex": null,
      "cogs": null,
      "rd": null,
      "sga": null,
      "fcf": 410000000,
      "ocf": 410000000,
      "capex": null,
      "gross_margin": null,
      "op_margin": null,
      "fcf_margin": 0.08451865594722738,
      "fcf_margin_change": 0.2219249197319649
    },
    {
      "date": "2021-09-30T00:00:00",
      "quarter_label": "2021-09 (Q3)",
      "revenue": 5241000000,
      "gross_profit": null,
      "operating_income": null,
      "net_income": 318000000,
      "opex": null,
      "cogs": null,
      "rd": null,
      "sga": null,
      "fcf": 338000000,
      "ocf": 338000000,
      "capex": null,
      "gross_margin": null,
      "op_margin": null,
      "fcf_margin": 0.06449150925395916,
      "fcf_margin_change": -0.020027146693268216
    },
    {
      "date": "2021-12-31T00:00:00",
      "quarter_label": "2021-12 (Q4)",
      "revenue": 5229000000,
      "gross_profit": null,
      "operating_income": null,
      "net_income": 708000000,
      "opex": null,
      "cogs": null,
      "rd": null,
      "sga": null,
      "fcf": -342000000,
      "ocf": -342000000,
      "capex": null,
      "gross_margin": null,
      "op_margin": null,
      "fcf_margin": -0.06540447504302926,
      "rev_growth_yoy": 0.26457073760580413,
      "fcf_margin_change": -0.12989598429698843
    },
    {
      "date": "2022-03-31T00:00:00",
      "quarter_label": "2022-03 (Q1)",
      "revenue": 4687000000,
      "gross_profit": null,
      "operating_income": null,
      "net_income": 104000000,
      "opex": null,
      "cogs": null,
      "rd": null,
      "sga": null,
      "fcf": 476000000,
      "ocf": 476000000,
      "capex": null,
      "gross_margin": null,
      "op_margin": null,
      "fcf_margin": 0.10155749946660977,
      "rev_growth_yoy": 0.0337450374944861,
      "rev_growth_yoy_accel": -0.23082570011131803,
      "fcf_margin_change": 0.16696197450963904
    },
    {
      "date": "2022-06-30T00:00:00",
      "quarter_label": "2022-06 (Q2)",
      "revenue": 5104000000,
      "gross_profit": null,
      "operating_income": null,
      "net_income": 238000000,
      "opex": null,
      "cogs": null,
      "rd": null,
      "sga": null,
      "fcf": 1889000000,
      "ocf": 1889000000,
      "capex": null,
      "gross_margin": null,
      "op_margin": null,
      "fcf_margin": 0.37010188087774293,
      "rev_growth_yoy": 0.05215419501133787,
      "rev_growth_yoy_accel": 0.018409157516851765,
      "fcf_margin_change": 0.2685443814111331
    },
    {
      "date": "2022-09-30T00:00:00",
      "quarter_label": "2022-09 (Q3)",
      "revenue": 4798000000,
      "gross_profit": null,
      "operating_income": null,
      "net_income": -2574000000,
      "opex": null,
      "cogs": null,
      "rd": null,
      "sga": null,
      "fcf": 650000000,
      "ocf": 650000000,
      "capex": null,
      "gross_margin": null,
      "op_margin": null,
      "fcf_margin": 0.13547311379741558,
      "rev_growth_yoy": -0.08452585384468612,
      "rev_growth_yoy_accel": -0.136680048856024,
      "fcf_margin_change": -0.23462876708032734
    },
    {
      "date": "2022-12-31T00:00:00",
      "quarter_label": "2022-12 (Q4)",
      "revenue": 4222000000,
      "gross_profit": null,
      "operating_income": null,
      "net_income": 21000000,
      "opex": null,
      "cogs": null,
      "rd": null,
      "sga": null,
      "fcf": 594000000,
      "ocf": 594000000,
      "capex": null,
      "gross_margin": null,
      "op_margin": null,
      "fcf_margin": 0.14069161534817623,
      "rev_growth_yoy": -0.19257984318225282,
      "rev_growth_yoy_accel": -0.1080539893375667,
      "fcf_margin_change": 0.005218501550760646
    },
    {
      "date": "2023-03-31T00:00:00",
      "quarter_label": "2023-03 (Q1)",
      "revenue": 3814000000,
      "gross_profit": null,
      "operating_income": null,
      "net_income": -881000000,
      "opex": null,
      "cogs": null,
      "rd": null,
      "sga": null,
      "fcf": -774000000,
      "ocf": -774000000,
      "capex": null,
      "gross_margin": null,
      "op_margin": null,
      "fcf_margin": -0.20293654955427373,
      "rev_growth_yoy": -0.18625986771922337,
      "rev_growth_yoy_accel": 0.0063199754630294536,
      "fcf_margin_change": -0.34362816490244996
    },
    {
      "date": "2023-06-30T00:00:00",
      "quarter_label": "2023-06 (Q2)",
      "revenue": 2929000000,
      "gross_profit": null,
      "operating_income": null,
      "net_income": 511000000,
      "opex": null,
      "cogs": null,
      "rd": null,
      "sga": null,
      "fcf": 522000000,
      "ocf": 522000000,
      "capex": null,
      "gross_margin": null,
      "op_margin": null,
      "fcf_margin": 0.1782178217821782,
      "rev_growth_yoy": -0.42613636363636365,
      "rev_growth_yoy_accel": -0.23987649591714028,
      "fcf_margin_change": 0.3811543713364519
    },
    {
      "date": "2023-09-30T00:00:00",
      "quarter_label": "2023-09 (Q3)",
      "revenue": 4203000000,
      "gross_profit": null,
      "operating_income": null,
      "net_income": 853000000,
      "opex": null,
      "cogs": null,
      "rd": null,
      "sga": null,
      "fcf": 46000000,
      "ocf": 46000000,
      "capex": null,
      "gross_margin": null,
      "op_margin": null,
      "fcf_margin": 0.010944563407090173,
      "rev_growth_yoy": -0.1240100041684035,
      "rev_growth_yoy_accel": 0.3021263594679601,
      "fcf_margin_change": -0.16727325837508802
    },
    {
      "date": "2023-12-31T00:00:00",
      "quarter_label": "2023-12 (Q4)",
      "revenue": 699000000,
      "gross_profit": null,
      "operating_income": null,
      "net_income": -1235000000,
      "opex": null,
      "cogs": null,
      "rd": null,
      "sga": null,
      "fcf": -1868000000,
      "ocf": -1868000000,
      "capex": null,
      "gross_margin": null,
      "op_margin": null,
      "fcf_margin": -2.6723891273247498,
      "rev_growth_yoy": -0.8344386546660351,
      "rev_growth_yoy_accel": -0.7104286504976316,
      "fcf_margin_change": -2.68333369073184
    },
    {
      "date": "2024-03-31T00:00:00",
      "quarter_label": "2024-03 (Q1)",
      "revenue": 4116000000,
      "gross_profit": null,
      "operating_income": null,
      "net_income": 1222000000,
      "opex": null,
      "cogs": null,
      "rd": null,
      "sga": null,
      "fcf": -1343000000,
      "ocf": -1343000000,
      "capex": null,
      "gross_margin": null,
      "op_margin": null,
      "fcf_margin": -0.326287657920311,
      "rev_growth_yoy": 0.07918196119559517,
      "rev_growth_yoy_accel": 0.9136206158616302,
      "fcf_margin_change": 2.346101469404439
    },
    {
      "date": "2024-06-30T00:00:00",
      "quarter_label": "2024-06 (Q2)",
      "revenue": 5153000000,
      "gross_profit": null,
      "operating_income": null,
      "net_income": 895000000,
      "opex": null,
      "cogs": null,
      "rd": null,
      "sga": null,
      "fcf": -859000000,
      "ocf": -859000000,
      "capex": null,
      "gross_margin": null,
      "op_margin": null,
      "fcf_margin": -0.1666990102852707,
      "rev_growth_yoy": 0.7593035165585524,
      "rev_growth_yoy_accel": 0.6801215553629573,
      "fcf_margin_change": 0.1595886476350403
    },
    {
      "date": "2024-09-30T00:00:00",
      "quarter_label": "2024-09 (Q3)",
      "revenue": 4111000000,
      "gross_profit": null,
      "operating_income": null,
      "net_income": -528000000,
      "opex": null,
      "cogs": null,
      "rd": null,
      "sga": null,
      "fcf": -27000000,
      "ocf": -27000000,
      "capex": null,
      "gross_margin": null,
      "op_margin": null,
      "fcf_margin": -0.006567745074191195,
      "rev_growth_yoy": -0.021889126814180346,
      "rev_growth_yoy_accel": -0.7811926433727328,
      "fcf_margin_change": 0.1601312652110795
    },
    {
      "date": "2024-12-31T00:00:00",
      "quarter_label": "2024-12 (Q4)",
      "revenue": 5062000000,
      "gross_profit": null,
      "operating_income": null,
      "net_income": 1687000000,
      "opex": null,
      "cogs": null,
      "rd": null,
      "sga": null,
      "fcf": 222000000,
      "ocf": 222000000,
      "capex": null,
      "gross_margin": null,
      "op_margin": null,
      "fcf_margin": 0.04385618332674832,
      "rev_growth_yoy": 6.241773962804006,
      "rev_growth_yoy_accel": 6.263663089618186,
      "fcf_margin_change": 0.05042392840093952
    },
    {
      "date": "2025-03-31T00:00:00",
      "quarter_label": "2025-03 (Q1)",
      "revenue": 4691000000,
      "gross_profit": null,
      "operating_income": null,
      "net_income": -722000000,
      "opex": null,
      "cogs": null,
      "rd": null,
      "sga": null,
      "fcf": -272000000,
      "ocf": -272000000,
      "capex": null,
      "gross_margin": null,
      "op_margin": null,
      "fcf_margin": -0.05798337241526327,
      "rev_growth_yoy": 0.13969873663751214,
      "rev_growth_yoy_accel": -6.102075226166494,
      "fcf_margin_change": -0.10183955574201159
    },
    {
      "date": "2025-06-30T00:00:00",
      "quarter_label": "2025-06 (Q2)",
      "revenue": 4044000000,
      "gross_profit": null,
      "operating_income": null,
      "net_income": 699000000,
      "opex": null,
      "cogs": null,
      "rd": null,
      "sga": null,
      "fcf": 1013000000,
      "ocf": 1013000000,
      "capex": null,
      "gross_margin": null,
      "op_margin": null,
      "fcf_margin": 0.25049455984174085,
      "rev_growth_yoy": -0.21521443819134484,
      "rev_growth_yoy_accel": -0.354913174828857,
      "fcf_margin_change": 0.30847793225700415
    },
    {
      "date": "2025-09-30T00:00:00",
      "quarter_label": "2025-09 (Q3)",
      "revenue": 4555000000,
      "gross_profit": null,
      "operating_income": null,
      "net_income": 445000000,
      "opex": null,
      "cogs": null,
      "rd": null,
      "sga": null,
      "fcf": -1141000000,
      "ocf": -1141000000,
      "capex": null,
      "gross_margin": null,
      "op_margin": null,
      "fcf_margin": -0.2504939626783754,
      "rev_growth_yoy": 0.10800291899781075,
      "rev_growth_yoy_accel": 0.32321735718915556,
      "fcf_margin_change": -0.5009885225201163
    }
  ],
  "signals": [
    {
      "quarter": "2025-09 (Q3)",
      "signal": "YoY REVENUE GROWTH ACCELERATION",
      "detail": "YoY growth: +10.8% vs prior quarter YoY: -21.5% (accel: +32.3%)",
      "severity": "HIGH"
    },
    {
      "quarter": "2025-06 (Q2)",
      "signal": "FCF TURNED POSITIVE",
      "detail": "FCF margin: -5.8% -> +25.0%",
      "severity": "HIGH"
    },
    {
      "quarter": "2025-06 (Q2)",
      "signal": "YoY REVENUE GROWTH DECELERATION",
      "detail": "YoY growth: -21.5% vs prior quarter YoY: +14.0% (decel: -35.5%)",
      "severity": "WARNING"
    },
    {
      "quarter": "2025-03 (Q1)",
      "signal": "YoY REVENUE GROWTH DECELERATION",
      "detail": "YoY growth: +14.0% vs prior quarter YoY: +624.2% (decel: -610.2%)",
      "severity": "WARNING"
    },
    {
      "quarter": "2024-12 (Q4)",
      "signal": "FCF TURNED POSITIVE",
      "detail": "FCF margin: -0.7% -> +4.4%",
      "severity": "HIGH"
    },
    {
      "quarter": "2024-12 (Q4)",
      "signal": "YoY REVENUE GROWTH ACCELERATION",
      "detail": "YoY growth: +624.2% vs prior quarter YoY: -2.2% (accel: +626.4%)",
      "severity": "HIGH"
    },
    {
      "quarter": "2024-09 (Q3)",
      "signal": "FCF MARGIN EXPANSION",
      "detail": "FCF margin: -16.7% -> -0.7% (+16.0%)",
      "severity": "MEDIUM"
    },
    {
      "quarter": "2024-09 (Q3)",
      "signal": "YoY REVENUE GROWTH DECELERATION",
      "detail": "YoY growth: -2.2% vs prior quarter YoY: +75.9% (decel: -78.1%)",
      "severity": "WARNING"
    },
    {
      "quarter": "2024-06 (Q2)",
      "signal": "FCF MARGIN EXPANSION",
      "detail": "FCF margin: -32.6% -> -16.7% (+16.0%)",
      "severity": "MEDIUM"
    },
    {
      "quarter": "2024-06 (Q2)",
      "signal": "YoY REVENUE GROWTH ACCELERATION",
      "detail": "YoY growth: +75.9% vs prior quarter YoY: +7.9% (accel: +68.0%)",
      "severity": "HIGH"
    },
    {
      "quarter": "2024-03 (Q1)",
      "signal": "FCF MARGIN EXPANSION",
      "detail": "FCF margin: -267.2% -> -32.6% (+234.6%)",
      "severity": "MEDIUM"
    },
    {
      "quarter": "2024-03 (Q1)",
      "signal": "YoY REVENUE GROWTH ACCELERATION",
      "detail": "YoY growth: +7.9% vs prior quarter YoY: -83.4% (accel: +91.4%)",
      "severity": "HIGH"
    },
    {
      "quarter": "2023-12 (Q4)",
      "signal": "YoY REVENUE GROWTH DECELERATION",
      "detail": "YoY growth: -83.4% vs prior quarter YoY: -12.4% (decel: -71.0%)",
      "severity": "WARNING"
    },
    {
      "quarter": "2023-09 (Q3)",
      "signal": "YoY REVENUE GROWTH ACCELERATION",
      "detail": "YoY growth: -12.4% vs prior quarter YoY: -42.6% (accel: +30.2%)",
      "severity": "HIGH"
    },
    {
      "quarter": "2023-06 (Q2)",
      "signal": "FCF TURNED POSITIVE",
      "detail": "FCF margin: -20.3% -> +17.8%",
      "severity": "HIGH"
    },
    {
      "quarter": "2023-06 (Q2)",
      "signal": "YoY REVENUE GROWTH DECELERATION",
      "detail": "YoY growth: -42.6% vs prior quarter YoY: -18.6% (decel: -24.0%)",
      "severity": "WARNING"
    },
    {
      "quarter": "2022-12 (Q4)",
      "signal": "YoY REVENUE GROWTH DECELERATION",
      "detail": "YoY growth: -19.3% vs prior quarter YoY: -8.5% (decel: -10.8%)",
      "severity": "WARNING"
    },
    {
      "quarter": "2022-09 (Q3)",
      "signal": "YoY REVENUE GROWTH DECELERATION",
      "detail": "YoY growth: -8.5% vs prior quarter YoY: +5.2% (decel: -13.7%)",
      "severity": "WARNING"
    },
    {
      "quarter": "2022-06 (Q2)",
      "signal": "FCF MARGIN EXPANSION",
      "detail": "FCF margin: +10.2% -> +37.0% (+26.9%)",
      "severity": "MEDIUM"
    },
    {
      "quarter": "2022-03 (Q1)",
      "signal": "FCF TURNED POSITIVE",
      "detail": "FCF margin: -6.5% -> +10.2%",
      "severity": "HIGH"
    },
    {
      "quarter": "2022-03 (Q1)",
      "signal": "YoY REVENUE GROWTH DECELERATION",
      "detail": "YoY growth: +3.4% vs prior quarter YoY: +26.5% (decel: -23.1%)",
      "severity": "WARNING"
    },
    {
      "quarter": "2021-06 (Q2)",
      "signal": "FCF TURNED POSITIVE",
      "detail": "FCF margin: -13.7% -> +8.5%",
      "severity": "HIGH"
    }
  ],
  "data_quality": {
    "n_quarters": 20,
    "coverage": {
      "revenue": [
        20,
        20
      ],
      "gross_profit": [
        0,
        20
      ],
      "op_income": [
        0,
        20
      ],
      "fcf": [
        20,
        20
      ]
    },
    "gaps": [],
    "warnings": [
      "gross_profit: no data",
      "op_income: no data"
    ]
  },
  "market_cap": null,
  "source": "SEC EDGAR",
  "last_updated": "2026-02-03T01:07:17.123353"
}