{
  "ticker": "LNT",
  "name": "ALLIANT ENERGY CORP",
  "quarters": [
    {
      "date": "2020-12-31T00:00:00",
      "quarter_label": "2020-12 (Q4)",
      "revenue": 817000000,
      "gross_profit": 694000000,
      "operating_income": 112000000,
      "net_income": 66000000,
      "opex": 705000000,
      "cogs": 123000000,
      "rd": null,
      "sga": null,
      "fcf": -366000000,
      "ocf": 65000000,
      "capex": -431000000,
      "gross_margin": 0.8494492044063647,
      "op_margin": 0.13708690330477355,
      "fcf_margin": -0.4479804161566707
    },
    {
      "date": "2021-03-31T00:00:00",
      "quarter_label": "2021-03 (Q1)",
      "revenue": 901000000,
      "gross_profit": 767000000,
      "operating_income": 198000000,
      "net_income": 174000000,
      "opex": 703000000,
      "cogs": 134000000,
      "rd": null,
      "sga": null,
      "fcf": -69000000,
      "ocf": 145000000,
      "capex": -214000000,
      "gross_margin": 0.8512763596004439,
      "op_margin": 0.21975582685904552,
      "fcf_margin": -0.07658157602663707,
      "op_leverage_ratio": Infinity,
      "fcf_margin_change": 0.37139884013003366
    },
    {
      "date": "2021-06-30T00:00:00",
      "quarter_label": "2021-06 (Q2)",
      "revenue": 817000000,
      "gross_profit": 696000000,
      "operating_income": 176000000,
      "net_income": 146000000,
      "opex": 641000000,
      "cogs": 121000000,
      "rd": null,
      "sga": null,
      "fcf": -150000000,
      "ocf": 62000000,
      "capex": -212000000,
      "gross_margin": 0.8518971848225214,
      "op_margin": 0.21542227662178703,
      "fcf_margin": -0.1835985312117503,
      "fcf_margin_change": -0.10701695518511323
    },
    {
      "date": "2021-09-30T00:00:00",
      "quarter_label": "2021-09 (Q3)",
      "revenue": 1024000000,
      "gross_profit": 876000000,
      "operating_income": 289000000,
      "net_income": 259000000,
      "opex": 735000000,
      "cogs": 148000000,
      "rd": null,
      "sga": null,
      "fcf": -76000000,
      "ocf": 270000000,
      "capex": -346000000,
      "gross_margin": 0.85546875,
      "op_margin": 0.2822265625,
      "fcf_margin": -0.07421875,
      "op_leverage_ratio": 1.7277403057371288,
      "fcf_margin_change": 0.1093797812117503
    },
    {
      "date": "2021-12-31T00:00:00",
      "quarter_label": "2021-12 (Q4)",
      "revenue": 927000000,
      "gross_profit": 793000000,
      "operating_income": 132000000,
      "net_income": 95000000,
      "opex": 795000000,
      "cogs": 134000000,
      "rd": null,
      "sga": null,
      "fcf": -292000000,
      "ocf": 105000000,
      "capex": -397000000,
      "gross_margin": 0.8554476806903991,
      "op_margin": 0.1423948220064725,
      "fcf_margin": -0.3149946062567422,
      "incr_op_margin_yoy": 0.18181818181818182,
      "rev_growth_yoy": 0.1346389228886169,
      "fcf_margin_change": -0.2407758562567422
    },
    {
      "date": "2022-03-31T00:00:00",
      "quarter_label": "2022-03 (Q1)",
      "revenue": 1068000000,
      "gross_profit": 930000000,
      "operating_income": 248000000,
      "net_income": 192000000,
      "opex": 820000000,
      "cogs": 138000000,
      "rd": null,
      "sga": null,
      "fcf": -56000000,
      "ocf": 251000000,
      "capex": -307000000,
      "gross_margin": 0.8707865168539326,
      "op_margin": 0.23220973782771537,
      "fcf_margin": -0.052434456928838954,
      "incr_op_margin_yoy": 0.2994011976047904,
      "rev_growth_yoy": 0.1853496115427303,
      "rev_growth_yoy_accel": 0.050710688654113406,
      "op_leverage_ratio": 4.836893203883495,
      "fcf_margin_change": 0.2625601493279032
    },
    {
      "date": "2022-06-30T00:00:00",
      "quarter_label": "2022-06 (Q2)",
      "revenue": 943000000,
      "gross_profit": 810000000,
      "operating_income": 212000000,
      "net_income": 159000000,
      "opex": 731000000,
      "cogs": 133000000,
      "rd": null,
      "sga": null,
      "fcf": -194000000,
      "ocf": 49000000,
      "capex": -243000000,
      "gross_margin": 0.8589607635206787,
      "op_margin": 0.22481442205726404,
      "fcf_margin": -0.20572640509013787,
      "incr_op_margin_yoy": 0.2857142857142857,
      "rev_growth_yoy": 0.15422276621787026,
      "rev_growth_yoy_accel": -0.031126845324860042,
      "fcf_margin_change": -0.15329194816129893
    },
    {
      "date": "2022-09-30T00:00:00",
      "quarter_label": "2022-09 (Q3)",
      "revenue": 1135000000,
      "gross_profit": 978000000,
      "operating_income": 309000000,
      "net_income": 227000000,
      "opex": 826000000,
      "cogs": 157000000,
      "rd": null,
      "sga": null,
      "fcf": -138000000,
      "ocf": 185000000,
      "capex": -323000000,
      "gross_margin": 0.8616740088105727,
      "op_margin": 0.27224669603524226,
      "fcf_margin": -0.12158590308370044,
      "incr_op_margin_yoy": 0.18018018018018017,
      "rev_growth_yoy": 0.1083984375,
      "rev_growth_yoy_accel": -0.04582432871787026,
      "op_leverage_ratio": 1.5666908522632137,
      "fcf_margin_change": 0.08414050200643743
    },
    {
      "date": "2022-12-31T00:00:00",
      "quarter_label": "2022-12 (Q4)",
      "revenue": 1058000000,
      "gross_profit": 913000000,
      "operating_income": 159000000,
      "net_income": 107000000,
      "opex": 899000000,
      "cogs": 145000000,
      "rd": null,
      "sga": null,
      "fcf": -610000000,
      "ocf": 1000000,
      "capex": -611000000,
      "gross_margin": 0.8629489603024575,
      "op_margin": 0.1502835538752363,
      "fcf_margin": -0.5765595463137996,
      "incr_op_margin_yoy": 0.20610687022900764,
      "rev_growth_yoy": 0.1413160733549083,
      "rev_growth_yoy_accel": 0.03291763585490831,
      "fcf_margin_change": -0.45497364323009915
    },
    {
      "date": "2023-03-31T00:00:00",
      "quarter_label": "2023-03 (Q1)",
      "revenue": 1077000000,
      "gross_profit": 931000000,
      "operating_income": 222000000,
      "net_income": 163000000,
      "opex": 855000000,
      "cogs": 146000000,
      "rd": null,
      "sga": null,
      "fcf": -229000000,
      "ocf": 188000000,
      "capex": -417000000,
      "gross_margin": 0.8644382544103992,
      "op_margin": 0.20612813370473537,
      "fcf_margin": -0.21262766945218198,
      "incr_op_margin_yoy": -2.888888888888889,
      "rev_growth_yoy": 0.008426966292134831,
      "rev_growth_yoy_accel": -0.1328891070627735,
      "op_leverage_ratio": Infinity,
      "fcf_margin_change": 0.3639318768616176
    },
    {
      "date": "2023-06-30T00:00:00",
      "quarter_label": "2023-06 (Q2)",
      "revenue": 912000000,
      "gross_profit": 774000000,
      "operating_income": 217000000,
      "net_income": null,
      "opex": 695000000,
      "cogs": 138000000,
      "rd": null,
      "sga": null,
      "fcf": -218000000,
      "ocf": 123000000,
      "capex": -341000000,
      "gross_margin": 0.8486842105263158,
      "op_margin": 0.23793859649122806,
      "fcf_margin": -0.23903508771929824,
      "incr_op_margin_yoy": -0.16129032258064516,
      "rev_growth_yoy": -0.032873806998939555,
      "rev_growth_yoy_accel": -0.041300773291074386,
      "fcf_margin_change": -0.02640741826711626
    },
    {
      "date": "2023-09-30T00:00:00",
      "quarter_label": "2023-09 (Q3)",
      "revenue": 1077000000,
      "gross_profit": 923000000,
      "operating_income": 322000000,
      "net_income": null,
      "opex": 755000000,
      "cogs": 154000000,
      "rd": null,
      "sga": null,
      "fcf": -132000000,
      "ocf": 311000000,
      "capex": -443000000,
      "gross_margin": 0.8570102135561746,
      "op_margin": 0.2989786443825441,
      "fcf_margin": -0.12256267409470752,
      "incr_op_margin_yoy": -0.22413793103448276,
      "rev_growth_yoy": -0.05110132158590308,
      "rev_growth_yoy_accel": -0.018227514586963527,
      "op_leverage_ratio": 2.095668859649123,
      "fcf_margin_change": 0.11647241362459072
    },
    {
      "date": "2023-12-31T00:00:00",
      "quarter_label": "2023-12 (Q4)",
      "revenue": 961000000,
      "gross_profit": 816000000,
      "operating_income": 183000000,
      "net_income": 121000000,
      "opex": 778000000,
      "cogs": 145000000,
      "rd": null,
      "sga": null,
      "fcf": 245000000,
      "ocf": 245000000,
      "capex": null,
      "gross_margin": 0.8491155046826223,
      "op_margin": 0.19042663891779396,
      "fcf_margin": 0.25494276795005205,
      "incr_op_margin_yoy": -0.24742268041237114,
      "rev_growth_yoy": -0.09168241965973535,
      "rev_growth_yoy_accel": -0.04058109807383227,
      "fcf_margin_change": 0.37750544204475955
    },
    {
      "date": "2024-03-31T00:00:00",
      "quarter_label": "2024-03 (Q1)",
      "revenue": 1031000000,
      "gross_profit": 879000000,
      "operating_income": 222000000,
      "net_income": 158000000,
      "opex": 809000000,
      "cogs": 152000000,
      "rd": null,
      "sga": null,
      "fcf": -171000000,
      "ocf": 307000000,
      "capex": -478000000,
      "gross_margin": 0.8525703200775946,
      "op_margin": 0.21532492725509214,
      "fcf_margin": -0.1658583899127061,
      "incr_op_margin_yoy": -0.0,
      "rev_growth_yoy": -0.04271123491179202,
      "rev_growth_yoy_accel": 0.04897118474794333,
      "op_leverage_ratio": 1.828068879863046,
      "fcf_margin_change": -0.4208011578627582
    },
    {
      "date": "2024-06-30T00:00:00",
      "quarter_label": "2024-06 (Q2)",
      "revenue": 894000000,
      "gross_profit": 747000000,
      "operating_income": 130000000,
      "net_income": null,
      "opex": 764000000,
      "cogs": 147000000,
      "rd": null,
      "sga": null,
      "fcf": -137000000,
      "ocf": 255000000,
      "capex": -392000000,
      "gross_margin": 0.8355704697986577,
      "op_margin": 0.14541387024608501,
      "fcf_margin": -0.15324384787472037,
      "incr_op_margin_yoy": 4.833333333333333,
      "rev_growth_yoy": -0.019736842105263157,
      "rev_growth_yoy_accel": 0.02297439280652886,
      "fcf_margin_change": 0.012614542037985732
    },
    {
      "date": "2024-09-30T00:00:00",
      "quarter_label": "2024-09 (Q3)",
      "revenue": 1081000000,
      "gross_profit": 916000000,
      "operating_income": 313000000,
      "net_income": null,
      "opex": 768000000,
      "cogs": 165000000,
      "rd": null,
      "sga": null,
      "fcf": -59000000,
      "ocf": 351000000,
      "capex": -410000000,
      "gross_margin": 0.84736355226642,
      "op_margin": 0.2895467160037003,
      "fcf_margin": -0.0545790934320074,
      "incr_op_margin_yoy": -2.25,
      "rev_growth_yoy": 0.003714020427112349,
      "rev_growth_yoy_accel": 0.023450862532375508,
      "op_leverage_ratio": 39.95190156599552,
      "fcf_margin_change": 0.09866475444271297
    },
    {
      "date": "2024-12-31T00:00:00",
      "quarter_label": "2024-12 (Q4)",
      "revenue": 976000000,
      "gross_profit": 827000000,
      "operating_income": 221000000,
      "net_income": 150000000,
      "opex": 755000000,
      "cogs": 149000000,
      "rd": null,
      "sga": null,
      "fcf": 254000000,
      "ocf": 254000000,
      "capex": null,
      "gross_margin": 0.8473360655737705,
      "op_margin": 0.22643442622950818,
      "fcf_margin": 0.26024590163934425,
      "incr_op_margin_yoy": 2.533333333333333,
      "rev_growth_yoy": 0.015608740894901144,
      "rev_growth_yoy_accel": 0.011894720467788795,
      "fcf_margin_change": 0.31482499507135164
    },
    {
      "date": "2025-03-31T00:00:00",
      "quarter_label": "2025-03 (Q1)",
      "revenue": 1128000000,
      "gross_profit": 970000000,
      "operating_income": 257000000,
      "net_income": 213000000,
      "opex": 871000000,
      "cogs": 158000000,
      "rd": null,
      "sga": null,
      "fcf": -305000000,
      "ocf": 249000000,
      "capex": -554000000,
      "gross_margin": 0.8599290780141844,
      "op_margin": 0.22783687943262412,
      "fcf_margin": -0.2703900709219858,
      "incr_op_margin_yoy": 0.36082474226804123,
      "rev_growth_yoy": 0.09408341416100872,
      "rev_growth_yoy_accel": 0.07847467326610758,
      "op_leverage_ratio": 1.0136376483889205,
      "fcf_margin_change": -0.5306359725613301
    },
    {
      "date": "2025-06-30T00:00:00",
      "quarter_label": "2025-06 (Q2)",
      "revenue": 961000000,
      "gross_profit": 810000000,
      "operating_income": 223000000,
      "net_income": null,
      "opex": 738000000,
      "cogs": 151000000,
      "rd": null,
      "sga": null,
      "fcf": -179000000,
      "ocf": 243000000,
      "capex": -422000000,
      "gross_margin": 0.8428720083246618,
      "op_margin": 0.23204994797086367,
      "fcf_margin": -0.186264308012487,
      "incr_op_margin_yoy": 1.3880597014925373,
      "rev_growth_yoy": 0.07494407158836688,
      "rev_growth_yoy_accel": -0.01913934257264184,
      "fcf_margin_change": 0.0841257629094988
    },
    {
      "date": "2025-09-30T00:00:00",
      "quarter_label": "2025-09 (Q3)",
      "revenue": 1210000000,
      "gross_profit": 1044000000,
      "operating_income": 349000000,
      "net_income": null,
      "opex": 861000000,
      "cogs": 166000000,
      "rd": null,
      "sga": null,
      "fcf": -103000000,
      "ocf": 408000000,
      "capex": -511000000,
      "gross_margin": 0.8628099173553719,
      "op_margin": 0.2884297520661157,
      "fcf_margin": -0.08512396694214876,
      "incr_op_margin_yoy": 0.27906976744186046,
      "rev_growth_yoy": 0.11933395004625347,
      "rev_growth_yoy_accel": 0.044389878457886583,
      "op_leverage_ratio": 1.554630593132154,
      "fcf_margin_change": 0.10114034107033824
    }
  ],
  "signals": [
    {
      "quarter": "2025-09 (Q3)",
      "signal": "FCF MARGIN EXPANSION",
      "detail": "FCF margin: -18.6% -> -8.5% (+10.1%)",
      "severity": "MEDIUM"
    },
    {
      "quarter": "2025-09 (Q3)",
      "signal": "OPERATING LEVERAGE",
      "detail": "Rev growth +25.9% vs OpEx growth +16.7% (leverage: 1.6x)",
      "severity": "MEDIUM"
    },
    {
      "quarter": "2025-06 (Q2)",
      "signal": "FCF MARGIN EXPANSION",
      "detail": "FCF margin: -27.0% -> -18.6% (+8.4%)",
      "severity": "MEDIUM"
    },
    {
      "quarter": "2025-06 (Q2)",
      "signal": "INCREMENTAL MARGIN (YoY)",
      "detail": "YoY Incr OPM: +138.8% vs year-ago OPM: +14.5%",
      "severity": "HIGH"
    },
    {
      "quarter": "2025-03 (Q1)",
      "signal": "YoY REVENUE GROWTH ACCELERATION",
      "detail": "YoY growth: +9.4% vs prior quarter YoY: +1.6% (accel: +7.8%)",
      "severity": "MEDIUM"
    },
    {
      "quarter": "2025-03 (Q1)",
      "signal": "INCREMENTAL MARGIN (YoY)",
      "detail": "YoY Incr OPM: +36.1% vs year-ago OPM: +21.5%",
      "severity": "MEDIUM"
    },
    {
      "quarter": "2024-12 (Q4)",
      "signal": "FCF TURNED POSITIVE",
      "detail": "FCF margin: -5.5% -> +26.0%",
      "severity": "HIGH"
    },
    {
      "quarter": "2024-12 (Q4)",
      "signal": "INCREMENTAL MARGIN (YoY)",
      "detail": "YoY Incr OPM: +253.3% vs year-ago OPM: +19.0%",
      "severity": "HIGH"
    },
    {
      "quarter": "2024-09 (Q3)",
      "signal": "FCF MARGIN EXPANSION",
      "detail": "FCF margin: -15.3% -> -5.5% (+9.9%)",
      "severity": "MEDIUM"
    },
    {
      "quarter": "2024-09 (Q3)",
      "signal": "OPERATING LEVERAGE",
      "detail": "Rev growth +20.9% vs OpEx growth +0.5% (leverage: 40.0x)",
      "severity": "MEDIUM"
    },
    {
      "quarter": "2024-06 (Q2)",
      "signal": "INCREMENTAL MARGIN (YoY)",
      "detail": "YoY Incr OPM: +483.3% vs year-ago OPM: +23.8%",
      "severity": "HIGH"
    },
    {
      "quarter": "2024-03 (Q1)",
      "signal": "OPERATING LEVERAGE",
      "detail": "Rev growth +7.3% vs OpEx growth +4.0% (leverage: 1.8x)",
      "severity": "MEDIUM"
    },
    {
      "quarter": "2023-12 (Q4)",
      "signal": "FCF TURNED POSITIVE",
      "detail": "FCF margin: -12.3% -> +25.5%",
      "severity": "HIGH"
    },
    {
      "quarter": "2023-09 (Q3)",
      "signal": "FCF MARGIN EXPANSION",
      "detail": "FCF margin: -23.9% -> -12.3% (+11.6%)",
      "severity": "MEDIUM"
    },
    {
      "quarter": "2023-09 (Q3)",
      "signal": "OPERATING LEVERAGE",
      "detail": "Rev growth +18.1% vs OpEx growth +8.6% (leverage: 2.1x)",
      "severity": "MEDIUM"
    },
    {
      "quarter": "2023-03 (Q1)",
      "signal": "FCF MARGIN EXPANSION",
      "detail": "FCF margin: -57.7% -> -21.3% (+36.4%)",
      "severity": "MEDIUM"
    },
    {
      "quarter": "2023-03 (Q1)",
      "signal": "YoY REVENUE GROWTH DECELERATION",
      "detail": "YoY growth: +0.8% vs prior quarter YoY: +14.1% (decel: -13.3%)",
      "severity": "WARNING"
    },
    {
      "quarter": "2022-09 (Q3)",
      "signal": "FCF MARGIN EXPANSION",
      "detail": "FCF margin: -20.6% -> -12.2% (+8.4%)",
      "severity": "MEDIUM"
    },
    {
      "quarter": "2022-09 (Q3)",
      "signal": "OPERATING LEVERAGE",
      "detail": "Rev growth +20.4% vs OpEx growth +13.0% (leverage: 1.6x)",
      "severity": "MEDIUM"
    },
    {
      "quarter": "2022-03 (Q1)",
      "signal": "FCF MARGIN EXPANSION",
      "detail": "FCF margin: -31.5% -> -5.2% (+26.3%)",
      "severity": "MEDIUM"
    },
    {
      "quarter": "2022-03 (Q1)",
      "signal": "OPERATING LEVERAGE",
      "detail": "Rev growth +15.2% vs OpEx growth +3.1% (leverage: 4.8x)",
      "severity": "MEDIUM"
    },
    {
      "quarter": "2022-03 (Q1)",
      "signal": "YoY REVENUE GROWTH ACCELERATION",
      "detail": "YoY growth: +18.5% vs prior quarter YoY: +13.5% (accel: +5.1%)",
      "severity": "MEDIUM"
    },
    {
      "quarter": "2021-09 (Q3)",
      "signal": "FCF MARGIN EXPANSION",
      "detail": "FCF margin: -18.4% -> -7.4% (+10.9%)",
      "severity": "MEDIUM"
    },
    {
      "quarter": "2021-09 (Q3)",
      "signal": "OPERATING LEVERAGE",
      "detail": "Rev growth +25.3% vs OpEx growth +14.7% (leverage: 1.7x)",
      "severity": "MEDIUM"
    },
    {
      "quarter": "2021-03 (Q1)",
      "signal": "FCF MARGIN EXPANSION",
      "detail": "FCF margin: -44.8% -> -7.7% (+37.1%)",
      "severity": "MEDIUM"
    }
  ],
  "data_quality": {
    "n_quarters": 20,
    "coverage": {
      "revenue": [
        20,
        20
      ],
      "gross_profit": [
        20,
        20
      ],
      "op_income": [
        20,
        20
      ],
      "fcf": [
        20,
        20
      ]
    },
    "gaps": [],
    "warnings": []
  },
  "market_cap": null,
  "source": "SEC EDGAR",
  "last_updated": "2026-02-02T20:22:10.451375",
  "sector": "Utilities",
  "industry": "Utilities - Regulated Electric"
}