{
  "ticker": "LNZA",
  "name": "LanzaTech Global, Inc.",
  "quarters": [
    {
      "date": "2022-03-31T00:00:00",
      "quarter_label": "2022-03 (Q1)",
      "revenue": 7857000,
      "gross_profit": null,
      "operating_income": -2785272,
      "net_income": -3542722,
      "opex": 24327000,
      "cogs": null,
      "rd": 12361000,
      "sga": 5078000,
      "fcf": -20009000,
      "ocf": -18118000,
      "capex": -1891000,
      "gross_margin": null,
      "op_margin": -0.3544956090110729,
      "fcf_margin": -2.5466463026600485
    },
    {
      "date": "2022-06-30T00:00:00",
      "quarter_label": "2022-06 (Q2)",
      "revenue": 9852000,
      "gross_profit": null,
      "operating_income": -282599,
      "net_income": 3354262,
      "opex": 28973000,
      "cogs": null,
      "rd": 13237000,
      "sga": 7146000,
      "fcf": -27390000,
      "ocf": -24387000,
      "capex": -3003000,
      "gross_margin": null,
      "op_margin": -0.028684429557450264,
      "fcf_margin": -2.7801461632155906,
      "op_leverage_ratio": 1.3295219033333185,
      "fcf_margin_change": -0.23349986055554206
    },
    {
      "date": "2022-09-30T00:00:00",
      "quarter_label": "2022-09 (Q3)",
      "revenue": 8072000,
      "gross_profit": null,
      "operating_income": -1032551,
      "net_income": 1244545,
      "opex": 28704000,
      "cogs": null,
      "rd": 14260000,
      "sga": 7258000,
      "fcf": -30467000,
      "ocf": -28831000,
      "capex": -1636000,
      "gross_margin": null,
      "op_margin": -0.12791761645193261,
      "fcf_margin": -3.7744053518334986,
      "fcf_margin_change": -0.994259188617908
    },
    {
      "date": "2022-12-31T00:00:00",
      "quarter_label": "2022-12 (Q4)",
      "revenue": 11562000,
      "gross_profit": null,
      "operating_income": -2389570,
      "net_income": -2414531,
      "opex": 30938000,
      "cogs": null,
      "rd": 13333000,
      "sga": 7322000,
      "fcf": -17572000,
      "ocf": -13367000,
      "capex": -4205000,
      "gross_margin": null,
      "op_margin": -0.20667445078706106,
      "fcf_margin": -1.5198062618924062,
      "op_leverage_ratio": 5.555248954574452,
      "fcf_margin_change": 2.2545990899410926
    },
    {
      "date": "2023-03-31T00:00:00",
      "quarter_label": "2023-03 (Q1)",
      "revenue": 9646000,
      "gross_profit": null,
      "operating_income": -32522000,
      "net_income": -63312000,
      "opex": 42168000,
      "cogs": null,
      "rd": 16286000,
      "sga": 16835000,
      "fcf": -35177000,
      "ocf": -33810000,
      "capex": -1367000,
      "gross_margin": null,
      "op_margin": -3.3715529753265603,
      "fcf_margin": -3.6467965996267884,
      "incr_op_margin_yoy": -16.621983230855225,
      "rev_growth_yoy": 0.22769504900089094,
      "fcf_margin_change": -2.126990337734382
    },
    {
      "date": "2023-06-30T00:00:00",
      "quarter_label": "2023-06 (Q2)",
      "revenue": 12917000,
      "gross_profit": null,
      "operating_income": -30618000,
      "net_income": -26786000,
      "opex": 43535000,
      "cogs": null,
      "rd": 18908000,
      "sga": 12452000,
      "fcf": -29257000,
      "ocf": -25306000,
      "capex": -3951000,
      "gross_margin": null,
      "op_margin": -2.3703646357513355,
      "fcf_margin": -2.2649996129132153,
      "incr_op_margin_yoy": -9.897357585644372,
      "rev_growth_yoy": 0.3111043442955745,
      "rev_growth_yoy_accel": 0.08340929529468355,
      "op_leverage_ratio": 10.460387551055726,
      "fcf_margin_change": 1.381796986713573
    },
    {
      "date": "2023-09-30T00:00:00",
      "quarter_label": "2023-09 (Q3)",
      "revenue": 19605000,
      "gross_profit": null,
      "operating_income": -24595000,
      "net_income": -25326000,
      "opex": 44200000,
      "cogs": null,
      "rd": 16645000,
      "sga": 11808000,
      "fcf": -24268000,
      "ocf": -22449000,
      "capex": -1819000,
      "gross_margin": null,
      "op_margin": -1.2545269064014282,
      "fcf_margin": -1.2378474878857435,
      "incr_op_margin_yoy": -2.043045955085407,
      "rev_growth_yoy": 1.4287661050545095,
      "rev_growth_yoy_accel": 1.117661760758935,
      "op_leverage_ratio": 33.89623862241343,
      "fcf_margin_change": 1.0271521250274718
    },
    {
      "date": "2023-12-31T00:00:00",
      "quarter_label": "2023-12 (Q4)",
      "revenue": 20463000,
      "gross_profit": null,
      "operating_income": -18645000,
      "net_income": -18674000,
      "opex": 39108000,
      "cogs": null,
      "rd": 16303000,
      "sga": 9343000,
      "fcf": -17147000,
      "ocf": -15731000,
      "capex": -1416000,
      "gross_margin": null,
      "op_margin": -0.9111567218882862,
      "fcf_margin": -0.8379514245223085,
      "incr_op_margin_yoy": -1.8262476126277947,
      "rev_growth_yoy": 0.7698495070057083,
      "rev_growth_yoy_accel": -0.6589165980488012,
      "op_leverage_ratio": Infinity,
      "fcf_margin_change": 0.399896063363435
    },
    {
      "date": "2024-03-31T00:00:00",
      "quarter_label": "2024-03 (Q1)",
      "revenue": 10244000,
      "gross_profit": null,
      "operating_income": -26154000,
      "net_income": -25508000,
      "opex": 36398000,
      "cogs": null,
      "rd": 17061000,
      "sga": 11037000,
      "fcf": -29769000,
      "ocf": -28289000,
      "capex": -1480000,
      "gross_margin": null,
      "op_margin": -2.5531042561499415,
      "fcf_margin": -2.905993752440453,
      "rev_growth_yoy": 0.06199460916442048,
      "rev_growth_yoy_accel": -0.7078548978412879,
      "fcf_margin_change": -2.0680423279181444
    },
    {
      "date": "2024-06-30T00:00:00",
      "quarter_label": "2024-06 (Q2)",
      "revenue": 17375000,
      "gross_profit": null,
      "operating_income": -22802000,
      "net_income": -27799000,
      "opex": 40177000,
      "cogs": null,
      "rd": 21481000,
      "sga": 11747000,
      "fcf": -16441000,
      "ocf": -14653000,
      "capex": -1788000,
      "gross_margin": null,
      "op_margin": -1.3123453237410072,
      "fcf_margin": -0.9462446043165468,
      "incr_op_margin_yoy": 1.753252579632122,
      "rev_growth_yoy": 0.34512657737864827,
      "rev_growth_yoy_accel": 0.2831319682142278,
      "op_leverage_ratio": 6.704733117386936,
      "fcf_margin_change": 1.9597491481239064
    },
    {
      "date": "2024-09-30T00:00:00",
      "quarter_label": "2024-09 (Q3)",
      "revenue": 9943000,
      "gross_profit": null,
      "operating_income": -32957000,
      "net_income": -57431000,
      "opex": 42900000,
      "cogs": null,
      "rd": 22006000,
      "sga": 11452000,
      "fcf": -26731000,
      "ocf": -26442000,
      "capex": -289000,
      "gross_margin": null,
      "op_margin": -3.314593181132455,
      "fcf_margin": -2.688424016896309,
      "incr_op_margin_yoy": 0.8654522873111157,
      "rev_growth_yoy": -0.4928334608518235,
      "rev_growth_yoy_accel": -0.8379600382304717,
      "fcf_margin_change": -1.7421794125797625
    },
    {
      "date": "2024-12-31T00:00:00",
      "quarter_label": "2024-12 (Q4)",
      "revenue": 12030000,
      "gross_profit": null,
      "operating_income": -27020000,
      "net_income": -26993000,
      "opex": 39050000,
      "cogs": null,
      "rd": 16459000,
      "sga": 15745000,
      "fcf": -21431000,
      "ocf": -19676000,
      "capex": -1755000,
      "gross_margin": null,
      "op_margin": -2.2460515378221113,
      "fcf_margin": -1.781463009143807,
      "incr_op_margin_yoy": 0.9931222577967509,
      "rev_growth_yoy": -0.41210966133997945,
      "rev_growth_yoy_accel": 0.08072379951184405,
      "op_leverage_ratio": Infinity,
      "fcf_margin_change": 0.9069610077525021
    },
    {
      "date": "2025-03-31T00:00:00",
      "quarter_label": "2025-03 (Q1)",
      "revenue": 9483000,
      "gross_profit": null,
      "operating_income": -31053000,
      "net_income": -19229000,
      "opex": 40536000,
      "cogs": null,
      "rd": 16494000,
      "sga": 15748000,
      "fcf": -21814000,
      "ocf": -21101000,
      "capex": -713000,
      "gross_margin": null,
      "op_margin": -3.274596646630813,
      "fcf_margin": -2.3003269007697984,
      "rev_growth_yoy": -0.07428738773916439,
      "rev_growth_yoy_accel": 0.33782227360081507,
      "fcf_margin_change": -0.5188638916259913
    },
    {
      "date": "2025-06-30T00:00:00",
      "quarter_label": "2025-06 (Q2)",
      "revenue": 9084000,
      "gross_profit": null,
      "operating_income": -32241000,
      "net_income": -32499000,
      "opex": 41325000,
      "cogs": null,
      "rd": 14935000,
      "sga": 19106000,
      "fcf": -21880000,
      "ocf": -21714000,
      "capex": -166000,
      "gross_margin": null,
      "op_margin": -3.549207397622193,
      "fcf_margin": -2.408630559225011,
      "incr_op_margin_yoy": 1.138463394041732,
      "rev_growth_yoy": -0.47717985611510794,
      "rev_growth_yoy_accel": -0.40289246837594356,
      "fcf_margin_change": -0.10830365845521239
    },
    {
      "date": "2025-09-30T00:00:00",
      "quarter_label": "2025-09 (Q3)",
      "revenue": 9279000,
      "gross_profit": null,
      "operating_income": -15657000,
      "net_income": 2861000,
      "opex": 24936000,
      "cogs": null,
      "rd": 10255000,
      "sga": 6740000,
      "fcf": -16045000,
      "ocf": -15877000,
      "capex": -168000,
      "gross_margin": null,
      "op_margin": -1.687358551568057,
      "fcf_margin": -1.729173402306283,
      "rev_growth_yoy": -0.06678064970330887,
      "rev_growth_yoy_accel": 0.41039920641179906,
      "op_leverage_ratio": Infinity,
      "fcf_margin_change": 0.6794571569187278
    }
  ],
  "signals": [
    {
      "quarter": "2025-09 (Q3)",
      "signal": "FCF MARGIN EXPANSION",
      "detail": "FCF margin: -240.9% -> -172.9% (+67.9%)",
      "severity": "MEDIUM"
    },
    {
      "quarter": "2025-09 (Q3)",
      "signal": "YoY REVENUE GROWTH ACCELERATION",
      "detail": "YoY growth: -6.7% vs prior quarter YoY: -47.7% (accel: +41.0%)",
      "severity": "HIGH"
    },
    {
      "quarter": "2025-06 (Q2)",
      "signal": "YoY REVENUE GROWTH DECELERATION",
      "detail": "YoY growth: -47.7% vs prior quarter YoY: -7.4% (decel: -40.3%)",
      "severity": "WARNING"
    },
    {
      "quarter": "2025-03 (Q1)",
      "signal": "YoY REVENUE GROWTH ACCELERATION",
      "detail": "YoY growth: -7.4% vs prior quarter YoY: -41.2% (accel: +33.8%)",
      "severity": "HIGH"
    },
    {
      "quarter": "2024-12 (Q4)",
      "signal": "FCF MARGIN EXPANSION",
      "detail": "FCF margin: -268.8% -> -178.1% (+90.7%)",
      "severity": "MEDIUM"
    },
    {
      "quarter": "2024-12 (Q4)",
      "signal": "YoY REVENUE GROWTH ACCELERATION",
      "detail": "YoY growth: -41.2% vs prior quarter YoY: -49.3% (accel: +8.1%)",
      "severity": "MEDIUM"
    },
    {
      "quarter": "2024-09 (Q3)",
      "signal": "YoY REVENUE GROWTH DECELERATION",
      "detail": "YoY growth: -49.3% vs prior quarter YoY: +34.5% (decel: -83.8%)",
      "severity": "WARNING"
    },
    {
      "quarter": "2024-06 (Q2)",
      "signal": "FCF MARGIN EXPANSION",
      "detail": "FCF margin: -290.6% -> -94.6% (+196.0%)",
      "severity": "MEDIUM"
    },
    {
      "quarter": "2024-06 (Q2)",
      "signal": "OPERATING LEVERAGE",
      "detail": "Rev growth +69.6% vs OpEx growth +10.4% (leverage: 6.7x)",
      "severity": "MEDIUM"
    },
    {
      "quarter": "2024-06 (Q2)",
      "signal": "YoY REVENUE GROWTH ACCELERATION",
      "detail": "YoY growth: +34.5% vs prior quarter YoY: +6.2% (accel: +28.3%)",
      "severity": "HIGH"
    },
    {
      "quarter": "2024-03 (Q1)",
      "signal": "YoY REVENUE GROWTH DECELERATION",
      "detail": "YoY growth: +6.2% vs prior quarter YoY: +77.0% (decel: -70.8%)",
      "severity": "WARNING"
    },
    {
      "quarter": "2023-12 (Q4)",
      "signal": "FCF MARGIN EXPANSION",
      "detail": "FCF margin: -123.8% -> -83.8% (+40.0%)",
      "severity": "MEDIUM"
    },
    {
      "quarter": "2023-12 (Q4)",
      "signal": "YoY REVENUE GROWTH DECELERATION",
      "detail": "YoY growth: +77.0% vs prior quarter YoY: +142.9% (decel: -65.9%)",
      "severity": "WARNING"
    },
    {
      "quarter": "2023-09 (Q3)",
      "signal": "FCF MARGIN EXPANSION",
      "detail": "FCF margin: -226.5% -> -123.8% (+102.7%)",
      "severity": "MEDIUM"
    },
    {
      "quarter": "2023-09 (Q3)",
      "signal": "OPERATING LEVERAGE",
      "detail": "Rev growth +51.8% vs OpEx growth +1.5% (leverage: 33.9x)",
      "severity": "MEDIUM"
    },
    {
      "quarter": "2023-09 (Q3)",
      "signal": "YoY REVENUE GROWTH ACCELERATION",
      "detail": "YoY growth: +142.9% vs prior quarter YoY: +31.1% (accel: +111.8%)",
      "severity": "HIGH"
    },
    {
      "quarter": "2023-06 (Q2)",
      "signal": "FCF MARGIN EXPANSION",
      "detail": "FCF margin: -364.7% -> -226.5% (+138.2%)",
      "severity": "MEDIUM"
    },
    {
      "quarter": "2023-06 (Q2)",
      "signal": "OPERATING LEVERAGE",
      "detail": "Rev growth +33.9% vs OpEx growth +3.2% (leverage: 10.5x)",
      "severity": "MEDIUM"
    },
    {
      "quarter": "2023-06 (Q2)",
      "signal": "YoY REVENUE GROWTH ACCELERATION",
      "detail": "YoY growth: +31.1% vs prior quarter YoY: +22.8% (accel: +8.3%)",
      "severity": "MEDIUM"
    },
    {
      "quarter": "2022-12 (Q4)",
      "signal": "FCF MARGIN EXPANSION",
      "detail": "FCF margin: -377.4% -> -152.0% (+225.5%)",
      "severity": "MEDIUM"
    },
    {
      "quarter": "2022-12 (Q4)",
      "signal": "OPERATING LEVERAGE",
      "detail": "Rev growth +43.2% vs OpEx growth +7.8% (leverage: 5.6x)",
      "severity": "MEDIUM"
    }
  ],
  "data_quality": {
    "n_quarters": 15,
    "coverage": {
      "revenue": [
        15,
        15
      ],
      "gross_profit": [
        0,
        15
      ],
      "op_income": [
        15,
        15
      ],
      "fcf": [
        15,
        15
      ]
    },
    "gaps": [],
    "warnings": [
      "gross_profit: no data"
    ]
  },
  "market_cap": null,
  "source": "SEC EDGAR",
  "last_updated": "2026-02-02T23:53:26.719404"
}