{
  "ticker": "LOAR",
  "name": "Loar Holdings Inc.",
  "quarters": [
    {
      "date": "2023-03-31T00:00:00",
      "quarter_label": "2023-03 (Q1)",
      "revenue": 74246000,
      "gross_profit": 36035000,
      "operating_income": 17055000,
      "net_income": -7519000,
      "opex": 18980000,
      "cogs": 38211000,
      "rd": null,
      "sga": 18845000,
      "fcf": 3094000,
      "ocf": 3094000,
      "capex": null,
      "gross_margin": 0.48534601190636534,
      "op_margin": 0.2297093446111575,
      "fcf_margin": 0.041672278641273604
    },
    {
      "date": "2023-06-30T00:00:00",
      "quarter_label": "2023-06 (Q2)",
      "revenue": 73989000,
      "gross_profit": 37472000,
      "operating_income": 17628000,
      "net_income": 623000,
      "opex": 19844000,
      "cogs": 36517000,
      "rd": null,
      "sga": 19502000,
      "fcf": -3727000,
      "ocf": -3727000,
      "capex": null,
      "gross_margin": 0.5064536620308424,
      "op_margin": 0.23825163199935126,
      "fcf_margin": -0.050372352647015096,
      "fcf_margin_change": -0.0920446312882887
    },
    {
      "date": "2023-09-30T00:00:00",
      "quarter_label": "2023-09 (Q3)",
      "revenue": 82807000,
      "gross_profit": 40631000,
      "operating_income": 17102000,
      "net_income": 2854000,
      "opex": 23529000,
      "cogs": 42176000,
      "rd": null,
      "sga": 21863000,
      "fcf": 1433000,
      "ocf": 1433000,
      "capex": null,
      "gross_margin": 0.49067107853200814,
      "op_margin": 0.20652843358653253,
      "fcf_margin": 0.01730530027654667,
      "op_leverage_ratio": 0.6417925375353295,
      "fcf_margin_change": 0.06767765292356176
    },
    {
      "date": "2023-12-31T00:00:00",
      "quarter_label": "2023-12 (Q4)",
      "revenue": 86435000,
      "gross_profit": 40126000,
      "operating_income": 17706000,
      "net_income": -573000,
      "opex": 22420000,
      "cogs": 46309000,
      "rd": null,
      "sga": 21931000,
      "fcf": 12013000,
      "ocf": 12013000,
      "capex": null,
      "gross_margin": 0.4642332388500029,
      "op_margin": 0.20484757332099265,
      "fcf_margin": 0.13898305084745763,
      "op_leverage_ratio": Infinity,
      "fcf_margin_change": 0.12167775057091096
    },
    {
      "date": "2024-03-31T00:00:00",
      "quarter_label": "2024-03 (Q1)",
      "revenue": 91844000,
      "gross_profit": 44433000,
      "operating_income": 21357000,
      "net_income": 2249000,
      "opex": 23076000,
      "cogs": 47411000,
      "rd": null,
      "sga": 22900000,
      "fcf": 10813000,
      "ocf": 10813000,
      "capex": null,
      "gross_margin": 0.48378772701537387,
      "op_margin": 0.23253560385000654,
      "fcf_margin": 0.11773224162710684,
      "incr_op_margin_yoy": 0.24445959768155473,
      "rev_growth_yoy": 0.2370228699189182,
      "op_leverage_ratio": 2.1387455256805126,
      "fcf_margin_change": -0.02125080922035079
    },
    {
      "date": "2024-06-30T00:00:00",
      "quarter_label": "2024-06 (Q2)",
      "revenue": 97015000,
      "gross_profit": 47526000,
      "operating_income": 22188000,
      "net_income": 7641000,
      "opex": 25338000,
      "cogs": 49489000,
      "rd": null,
      "sga": 27276000,
      "fcf": 7082000,
      "ocf": 7082000,
      "capex": null,
      "gross_margin": 0.4898830077823017,
      "op_margin": 0.22870690099469154,
      "fcf_margin": 0.07299902076998402,
      "incr_op_margin_yoy": 0.19803700165030835,
      "rev_growth_yoy": 0.3112084228736704,
      "rev_growth_yoy_accel": 0.07418555295475221,
      "op_leverage_ratio": 0.574369906670254,
      "fcf_margin_change": -0.04473322085712282
    },
    {
      "date": "2024-09-30T00:00:00",
      "quarter_label": "2024-09 (Q3)",
      "revenue": 103519000,
      "gross_profit": 52904000,
      "operating_income": 22848000,
      "net_income": 8656000,
      "opex": 30056000,
      "cogs": 50615000,
      "rd": null,
      "sga": 30186000,
      "fcf": 16348000,
      "ocf": 16348000,
      "capex": null,
      "gross_margin": 0.5110559414213816,
      "op_margin": 0.2207131058066635,
      "fcf_margin": 0.15792270018064317,
      "incr_op_margin_yoy": 0.27742371572035535,
      "rev_growth_yoy": 0.25012378180588596,
      "rev_growth_yoy_accel": -0.06108464106778444,
      "op_leverage_ratio": 0.3600443829051752,
      "fcf_margin_change": 0.08492367941065915
    },
    {
      "date": "2024-12-31T00:00:00",
      "quarter_label": "2024-12 (Q4)",
      "revenue": 110441000,
      "gross_profit": 53962000,
      "operating_income": 21239000,
      "net_income": 3685000,
      "opex": 32723000,
      "cogs": 56479000,
      "rd": null,
      "sga": 31893000,
      "fcf": 20728000,
      "ocf": 20728000,
      "capex": null,
      "gross_margin": 0.48860477540044006,
      "op_margin": 0.19231082659519563,
      "fcf_margin": 0.1876839217319655,
      "incr_op_margin_yoy": 0.14717154044822128,
      "rev_growth_yoy": 0.2777347139468965,
      "rev_growth_yoy_accel": 0.02761093214101057,
      "op_leverage_ratio": 0.7535632201443865,
      "fcf_margin_change": 0.029761221551322325
    },
    {
      "date": "2025-03-31T00:00:00",
      "quarter_label": "2025-03 (Q1)",
      "revenue": 114659000,
      "gross_profit": 59706000,
      "operating_income": 26144000,
      "net_income": 15316000,
      "opex": 33562000,
      "cogs": 54953000,
      "rd": null,
      "sga": 33102000,
      "fcf": 28360000,
      "ocf": 28360000,
      "capex": null,
      "gross_margin": 0.520726676492905,
      "op_margin": 0.22801524520534802,
      "fcf_margin": 0.24734211880445495,
      "incr_op_margin_yoy": 0.20981810212579444,
      "rev_growth_yoy": 0.2484103479813597,
      "rev_growth_yoy_accel": -0.029324365965536836,
      "op_leverage_ratio": 1.489592224148416,
      "fcf_margin_change": 0.059658197072489455
    },
    {
      "date": "2025-06-30T00:00:00",
      "quarter_label": "2025-06 (Q2)",
      "revenue": 123123000,
      "gross_profit": 66199000,
      "operating_income": 27317000,
      "net_income": 16713000,
      "opex": 38882000,
      "cogs": 56924000,
      "rd": null,
      "sga": 36898000,
      "fcf": 23803000,
      "ocf": 23803000,
      "capex": null,
      "gross_margin": 0.5376655864460742,
      "op_margin": 0.22186756333097796,
      "fcf_margin": 0.19332699820504698,
      "incr_op_margin_yoy": 0.1964531944231653,
      "rev_growth_yoy": 0.2691130237592125,
      "rev_growth_yoy_accel": 0.020702675777852786,
      "op_leverage_ratio": 0.4656972846650155,
      "fcf_margin_change": -0.05401512059940797
    },
    {
      "date": "2025-09-30T00:00:00",
      "quarter_label": "2025-09 (Q3)",
      "revenue": 126751000,
      "gross_profit": 66778000,
      "operating_income": 29020000,
      "net_income": 27606000,
      "opex": 37758000,
      "cogs": 59973000,
      "rd": null,
      "sga": 35758000,
      "fcf": 29694000,
      "ocf": 29694000,
      "capex": null,
      "gross_margin": 0.5268439696728231,
      "op_margin": 0.22895282877452644,
      "fcf_margin": 0.23427034106239794,
      "incr_op_margin_yoy": 0.265668044077135,
      "rev_growth_yoy": 0.2244225697698007,
      "rev_growth_yoy_accel": -0.044690453989411766,
      "op_leverage_ratio": Infinity,
      "fcf_margin_change": 0.04094334285735096
    }
  ],
  "signals": [
    {
      "quarter": "2025-03 (Q1)",
      "signal": "FCF MARGIN EXPANSION",
      "detail": "FCF margin: +18.8% -> +24.7% (+6.0%)",
      "severity": "MEDIUM"
    },
    {
      "quarter": "2025-03 (Q1)",
      "signal": "GROSS MARGIN INFLECTION",
      "detail": "GM: +51.1% -> +48.9% -> +52.1% (reversal +3.2%)",
      "severity": "MEDIUM"
    },
    {
      "quarter": "2024-09 (Q3)",
      "signal": "FCF MARGIN EXPANSION",
      "detail": "FCF margin: +7.3% -> +15.8% (+8.5%)",
      "severity": "MEDIUM"
    },
    {
      "quarter": "2024-09 (Q3)",
      "signal": "YoY REVENUE GROWTH DECELERATION",
      "detail": "YoY growth: +25.0% vs prior quarter YoY: +31.1% (decel: -6.1%)",
      "severity": "WARNING"
    },
    {
      "quarter": "2024-06 (Q2)",
      "signal": "YoY REVENUE GROWTH ACCELERATION",
      "detail": "YoY growth: +31.1% vs prior quarter YoY: +23.7% (accel: +7.4%)",
      "severity": "MEDIUM"
    },
    {
      "quarter": "2024-03 (Q1)",
      "signal": "OPERATING LEVERAGE",
      "detail": "Rev growth +6.3% vs OpEx growth +2.9% (leverage: 2.1x)",
      "severity": "MEDIUM"
    },
    {
      "quarter": "2023-12 (Q4)",
      "signal": "FCF MARGIN EXPANSION",
      "detail": "FCF margin: +1.7% -> +13.9% (+12.2%)",
      "severity": "MEDIUM"
    },
    {
      "quarter": "2023-09 (Q3)",
      "signal": "FCF TURNED POSITIVE",
      "detail": "FCF margin: -5.0% -> +1.7%",
      "severity": "HIGH"
    }
  ],
  "data_quality": {
    "n_quarters": 11,
    "coverage": {
      "revenue": [
        11,
        11
      ],
      "gross_profit": [
        11,
        11
      ],
      "op_income": [
        11,
        11
      ],
      "fcf": [
        11,
        11
      ]
    },
    "gaps": [],
    "warnings": []
  },
  "market_cap": null,
  "source": "SEC EDGAR",
  "last_updated": "2026-02-02T20:52:57.087860"
}