{
  "ticker": "LOCO",
  "name": "El Pollo Loco Holdings, Inc.",
  "quarters": [
    {
      "date": "2020-12-30T00:00:00",
      "quarter_label": "2020-12 (Q4)",
      "revenue": 110341000,
      "gross_profit": null,
      "operating_income": 8228000,
      "net_income": 5455000,
      "opex": 102113000,
      "cogs": null,
      "rd": null,
      "sga": null,
      "fcf": 4687000,
      "ocf": 7028000,
      "capex": -2341000,
      "gross_margin": null,
      "op_margin": 0.07456883660651979,
      "fcf_margin": 0.04247741093519181
    },
    {
      "date": "2021-03-31T00:00:00",
      "quarter_label": "2021-03 (Q1)",
      "revenue": 107721000,
      "gross_profit": null,
      "operating_income": 6001000,
      "net_income": 3964000,
      "opex": 101720000,
      "cogs": null,
      "rd": null,
      "sga": null,
      "fcf": 2141000,
      "ocf": 7398000,
      "capex": -5257000,
      "gross_margin": null,
      "op_margin": 0.05570872903147947,
      "fcf_margin": 0.01987541890624855,
      "fcf_margin_change": -0.022601992028943262
    },
    {
      "date": "2021-06-30T00:00:00",
      "quarter_label": "2021-06 (Q2)",
      "revenue": 121985000,
      "gross_profit": null,
      "operating_income": 12671000,
      "net_income": 8818000,
      "opex": 109314000,
      "cogs": null,
      "rd": null,
      "sga": null,
      "fcf": 15655000,
      "ocf": 19226000,
      "capex": -3571000,
      "gross_margin": null,
      "op_margin": 0.10387342706070418,
      "fcf_margin": 0.12833545108005082,
      "op_leverage_ratio": 1.7736858953245955,
      "fcf_margin_change": 0.10846003217380226
    },
    {
      "date": "2021-09-29T00:00:00",
      "quarter_label": "2021-09 (Q3)",
      "revenue": 115700000,
      "gross_profit": null,
      "operating_income": 14245000,
      "net_income": 10161000,
      "opex": 101455000,
      "cogs": null,
      "rd": null,
      "sga": null,
      "fcf": 11837000,
      "ocf": 15708000,
      "capex": -3871000,
      "gross_margin": null,
      "op_margin": 0.12312013828867761,
      "fcf_margin": 0.10230769230769231,
      "fcf_margin_change": -0.02602775877235851
    },
    {
      "date": "2021-12-29T00:00:00",
      "quarter_label": "2021-12 (Q4)",
      "revenue": 108957000,
      "gross_profit": null,
      "operating_income": 8418000,
      "net_income": 6178000,
      "opex": 100539000,
      "cogs": null,
      "rd": null,
      "sga": null,
      "fcf": 5425000,
      "ocf": 9767000,
      "capex": -4342000,
      "gross_margin": null,
      "op_margin": 0.07725983644924145,
      "fcf_margin": 0.04979028424057197,
      "incr_op_margin_yoy": -0.13728323699421965,
      "rev_growth_yoy": -0.012542935083060694,
      "fcf_margin_change": -0.05251740806712034
    },
    {
      "date": "2022-03-30T00:00:00",
      "quarter_label": "2022-03 (Q1)",
      "revenue": 110048000,
      "gross_profit": null,
      "operating_income": 3320000,
      "net_income": 2115000,
      "opex": 106728000,
      "cogs": null,
      "rd": null,
      "sga": null,
      "fcf": -6077000,
      "ocf": -2305000,
      "capex": -3772000,
      "gross_margin": null,
      "op_margin": 0.030168653678394882,
      "fcf_margin": -0.055221357952893284,
      "incr_op_margin_yoy": -1.152127202406532,
      "rev_growth_yoy": 0.021602101725754497,
      "rev_growth_yoy_accel": 0.03414503680881519,
      "op_leverage_ratio": 0.16266109523895259,
      "fcf_margin_change": -0.10501164219346526
    },
    {
      "date": "2022-06-29T00:00:00",
      "quarter_label": "2022-06 (Q2)",
      "revenue": 124111000,
      "gross_profit": null,
      "operating_income": 10429000,
      "net_income": 7141000,
      "opex": 113682000,
      "cogs": null,
      "rd": null,
      "sga": null,
      "fcf": 9066000,
      "ocf": 14125000,
      "capex": -5059000,
      "gross_margin": null,
      "op_margin": 0.08402961864782332,
      "fcf_margin": 0.07304751391899188,
      "incr_op_margin_yoy": -1.0545625587958607,
      "rev_growth_yoy": 0.017428372340861583,
      "rev_growth_yoy_accel": -0.004173729384892914,
      "op_leverage_ratio": 1.9612795834513563,
      "fcf_margin_change": 0.12826887187188515
    },
    {
      "date": "2022-09-28T00:00:00",
      "quarter_label": "2022-09 (Q3)",
      "revenue": 119878000,
      "gross_profit": null,
      "operating_income": 6864000,
      "net_income": 5009000,
      "opex": 113014000,
      "cogs": null,
      "rd": null,
      "sga": null,
      "fcf": 5896000,
      "ocf": 10087000,
      "capex": -4191000,
      "gross_margin": null,
      "op_margin": 0.05725821251605799,
      "fcf_margin": 0.04918333639199853,
      "incr_op_margin_yoy": -1.76663475347056,
      "rev_growth_yoy": 0.03611063094209162,
      "rev_growth_yoy_accel": 0.018682258601230035,
      "fcf_margin_change": -0.023864177526993345
    },
    {
      "date": "2022-12-28T00:00:00",
      "quarter_label": "2022-12 (Q4)",
      "revenue": 115922000,
      "gross_profit": null,
      "operating_income": 9507000,
      "net_income": 6536000,
      "opex": 106415000,
      "cogs": null,
      "rd": null,
      "sga": null,
      "fcf": 9747000,
      "ocf": 16642000,
      "capex": -6895000,
      "gross_margin": null,
      "op_margin": 0.08201204258035576,
      "fcf_margin": 0.08408240023464053,
      "incr_op_margin_yoy": 0.1563531945441493,
      "rev_growth_yoy": 0.06392430041208917,
      "rev_growth_yoy_accel": 0.027813669469997554,
      "fcf_margin_change": 0.034899063842642
    },
    {
      "date": "2023-03-29T00:00:00",
      "quarter_label": "2023-03 (Q1)",
      "revenue": 114526000,
      "gross_profit": null,
      "operating_income": 7751000,
      "net_income": 4918000,
      "opex": 106775000,
      "cogs": null,
      "rd": null,
      "sga": null,
      "fcf": -2161000,
      "ocf": 3819000,
      "capex": -5980000,
      "gross_margin": null,
      "op_margin": 0.06767895499711855,
      "fcf_margin": -0.018869077764001187,
      "incr_op_margin_yoy": 0.9895042429656097,
      "rev_growth_yoy": 0.04069133469031695,
      "rev_growth_yoy_accel": -0.02323296572177222,
      "fcf_margin_change": -0.10295147799864171
    },
    {
      "date": "2023-06-28T00:00:00",
      "quarter_label": "2023-06 (Q2)",
      "revenue": 121492000,
      "gross_profit": null,
      "operating_income": 10888000,
      "net_income": 7056000,
      "opex": 110604000,
      "cogs": null,
      "rd": null,
      "sga": null,
      "fcf": 14720000,
      "ocf": 17977000,
      "capex": -3257000,
      "gross_margin": null,
      "op_margin": 0.08961906956836664,
      "fcf_margin": 0.12116024100352286,
      "incr_op_margin_yoy": -0.17525773195876287,
      "rev_growth_yoy": -0.021102077978583687,
      "rev_growth_yoy_accel": -0.061793412668900635,
      "op_leverage_ratio": 1.6961474012771145,
      "fcf_margin_change": 0.14002931876752406
    },
    {
      "date": "2023-09-27T00:00:00",
      "quarter_label": "2023-09 (Q3)",
      "revenue": 120399000,
      "gross_profit": null,
      "operating_income": 13692000,
      "net_income": 9229000,
      "opex": 106707000,
      "cogs": null,
      "rd": null,
      "sga": null,
      "fcf": 4653000,
      "ocf": 10713000,
      "capex": -6060000,
      "gross_margin": null,
      "op_margin": 0.11372187476640172,
      "fcf_margin": 0.03864650038621583,
      "rev_growth_yoy": 0.0043460851866063835,
      "rev_growth_yoy_accel": 0.02544816316519007,
      "fcf_margin_change": -0.08251374061730704
    },
    {
      "date": "2023-12-27T00:00:00",
      "quarter_label": "2023-12 (Q4)",
      "revenue": 112247000,
      "gross_profit": null,
      "operating_income": 7461000,
      "net_income": 4351000,
      "opex": 104786000,
      "cogs": null,
      "rd": null,
      "sga": null,
      "fcf": 2144000,
      "ocf": 8179000,
      "capex": -6035000,
      "gross_margin": null,
      "op_margin": 0.06646948248060082,
      "fcf_margin": 0.0191007332044509,
      "incr_op_margin_yoy": 0.556734693877551,
      "rev_growth_yoy": -0.03170235158123566,
      "rev_growth_yoy_accel": -0.03604843676784204,
      "fcf_margin_change": -0.01954576718176493
    },
    {
      "date": "2024-03-27T00:00:00",
      "quarter_label": "2024-03 (Q1)",
      "revenue": 116153000,
      "gross_profit": null,
      "operating_income": 9679000,
      "net_income": 5912000,
      "opex": 106474000,
      "cogs": null,
      "rd": null,
      "sga": null,
      "fcf": 7001000,
      "ocf": 11163000,
      "capex": -4162000,
      "gross_margin": null,
      "op_margin": 0.08332974611073325,
      "fcf_margin": 0.06027394901552263,
      "incr_op_margin_yoy": 1.18500307314075,
      "rev_growth_yoy": 0.01420638108377137,
      "rev_growth_yoy_accel": 0.04590873266500703,
      "op_leverage_ratio": 2.160171920278894,
      "fcf_margin_change": 0.04117321581107174
    },
    {
      "date": "2024-06-26T00:00:00",
      "quarter_label": "2024-06 (Q2)",
      "revenue": 122176000,
      "gross_profit": null,
      "operating_income": 12318000,
      "net_income": 7633000,
      "opex": 109858000,
      "cogs": null,
      "rd": null,
      "sga": null,
      "fcf": 10429000,
      "ocf": 16954000,
      "capex": -6525000,
      "gross_margin": null,
      "op_margin": 0.1008217653221582,
      "fcf_margin": 0.08536046359350445,
      "rev_growth_yoy": 0.005630000329239785,
      "rev_growth_yoy_accel": -0.008576380754531585,
      "op_leverage_ratio": 1.6315321924276163,
      "fcf_margin_change": 0.02508651457798182
    },
    {
      "date": "2024-09-25T00:00:00",
      "quarter_label": "2024-09 (Q3)",
      "revenue": 120395000,
      "gross_profit": null,
      "operating_income": 10137000,
      "net_income": 6186000,
      "opex": 110258000,
      "cogs": null,
      "rd": null,
      "sga": null,
      "fcf": 9138000,
      "ocf": 13029000,
      "capex": -3891000,
      "gross_margin": null,
      "op_margin": 0.08419784874787159,
      "fcf_margin": 0.07590016196685909,
      "rev_growth_yoy": -3.322286729956229e-05,
      "rev_growth_yoy_accel": -0.0056632231965393475,
      "fcf_margin_change": -0.009460301626645365
    },
    {
      "date": "2024-12-25T00:00:00",
      "quarter_label": "2024-12 (Q4)",
      "revenue": 114284000,
      "gross_profit": null,
      "operating_income": 9034000,
      "net_income": 5953000,
      "opex": 105250000,
      "cogs": null,
      "rd": null,
      "sga": null,
      "fcf": 1132000,
      "ocf": 5635000,
      "capex": -4503000,
      "gross_margin": null,
      "op_margin": 0.07904868573028595,
      "fcf_margin": 0.009905148577228658,
      "incr_op_margin_yoy": 0.7722140402552774,
      "rev_growth_yoy": 0.0181474783290422,
      "rev_growth_yoy_accel": 0.018180701196341763,
      "fcf_margin_change": -0.06599501338963043
    },
    {
      "date": "2025-03-26T00:00:00",
      "quarter_label": "2025-03 (Q1)",
      "revenue": 119177000,
      "gross_profit": null,
      "operating_income": 8972000,
      "net_income": 5481000,
      "opex": 110205000,
      "cogs": null,
      "rd": null,
      "sga": null,
      "fcf": 1346000,
      "ocf": 4735000,
      "capex": -3389000,
      "gross_margin": null,
      "op_margin": 0.07528298245466826,
      "fcf_margin": 0.011294125544358392,
      "incr_op_margin_yoy": -0.2337962962962963,
      "rev_growth_yoy": 0.026034626742314017,
      "rev_growth_yoy_accel": 0.007887148413271816,
      "op_leverage_ratio": 0.9094278064019599,
      "fcf_margin_change": 0.001388976967129734
    },
    {
      "date": "2025-06-25T00:00:00",
      "quarter_label": "2025-06 (Q2)",
      "revenue": 125834000,
      "gross_profit": null,
      "operating_income": 11305000,
      "net_income": 7107000,
      "opex": 114529000,
      "cogs": null,
      "rd": null,
      "sga": null,
      "fcf": 9099000,
      "ocf": 14137000,
      "capex": -5038000,
      "gross_margin": null,
      "op_margin": 0.08984058362604701,
      "fcf_margin": 0.0723095506778772,
      "incr_op_margin_yoy": -0.27692728266812466,
      "rev_growth_yoy": 0.029940413829229965,
      "rev_growth_yoy_accel": 0.0039057870869159475,
      "op_leverage_ratio": 1.4236450475946516,
      "fcf_margin_change": 0.061015425133518805
    },
    {
      "date": "2025-09-24T00:00:00",
      "quarter_label": "2025-09 (Q3)",
      "revenue": 121520000,
      "gross_profit": null,
      "operating_income": 11458000,
      "net_income": 7358000,
      "opex": 110062000,
      "cogs": null,
      "rd": null,
      "sga": null,
      "fcf": 9910000,
      "ocf": 15294000,
      "capex": -5384000,
      "gross_margin": null,
      "op_margin": 0.09428900592495063,
      "fcf_margin": 0.08155036208031599,
      "incr_op_margin_yoy": 1.1742222222222223,
      "rev_growth_yoy": 0.009344241870509572,
      "rev_growth_yoy_accel": -0.02059617195872039,
      "fcf_margin_change": 0.009240811402438792
    }
  ],
  "signals": [
    {
      "quarter": "2025-09 (Q3)",
      "signal": "INCREMENTAL MARGIN (YoY)",
      "detail": "YoY Incr OPM: +117.4% vs year-ago OPM: +8.4%",
      "severity": "HIGH"
    },
    {
      "quarter": "2025-06 (Q2)",
      "signal": "FCF MARGIN EXPANSION",
      "detail": "FCF margin: +1.1% -> +7.2% (+6.1%)",
      "severity": "MEDIUM"
    },
    {
      "quarter": "2024-12 (Q4)",
      "signal": "INCREMENTAL MARGIN (YoY)",
      "detail": "YoY Incr OPM: +77.2% vs year-ago OPM: +6.6%",
      "severity": "HIGH"
    },
    {
      "quarter": "2024-06 (Q2)",
      "signal": "OPERATING LEVERAGE",
      "detail": "Rev growth +5.2% vs OpEx growth +3.2% (leverage: 1.6x)",
      "severity": "MEDIUM"
    },
    {
      "quarter": "2024-03 (Q1)",
      "signal": "OPERATING LEVERAGE",
      "detail": "Rev growth +3.5% vs OpEx growth +1.6% (leverage: 2.2x)",
      "severity": "MEDIUM"
    },
    {
      "quarter": "2024-03 (Q1)",
      "signal": "INCREMENTAL MARGIN (YoY)",
      "detail": "YoY Incr OPM: +118.5% vs year-ago OPM: +6.8%",
      "severity": "HIGH"
    },
    {
      "quarter": "2023-12 (Q4)",
      "signal": "INCREMENTAL MARGIN (YoY)",
      "detail": "YoY Incr OPM: +55.7% vs year-ago OPM: +8.2%",
      "severity": "HIGH"
    },
    {
      "quarter": "2023-06 (Q2)",
      "signal": "FCF TURNED POSITIVE",
      "detail": "FCF margin: -1.9% -> +12.1%",
      "severity": "HIGH"
    },
    {
      "quarter": "2023-06 (Q2)",
      "signal": "OPERATING LEVERAGE",
      "detail": "Rev growth +6.1% vs OpEx growth +3.6% (leverage: 1.7x)",
      "severity": "MEDIUM"
    },
    {
      "quarter": "2023-06 (Q2)",
      "signal": "YoY REVENUE GROWTH DECELERATION",
      "detail": "YoY growth: -2.1% vs prior quarter YoY: +4.1% (decel: -6.2%)",
      "severity": "WARNING"
    },
    {
      "quarter": "2023-03 (Q1)",
      "signal": "INCREMENTAL MARGIN (YoY)",
      "detail": "YoY Incr OPM: +99.0% vs year-ago OPM: +3.0%",
      "severity": "HIGH"
    },
    {
      "quarter": "2022-06 (Q2)",
      "signal": "FCF TURNED POSITIVE",
      "detail": "FCF margin: -5.5% -> +7.3%",
      "severity": "HIGH"
    },
    {
      "quarter": "2022-06 (Q2)",
      "signal": "OPERATING LEVERAGE",
      "detail": "Rev growth +12.8% vs OpEx growth +6.5% (leverage: 2.0x)",
      "severity": "MEDIUM"
    },
    {
      "quarter": "2021-06 (Q2)",
      "signal": "FCF MARGIN EXPANSION",
      "detail": "FCF margin: +2.0% -> +12.8% (+10.8%)",
      "severity": "MEDIUM"
    },
    {
      "quarter": "2021-06 (Q2)",
      "signal": "OPERATING LEVERAGE",
      "detail": "Rev growth +13.2% vs OpEx growth +7.5% (leverage: 1.8x)",
      "severity": "MEDIUM"
    }
  ],
  "data_quality": {
    "n_quarters": 20,
    "coverage": {
      "revenue": [
        20,
        20
      ],
      "gross_profit": [
        0,
        20
      ],
      "op_income": [
        20,
        20
      ],
      "fcf": [
        20,
        20
      ]
    },
    "gaps": [],
    "warnings": [
      "gross_profit: no data"
    ]
  },
  "market_cap": null,
  "source": "SEC EDGAR",
  "last_updated": "2026-02-02T22:44:19.926968"
}