{
  "ticker": "LOOP",
  "name": "LOOP INDUSTRIES, INC.",
  "quarters": [
    {
      "date": "2021-02-28T00:00:00",
      "quarter_label": "2021-02 (Q1)",
      "revenue": 0,
      "gross_profit": null,
      "operating_income": null,
      "net_income": -13193492,
      "opex": 13193492,
      "cogs": null,
      "rd": 8182921,
      "sga": null,
      "fcf": -8100669,
      "ocf": -7946385,
      "capex": -154284,
      "gross_margin": null,
      "op_margin": null,
      "fcf_margin": null
    },
    {
      "date": "2021-05-31T00:00:00",
      "quarter_label": "2021-05 (Q2)",
      "revenue": 0,
      "gross_profit": null,
      "operating_income": null,
      "net_income": -12157364,
      "opex": 12157364,
      "cogs": null,
      "rd": 8637905,
      "sga": null,
      "fcf": -17272565,
      "ocf": -12405558,
      "capex": -4867007,
      "gross_margin": null,
      "op_margin": null,
      "fcf_margin": null
    },
    {
      "date": "2021-08-31T00:00:00",
      "quarter_label": "2021-08 (Q3)",
      "revenue": 0,
      "gross_profit": null,
      "operating_income": null,
      "net_income": -8392416,
      "opex": 8392416,
      "cogs": null,
      "rd": 5284797,
      "sga": null,
      "fcf": -10138837,
      "ocf": -9994862,
      "capex": -143975,
      "gross_margin": null,
      "op_margin": null,
      "fcf_margin": null
    },
    {
      "date": "2021-11-30T00:00:00",
      "quarter_label": "2021-11 (Q4)",
      "revenue": 0,
      "gross_profit": null,
      "operating_income": null,
      "net_income": -10098243,
      "opex": 10098243,
      "cogs": null,
      "rd": 6835304,
      "sga": null,
      "fcf": -10440809,
      "ocf": -10429536,
      "capex": -11273,
      "gross_margin": null,
      "op_margin": null,
      "fcf_margin": null
    },
    {
      "date": "2022-02-28T00:00:00",
      "quarter_label": "2022-02 (Q1)",
      "revenue": 0,
      "gross_profit": null,
      "operating_income": null,
      "net_income": -14272933,
      "opex": 14272933,
      "cogs": null,
      "rd": 6978488,
      "sga": null,
      "fcf": -7526297,
      "ocf": -7732705,
      "capex": 206408,
      "gross_margin": null,
      "op_margin": null,
      "fcf_margin": null
    },
    {
      "date": "2022-05-31T00:00:00",
      "quarter_label": "2022-05 (Q2)",
      "revenue": 0,
      "gross_profit": null,
      "operating_income": null,
      "net_income": -18005939,
      "opex": 18005939,
      "cogs": null,
      "rd": 6800484,
      "sga": null,
      "fcf": -11649000,
      "ocf": -11649000,
      "capex": null,
      "gross_margin": null,
      "op_margin": null,
      "fcf_margin": null
    },
    {
      "date": "2022-08-31T00:00:00",
      "quarter_label": "2022-08 (Q3)",
      "revenue": 135428,
      "gross_profit": null,
      "operating_income": null,
      "net_income": -7705166,
      "opex": 7840594,
      "cogs": null,
      "rd": 3751155,
      "sga": null,
      "fcf": -7817000,
      "ocf": -7759000,
      "capex": -58000,
      "gross_margin": null,
      "op_margin": null,
      "fcf_margin": -57.720707682310895
    },
    {
      "date": "2022-11-30T00:00:00",
      "quarter_label": "2022-11 (Q4)",
      "revenue": 24924,
      "gross_profit": null,
      "operating_income": null,
      "net_income": -1013073,
      "opex": 1037997,
      "cogs": null,
      "rd": 4581552,
      "sga": null,
      "fcf": -5614000,
      "ocf": -5604000,
      "capex": -10000,
      "gross_margin": null,
      "op_margin": null,
      "fcf_margin": -225.24474402182636,
      "fcf_margin_change": -167.52403633951548
    },
    {
      "date": "2023-02-28T00:00:00",
      "quarter_label": "2023-02 (Q1)",
      "revenue": 12486,
      "gross_profit": null,
      "operating_income": null,
      "net_income": 5423613,
      "opex": 11440964,
      "cogs": null,
      "rd": 2212773,
      "sga": null,
      "fcf": -9893000,
      "ocf": -9880000,
      "capex": -13000,
      "gross_margin": null,
      "op_margin": null,
      "fcf_margin": -792.327406695499,
      "fcf_margin_change": -567.0826626736726
    },
    {
      "date": "2023-05-31T00:00:00",
      "quarter_label": "2023-05 (Q2)",
      "revenue": 27000,
      "gross_profit": null,
      "operating_income": null,
      "net_income": -7001000,
      "opex": 7088000,
      "cogs": null,
      "rd": 4490000,
      "sga": null,
      "fcf": -5504000,
      "ocf": -5504000,
      "capex": null,
      "gross_margin": null,
      "op_margin": null,
      "fcf_margin": -203.85185185185185,
      "op_leverage_ratio": Infinity,
      "fcf_margin_change": 588.4755548436472
    },
    {
      "date": "2023-08-31T00:00:00",
      "quarter_label": "2023-08 (Q3)",
      "revenue": 54000,
      "gross_profit": null,
      "operating_income": null,
      "net_income": -4750000,
      "opex": 5017000,
      "cogs": null,
      "rd": 2038000,
      "sga": null,
      "fcf": -5513000,
      "ocf": -5513000,
      "capex": null,
      "gross_margin": null,
      "op_margin": null,
      "fcf_margin": -102.0925925925926,
      "rev_growth_yoy": -0.6012641403550226,
      "op_leverage_ratio": Infinity,
      "fcf_margin_change": 101.75925925925925
    },
    {
      "date": "2023-11-30T00:00:00",
      "quarter_label": "2023-11 (Q4)",
      "revenue": 26000,
      "gross_profit": null,
      "operating_income": null,
      "net_income": -4244000,
      "opex": 4422000,
      "cogs": null,
      "rd": 1833000,
      "sga": null,
      "fcf": -3755000,
      "ocf": -3745000,
      "capex": -10000,
      "gross_margin": null,
      "op_margin": null,
      "fcf_margin": -144.42307692307693,
      "rev_growth_yoy": 0.043171240571336866,
      "rev_growth_yoy_accel": 0.6444353809263594,
      "fcf_margin_change": -42.33048433048434
    },
    {
      "date": "2024-02-29T00:00:00",
      "quarter_label": "2024-02 (Q1)",
      "revenue": 45000,
      "gross_profit": null,
      "operating_income": null,
      "net_income": -5092000,
      "opex": 5374000,
      "cogs": null,
      "rd": 3018000,
      "sga": null,
      "fcf": -8436000,
      "ocf": -3284000,
      "capex": -5152000,
      "gross_margin": null,
      "op_margin": null,
      "fcf_margin": -187.46666666666667,
      "rev_growth_yoy": 2.6040365209034118,
      "rev_growth_yoy_accel": 2.560865280332075,
      "op_leverage_ratio": 3.3943923723335487,
      "fcf_margin_change": -43.043589743589735
    },
    {
      "date": "2024-05-31T00:00:00",
      "quarter_label": "2024-05 (Q2)",
      "revenue": 6000,
      "gross_profit": null,
      "operating_income": null,
      "net_income": -5189000,
      "opex": 5285000,
      "cogs": null,
      "rd": 2237000,
      "sga": null,
      "fcf": -3915000,
      "ocf": -3915000,
      "capex": null,
      "gross_margin": null,
      "op_margin": null,
      "fcf_margin": -652.5,
      "rev_growth_yoy": -0.7777777777777778,
      "rev_growth_yoy_accel": -3.3818142986811894,
      "fcf_margin_change": -465.0333333333333
    },
    {
      "date": "2024-08-31T00:00:00",
      "quarter_label": "2024-08 (Q3)",
      "revenue": 23000,
      "gross_profit": null,
      "operating_income": null,
      "net_income": -4839000,
      "opex": 4669000,
      "cogs": null,
      "rd": 1945000,
      "sga": null,
      "fcf": -2860000,
      "ocf": -2860000,
      "capex": null,
      "gross_margin": null,
      "op_margin": null,
      "fcf_margin": -124.34782608695652,
      "rev_growth_yoy": -0.5740740740740741,
      "rev_growth_yoy_accel": 0.20370370370370372,
      "op_leverage_ratio": Infinity,
      "fcf_margin_change": 528.1521739130435
    },
    {
      "date": "2024-11-30T00:00:00",
      "quarter_label": "2024-11 (Q4)",
      "revenue": 52000,
      "gross_profit": null,
      "operating_income": null,
      "net_income": -11912000,
      "opex": 12117000,
      "cogs": null,
      "rd": 1377000,
      "sga": null,
      "fcf": -1860000,
      "ocf": -1860000,
      "capex": null,
      "gross_margin": null,
      "op_margin": null,
      "fcf_margin": -35.76923076923077,
      "rev_growth_yoy": 1.0,
      "rev_growth_yoy_accel": 1.574074074074074,
      "op_leverage_ratio": 0.7904135338345866,
      "fcf_margin_change": 88.57859531772576
    },
    {
      "date": "2025-02-28T00:00:00",
      "quarter_label": "2025-02 (Q1)",
      "revenue": 10808000,
      "gross_profit": null,
      "operating_income": null,
      "net_income": 6883000,
      "opex": 3005000,
      "cogs": null,
      "rd": 1305000,
      "sga": null,
      "fcf": 6514000,
      "ocf": 6514000,
      "capex": null,
      "gross_margin": null,
      "op_margin": null,
      "fcf_margin": 0.6027017024426351,
      "rev_growth_yoy": 239.17777777777778,
      "rev_growth_yoy_accel": 238.17777777777778,
      "op_leverage_ratio": Infinity,
      "fcf_margin_change": 36.371932471673404
    },
    {
      "date": "2025-05-31T00:00:00",
      "quarter_label": "2025-05 (Q2)",
      "revenue": 252000,
      "gross_profit": null,
      "operating_income": null,
      "net_income": -3447000,
      "opex": 3425000,
      "cogs": null,
      "rd": 1374000,
      "sga": null,
      "fcf": -3082000,
      "ocf": -3082000,
      "capex": null,
      "gross_margin": null,
      "op_margin": null,
      "fcf_margin": -12.23015873015873,
      "rev_growth_yoy": 41.0,
      "rev_growth_yoy_accel": -198.17777777777778,
      "fcf_margin_change": -12.832860432601365
    },
    {
      "date": "2025-08-31T00:00:00",
      "quarter_label": "2025-08 (Q3)",
      "revenue": 0,
      "gross_profit": null,
      "operating_income": null,
      "net_income": -3204000,
      "opex": 2853000,
      "cogs": null,
      "rd": 843000,
      "sga": null,
      "fcf": -2522000,
      "ocf": -2522000,
      "capex": null,
      "gross_margin": null,
      "op_margin": null,
      "fcf_margin": null,
      "rev_growth_yoy": -1.0,
      "rev_growth_yoy_accel": -42.0
    },
    {
      "date": "2025-11-30T00:00:00",
      "quarter_label": "2025-11 (Q4)",
      "revenue": 86000,
      "gross_profit": null,
      "operating_income": null,
      "net_income": -2944000,
      "opex": 2626000,
      "cogs": null,
      "rd": 967000,
      "sga": null,
      "fcf": -1768000,
      "ocf": -1768000,
      "capex": null,
      "gross_margin": null,
      "op_margin": null,
      "fcf_margin": -20.558139534883722,
      "rev_growth_yoy": 0.6538461538461539,
      "rev_growth_yoy_accel": 1.6538461538461537
    }
  ],
  "signals": [
    {
      "quarter": "2025-11 (Q4)",
      "signal": "YoY REVENUE GROWTH ACCELERATION",
      "detail": "YoY growth: +65.4% vs prior quarter YoY: -100.0% (accel: +165.4%)",
      "severity": "HIGH"
    },
    {
      "quarter": "2025-08 (Q3)",
      "signal": "YoY REVENUE GROWTH DECELERATION",
      "detail": "YoY growth: -100.0% vs prior quarter YoY: +4100.0% (decel: -4200.0%)",
      "severity": "WARNING"
    },
    {
      "quarter": "2025-05 (Q2)",
      "signal": "YoY REVENUE GROWTH DECELERATION",
      "detail": "YoY growth: +4100.0% vs prior quarter YoY: +23917.8% (decel: -19817.8%)",
      "severity": "WARNING"
    },
    {
      "quarter": "2025-02 (Q1)",
      "signal": "FCF TURNED POSITIVE",
      "detail": "FCF margin: -3576.9% -> +60.3%",
      "severity": "HIGH"
    },
    {
      "quarter": "2025-02 (Q1)",
      "signal": "YoY REVENUE GROWTH ACCELERATION",
      "detail": "YoY growth: +23917.8% vs prior quarter YoY: +100.0% (accel: +23817.8%)",
      "severity": "HIGH"
    },
    {
      "quarter": "2024-11 (Q4)",
      "signal": "FCF MARGIN EXPANSION",
      "detail": "FCF margin: -12434.8% -> -3576.9% (+8857.9%)",
      "severity": "MEDIUM"
    },
    {
      "quarter": "2024-11 (Q4)",
      "signal": "YoY REVENUE GROWTH ACCELERATION",
      "detail": "YoY growth: +100.0% vs prior quarter YoY: -57.4% (accel: +157.4%)",
      "severity": "HIGH"
    },
    {
      "quarter": "2024-08 (Q3)",
      "signal": "FCF MARGIN EXPANSION",
      "detail": "FCF margin: -65250.0% -> -12434.8% (+52815.2%)",
      "severity": "MEDIUM"
    },
    {
      "quarter": "2024-08 (Q3)",
      "signal": "YoY REVENUE GROWTH ACCELERATION",
      "detail": "YoY growth: -57.4% vs prior quarter YoY: -77.8% (accel: +20.4%)",
      "severity": "HIGH"
    },
    {
      "quarter": "2024-05 (Q2)",
      "signal": "YoY REVENUE GROWTH DECELERATION",
      "detail": "YoY growth: -77.8% vs prior quarter YoY: +260.4% (decel: -338.2%)",
      "severity": "WARNING"
    },
    {
      "quarter": "2024-02 (Q1)",
      "signal": "OPERATING LEVERAGE",
      "detail": "Rev growth +73.1% vs OpEx growth +21.5% (leverage: 3.4x)",
      "severity": "MEDIUM"
    },
    {
      "quarter": "2024-02 (Q1)",
      "signal": "YoY REVENUE GROWTH ACCELERATION",
      "detail": "YoY growth: +260.4% vs prior quarter YoY: +4.3% (accel: +256.1%)",
      "severity": "HIGH"
    },
    {
      "quarter": "2023-11 (Q4)",
      "signal": "YoY REVENUE GROWTH ACCELERATION",
      "detail": "YoY growth: +4.3% vs prior quarter YoY: -60.1% (accel: +64.4%)",
      "severity": "HIGH"
    },
    {
      "quarter": "2023-08 (Q3)",
      "signal": "FCF MARGIN EXPANSION",
      "detail": "FCF margin: -20385.2% -> -10209.3% (+10175.9%)",
      "severity": "MEDIUM"
    },
    {
      "quarter": "2023-05 (Q2)",
      "signal": "FCF MARGIN EXPANSION",
      "detail": "FCF margin: -79232.7% -> -20385.2% (+58847.6%)",
      "severity": "MEDIUM"
    }
  ],
  "data_quality": {
    "n_quarters": 20,
    "coverage": {
      "revenue": [
        20,
        20
      ],
      "gross_profit": [
        0,
        20
      ],
      "op_income": [
        0,
        20
      ],
      "fcf": [
        20,
        20
      ]
    },
    "gaps": [],
    "warnings": [
      "gross_profit: no data",
      "op_income: no data"
    ]
  },
  "market_cap": null,
  "source": "SEC EDGAR",
  "last_updated": "2026-02-02T23:37:37.655809"
}