{
  "ticker": "LOPE",
  "name": "GRAND CANYON EDUCATION,\u00a0INC.",
  "quarters": [
    {
      "date": "2020-12-31T00:00:00",
      "quarter_label": "2020-12 (Q4)",
      "revenue": 238289000,
      "gross_profit": null,
      "operating_income": 97292000,
      "net_income": 86755000,
      "opex": 140997000,
      "cogs": null,
      "rd": null,
      "sga": null,
      "fcf": 128740000,
      "ocf": 128740000,
      "capex": null,
      "gross_margin": null,
      "op_margin": 0.40829413023681327,
      "fcf_margin": 0.5402683296333444
    },
    {
      "date": "2021-03-31T00:00:00",
      "quarter_label": "2021-03 (Q1)",
      "revenue": 236934000,
      "gross_profit": null,
      "operating_income": 84226000,
      "net_income": 78112000,
      "opex": 152708000,
      "cogs": null,
      "rd": null,
      "sga": null,
      "fcf": 89827000,
      "ocf": 89827000,
      "capex": null,
      "gross_margin": null,
      "op_margin": 0.35548296149982694,
      "fcf_margin": 0.379122456042611,
      "fcf_margin_change": -0.16114587359073335
    },
    {
      "date": "2021-06-30T00:00:00",
      "quarter_label": "2021-06 (Q2)",
      "revenue": 201487000,
      "gross_profit": null,
      "operating_income": 50248000,
      "net_income": 49461000,
      "opex": 151239000,
      "cogs": null,
      "rd": null,
      "sga": null,
      "fcf": 120502000,
      "ocf": 120502000,
      "capex": null,
      "gross_margin": null,
      "op_margin": 0.2493858164546596,
      "fcf_margin": 0.5980633986311772,
      "fcf_margin_change": 0.21894094258856617
    },
    {
      "date": "2021-09-30T00:00:00",
      "quarter_label": "2021-09 (Q3)",
      "revenue": 206767000,
      "gross_profit": null,
      "operating_income": 45316000,
      "net_income": 47658000,
      "opex": 161451000,
      "cogs": null,
      "rd": null,
      "sga": null,
      "fcf": -1434000,
      "ocf": -1434000,
      "capex": null,
      "gross_margin": null,
      "op_margin": 0.2191645668796278,
      "fcf_margin": -0.006935342680408382,
      "op_leverage_ratio": 0.3880966401409516,
      "fcf_margin_change": -0.6049987413115856
    },
    {
      "date": "2021-12-31T00:00:00",
      "quarter_label": "2021-12 (Q4)",
      "revenue": 251376000,
      "gross_profit": null,
      "operating_income": 102400000,
      "net_income": 85113000,
      "opex": 148976000,
      "cogs": null,
      "rd": null,
      "sga": null,
      "fcf": 104224000,
      "ocf": 104224000,
      "capex": null,
      "gross_margin": null,
      "op_margin": 0.40735790210680417,
      "fcf_margin": 0.4146139647380816,
      "incr_op_margin_yoy": 0.39031099564453275,
      "rev_growth_yoy": 0.05492070552983982,
      "op_leverage_ratio": Infinity,
      "fcf_margin_change": 0.42154930741849
    },
    {
      "date": "2022-03-31T00:00:00",
      "quarter_label": "2022-03 (Q1)",
      "revenue": 244133000,
      "gross_profit": null,
      "operating_income": 77465000,
      "net_income": 58078000,
      "opex": 166668000,
      "cogs": null,
      "rd": null,
      "sga": null,
      "fcf": 70260000,
      "ocf": 70260000,
      "capex": null,
      "gross_margin": null,
      "op_margin": 0.31730655011817327,
      "fcf_margin": 0.2877939483805958,
      "incr_op_margin_yoy": -0.939158216418947,
      "rev_growth_yoy": 0.030383988790127207,
      "rev_growth_yoy_accel": -0.02453671673971261,
      "fcf_margin_change": -0.1268200163574858
    },
    {
      "date": "2022-06-30T00:00:00",
      "quarter_label": "2022-06 (Q2)",
      "revenue": 199753000,
      "gross_profit": null,
      "operating_income": 33845000,
      "net_income": 25562000,
      "opex": 165908000,
      "cogs": null,
      "rd": null,
      "sga": null,
      "fcf": 75829000,
      "ocf": 75829000,
      "capex": null,
      "gross_margin": null,
      "op_margin": 0.16943425130035594,
      "fcf_margin": 0.3796138230714933,
      "incr_op_margin_yoy": 9.459630911188004,
      "rev_growth_yoy": -0.008606014283799947,
      "rev_growth_yoy_accel": -0.03899000307392715,
      "fcf_margin_change": 0.09181987469089747
    },
    {
      "date": "2022-09-30T00:00:00",
      "quarter_label": "2022-09 (Q3)",
      "revenue": 208720000,
      "gross_profit": null,
      "operating_income": 35512000,
      "net_income": 30008000,
      "opex": 173208000,
      "cogs": null,
      "rd": null,
      "sga": null,
      "fcf": -35619000,
      "ocf": -35619000,
      "capex": null,
      "gross_margin": null,
      "op_margin": 0.17014181678804138,
      "fcf_margin": -0.1706544653123802,
      "incr_op_margin_yoy": -5.019969278033794,
      "rev_growth_yoy": 0.00944541440365242,
      "rev_growth_yoy_accel": 0.018051428687452367,
      "op_leverage_ratio": 1.020230557341056,
      "fcf_margin_change": -0.5502682883838734
    },
    {
      "date": "2022-12-31T00:00:00",
      "quarter_label": "2022-12 (Q4)",
      "revenue": 258700000,
      "gross_profit": null,
      "operating_income": 90678000,
      "net_income": 71027000,
      "opex": 168022000,
      "cogs": null,
      "rd": null,
      "sga": null,
      "fcf": 110349000,
      "ocf": 110349000,
      "capex": null,
      "gross_margin": null,
      "op_margin": 0.3505141090065713,
      "fcf_margin": 0.426551990722845,
      "incr_op_margin_yoy": -1.6004915346805024,
      "rev_growth_yoy": 0.029135637451467127,
      "rev_growth_yoy_accel": 0.019690223047814707,
      "op_leverage_ratio": Infinity,
      "fcf_margin_change": 0.5972064560352253
    },
    {
      "date": "2023-03-31T00:00:00",
      "quarter_label": "2023-03 (Q1)",
      "revenue": 250125000,
      "gross_profit": null,
      "operating_income": 74477000,
      "net_income": 59564000,
      "opex": 175648000,
      "cogs": null,
      "rd": null,
      "sga": null,
      "fcf": 62999000,
      "ocf": 62999000,
      "capex": null,
      "gross_margin": null,
      "op_margin": 0.2977591204397801,
      "fcf_margin": 0.25187006496751624,
      "incr_op_margin_yoy": -0.4986648865153538,
      "rev_growth_yoy": 0.024543998558162968,
      "rev_growth_yoy_accel": -0.004591638893304158,
      "fcf_margin_change": -0.17468192575532876
    },
    {
      "date": "2023-06-30T00:00:00",
      "quarter_label": "2023-06 (Q2)",
      "revenue": 210577000,
      "gross_profit": null,
      "operating_income": 35442000,
      "net_income": 28973000,
      "opex": 175135000,
      "cogs": null,
      "rd": null,
      "sga": null,
      "fcf": 94129000,
      "ocf": 94129000,
      "capex": null,
      "gross_margin": null,
      "op_margin": 0.16830897961315813,
      "fcf_margin": 0.4470051335141065,
      "incr_op_margin_yoy": 0.14754249815225426,
      "rev_growth_yoy": 0.05418692084724635,
      "rev_growth_yoy_accel": 0.02964292228908338,
      "fcf_margin_change": 0.19513506854659024
    },
    {
      "date": "2023-09-30T00:00:00",
      "quarter_label": "2023-09 (Q3)",
      "revenue": 221913000,
      "gross_profit": null,
      "operating_income": 41538000,
      "net_income": 35739000,
      "opex": 180375000,
      "cogs": null,
      "rd": null,
      "sga": null,
      "fcf": -29851000,
      "ocf": -29851000,
      "capex": null,
      "gross_margin": null,
      "op_margin": 0.18718146300577254,
      "fcf_margin": -0.13451667996016456,
      "incr_op_margin_yoy": 0.4567573713332828,
      "rev_growth_yoy": 0.06320908394020698,
      "rev_growth_yoy_accel": 0.009022163092960632,
      "op_leverage_ratio": 1.7992460700582518,
      "fcf_margin_change": -0.581521813474271
    },
    {
      "date": "2023-12-31T00:00:00",
      "quarter_label": "2023-12 (Q4)",
      "revenue": 278284000,
      "gross_profit": null,
      "operating_income": 97799000,
      "net_income": 80709000,
      "opex": 180485000,
      "cogs": null,
      "rd": null,
      "sga": null,
      "fcf": 116385000,
      "ocf": 116385000,
      "capex": null,
      "gross_margin": null,
      "op_margin": 0.3514359431372267,
      "fcf_margin": 0.41822382889422316,
      "incr_op_margin_yoy": 0.36361315359477125,
      "rev_growth_yoy": 0.07570158484731349,
      "rev_growth_yoy_accel": 0.012492500907106505,
      "op_leverage_ratio": Infinity,
      "fcf_margin_change": 0.5527405088543877
    },
    {
      "date": "2024-03-31T00:00:00",
      "quarter_label": "2024-03 (Q1)",
      "revenue": 274675000,
      "gross_profit": null,
      "operating_income": 84478000,
      "net_income": 68010000,
      "opex": 190197000,
      "cogs": null,
      "rd": null,
      "sga": null,
      "fcf": 84963000,
      "ocf": 84963000,
      "capex": null,
      "gross_margin": null,
      "op_margin": 0.3075562027851097,
      "fcf_margin": 0.30932192591244195,
      "incr_op_margin_yoy": 0.4073727087576375,
      "rev_growth_yoy": 0.09815092453773114,
      "rev_growth_yoy_accel": 0.022449339690417652,
      "fcf_margin_change": -0.1089019029817812
    },
    {
      "date": "2024-06-30T00:00:00",
      "quarter_label": "2024-06 (Q2)",
      "revenue": 227463000,
      "gross_profit": null,
      "operating_income": 42719000,
      "net_income": 34878000,
      "opex": 184744000,
      "cogs": null,
      "rd": null,
      "sga": null,
      "fcf": 98563000,
      "ocf": 98563000,
      "capex": null,
      "gross_margin": null,
      "op_margin": 0.18780636850828486,
      "fcf_margin": 0.4333144291599073,
      "incr_op_margin_yoy": 0.43094871491176123,
      "rev_growth_yoy": 0.08018919445143581,
      "rev_growth_yoy_accel": -0.017961730086295327,
      "fcf_margin_change": 0.12399250324746536
    },
    {
      "date": "2024-09-30T00:00:00",
      "quarter_label": "2024-09 (Q3)",
      "revenue": 238291000,
      "gross_profit": null,
      "operating_income": 48175000,
      "net_income": 41467000,
      "opex": 190116000,
      "cogs": null,
      "rd": null,
      "sga": null,
      "fcf": -29385000,
      "ocf": -29385000,
      "capex": null,
      "gross_margin": null,
      "op_margin": 0.202168776831689,
      "fcf_margin": -0.12331560990553567,
      "incr_op_margin_yoy": 0.40523873488826473,
      "rev_growth_yoy": 0.07380369784555209,
      "rev_growth_yoy_accel": -0.006385496605883723,
      "op_leverage_ratio": 1.6370872378615584,
      "fcf_margin_change": -0.556630039065443
    },
    {
      "date": "2024-12-31T00:00:00",
      "quarter_label": "2024-12 (Q4)",
      "revenue": 292573000,
      "gross_profit": null,
      "operating_income": 100027000,
      "net_income": 81879000,
      "opex": 192546000,
      "cogs": null,
      "rd": null,
      "sga": null,
      "fcf": 135817000,
      "ocf": 135817000,
      "capex": null,
      "gross_margin": null,
      "op_margin": 0.3418873238473817,
      "fcf_margin": 0.46421576837233786,
      "incr_op_margin_yoy": 0.15592413744838687,
      "rev_growth_yoy": 0.05134682554512656,
      "rev_growth_yoy_accel": -0.022456872300425527,
      "op_leverage_ratio": 17.82217055803385,
      "fcf_margin_change": 0.5875313782778735
    },
    {
      "date": "2025-03-31T00:00:00",
      "quarter_label": "2025-03 (Q1)",
      "revenue": 289310000,
      "gross_profit": null,
      "operating_income": 88023000,
      "net_income": 71618000,
      "opex": 201287000,
      "cogs": null,
      "rd": null,
      "sga": null,
      "fcf": 67631000,
      "ocf": 67631000,
      "capex": null,
      "gross_margin": null,
      "op_margin": 0.30425149493622755,
      "fcf_margin": 0.23376654799350177,
      "incr_op_margin_yoy": 0.24222753672702427,
      "rev_growth_yoy": 0.053281150450532444,
      "rev_growth_yoy_accel": 0.0019343249054058834,
      "fcf_margin_change": -0.23044922037883608
    },
    {
      "date": "2025-06-30T00:00:00",
      "quarter_label": "2025-06 (Q2)",
      "revenue": 247499000,
      "gross_profit": null,
      "operating_income": 51789000,
      "net_income": 41546000,
      "opex": 195710000,
      "cogs": null,
      "rd": null,
      "sga": null,
      "fcf": 124008000,
      "ocf": 124008000,
      "capex": null,
      "gross_margin": null,
      "op_margin": 0.20924933030032444,
      "fcf_margin": 0.5010444486644391,
      "incr_op_margin_yoy": 0.45268516669994013,
      "rev_growth_yoy": 0.0880846555263933,
      "rev_growth_yoy_accel": 0.03480350507586086,
      "fcf_margin_change": 0.2672779006709373
    },
    {
      "date": "2025-09-30T00:00:00",
      "quarter_label": "2025-09 (Q3)",
      "revenue": 261142000,
      "gross_profit": null,
      "operating_income": 18019000,
      "net_income": 16274000,
      "opex": 243123000,
      "cogs": null,
      "rd": null,
      "sga": null,
      "fcf": -48633000,
      "ocf": -48633000,
      "capex": null,
      "gross_margin": null,
      "op_margin": 0.06900077352551486,
      "fcf_margin": -0.1862320117024454,
      "incr_op_margin_yoy": -1.3196796639096757,
      "rev_growth_yoy": 0.09589535483925117,
      "rev_growth_yoy_accel": 0.007810699312857869,
      "op_leverage_ratio": 0.22753699168398273,
      "fcf_margin_change": -0.6872764603668845
    }
  ],
  "signals": [
    {
      "quarter": "2025-06 (Q2)",
      "signal": "FCF MARGIN EXPANSION",
      "detail": "FCF margin: +23.4% -> +50.1% (+26.7%)",
      "severity": "MEDIUM"
    },
    {
      "quarter": "2025-06 (Q2)",
      "signal": "INCREMENTAL MARGIN (YoY)",
      "detail": "YoY Incr OPM: +45.3% vs year-ago OPM: +18.8%",
      "severity": "HIGH"
    },
    {
      "quarter": "2024-12 (Q4)",
      "signal": "FCF TURNED POSITIVE",
      "detail": "FCF margin: -12.3% -> +46.4%",
      "severity": "HIGH"
    },
    {
      "quarter": "2024-12 (Q4)",
      "signal": "OPERATING LEVERAGE",
      "detail": "Rev growth +22.8% vs OpEx growth +1.3% (leverage: 17.8x)",
      "severity": "MEDIUM"
    },
    {
      "quarter": "2024-09 (Q3)",
      "signal": "OPERATING LEVERAGE",
      "detail": "Rev growth +4.8% vs OpEx growth +2.9% (leverage: 1.6x)",
      "severity": "MEDIUM"
    },
    {
      "quarter": "2024-09 (Q3)",
      "signal": "INCREMENTAL MARGIN (YoY)",
      "detail": "YoY Incr OPM: +40.5% vs year-ago OPM: +18.7%",
      "severity": "HIGH"
    },
    {
      "quarter": "2024-06 (Q2)",
      "signal": "FCF MARGIN EXPANSION",
      "detail": "FCF margin: +30.9% -> +43.3% (+12.4%)",
      "severity": "MEDIUM"
    },
    {
      "quarter": "2024-06 (Q2)",
      "signal": "INCREMENTAL MARGIN (YoY)",
      "detail": "YoY Incr OPM: +43.1% vs year-ago OPM: +16.8%",
      "severity": "HIGH"
    },
    {
      "quarter": "2024-03 (Q1)",
      "signal": "INCREMENTAL MARGIN (YoY)",
      "detail": "YoY Incr OPM: +40.7% vs year-ago OPM: +29.8%",
      "severity": "MEDIUM"
    },
    {
      "quarter": "2023-12 (Q4)",
      "signal": "FCF TURNED POSITIVE",
      "detail": "FCF margin: -13.5% -> +41.8%",
      "severity": "HIGH"
    },
    {
      "quarter": "2023-12 (Q4)",
      "signal": "OPERATING LEVERAGE",
      "detail": "Rev growth +25.4% vs OpEx growth +0.1% (leverage: 416.5x)",
      "severity": "MEDIUM"
    },
    {
      "quarter": "2023-09 (Q3)",
      "signal": "OPERATING LEVERAGE",
      "detail": "Rev growth +5.4% vs OpEx growth +3.0% (leverage: 1.8x)",
      "severity": "MEDIUM"
    },
    {
      "quarter": "2023-09 (Q3)",
      "signal": "INCREMENTAL MARGIN (YoY)",
      "detail": "YoY Incr OPM: +45.7% vs year-ago OPM: +17.0%",
      "severity": "HIGH"
    },
    {
      "quarter": "2023-06 (Q2)",
      "signal": "FCF MARGIN EXPANSION",
      "detail": "FCF margin: +25.2% -> +44.7% (+19.5%)",
      "severity": "MEDIUM"
    },
    {
      "quarter": "2022-12 (Q4)",
      "signal": "FCF TURNED POSITIVE",
      "detail": "FCF margin: -17.1% -> +42.7%",
      "severity": "HIGH"
    },
    {
      "quarter": "2022-06 (Q2)",
      "signal": "FCF MARGIN EXPANSION",
      "detail": "FCF margin: +28.8% -> +38.0% (+9.2%)",
      "severity": "MEDIUM"
    },
    {
      "quarter": "2022-06 (Q2)",
      "signal": "INCREMENTAL MARGIN (YoY)",
      "detail": "YoY Incr OPM: +946.0% vs year-ago OPM: +24.9%",
      "severity": "HIGH"
    },
    {
      "quarter": "2021-12 (Q4)",
      "signal": "FCF TURNED POSITIVE",
      "detail": "FCF margin: -0.7% -> +41.5%",
      "severity": "HIGH"
    },
    {
      "quarter": "2021-06 (Q2)",
      "signal": "FCF MARGIN EXPANSION",
      "detail": "FCF margin: +37.9% -> +59.8% (+21.9%)",
      "severity": "MEDIUM"
    }
  ],
  "data_quality": {
    "n_quarters": 20,
    "coverage": {
      "revenue": [
        20,
        20
      ],
      "gross_profit": [
        0,
        20
      ],
      "op_income": [
        20,
        20
      ],
      "fcf": [
        20,
        20
      ]
    },
    "gaps": [],
    "warnings": [
      "gross_profit: no data"
    ]
  },
  "market_cap": null,
  "source": "SEC EDGAR",
  "last_updated": "2026-02-02T21:05:05.597294"
}