{
  "ticker": "LPG",
  "name": "DORIAN LPG LTD.",
  "quarters": [
    {
      "date": "2020-12-31T00:00:00",
      "quarter_label": "2020-12 (Q4)",
      "revenue": 88479024,
      "gross_profit": null,
      "operating_income": 41875535,
      "net_income": null,
      "opex": 47148800,
      "cogs": null,
      "rd": null,
      "sga": null,
      "fcf": 28906989,
      "ocf": 30891258,
      "capex": -1984269,
      "gross_margin": null,
      "op_margin": 0.4732820628762813,
      "fcf_margin": 0.32671007989419054
    },
    {
      "date": "2021-03-31T00:00:00",
      "quarter_label": "2021-03 (Q1)",
      "revenue": 99584187,
      "gross_profit": null,
      "operating_income": 46290595,
      "net_income": null,
      "opex": 53927032,
      "cogs": null,
      "rd": null,
      "sga": null,
      "fcf": 82808465,
      "ocf": 82999963,
      "capex": -191498,
      "gross_margin": null,
      "op_margin": 0.4648388102018647,
      "fcf_margin": 0.8315423110297622,
      "op_leverage_ratio": 0.873049420674857,
      "fcf_margin_change": 0.5048322311355716
    },
    {
      "date": "2021-06-30T00:00:00",
      "quarter_label": "2021-06 (Q2)",
      "revenue": 62950738,
      "gross_profit": null,
      "operating_income": 13255888,
      "net_income": null,
      "opex": 50327738,
      "cogs": null,
      "rd": null,
      "sga": null,
      "fcf": 28273760,
      "ocf": 38071320,
      "capex": -9797560,
      "gross_margin": null,
      "op_margin": 0.21057557736654334,
      "fcf_margin": 0.44914104104704855,
      "fcf_margin_change": -0.3824012699827136
    },
    {
      "date": "2021-09-30T00:00:00",
      "quarter_label": "2021-09 (Q3)",
      "revenue": 63086858,
      "gross_profit": null,
      "operating_income": 19115310,
      "net_income": null,
      "opex": 48018145,
      "cogs": null,
      "rd": null,
      "sga": null,
      "fcf": 32703304,
      "ocf": 35618843,
      "capex": -2915539,
      "gross_margin": null,
      "op_margin": 0.302999873602835,
      "fcf_margin": 0.5183853664102276,
      "fcf_margin_change": 0.06924432536317904
    },
    {
      "date": "2021-12-31T00:00:00",
      "quarter_label": "2021-12 (Q4)",
      "revenue": 68599782,
      "gross_profit": null,
      "operating_income": 22550972,
      "net_income": null,
      "opex": 46629198,
      "cogs": null,
      "rd": null,
      "sga": null,
      "fcf": 5568619,
      "ocf": 15081402,
      "capex": -9512783,
      "gross_margin": null,
      "op_margin": 0.3287324149222515,
      "fcf_margin": 0.08117546204447122,
      "incr_op_margin_yoy": 0.9720975779660009,
      "rev_growth_yoy": -0.2246774557549369,
      "op_leverage_ratio": Infinity,
      "fcf_margin_change": -0.43720990436575635
    },
    {
      "date": "2022-03-31T00:00:00",
      "quarter_label": "2022-03 (Q1)",
      "revenue": 79624070,
      "gross_profit": null,
      "operating_income": 37476803,
      "net_income": null,
      "opex": 46478341,
      "cogs": null,
      "rd": null,
      "sga": null,
      "fcf": 28963574,
      "ocf": 29923605,
      "capex": -960031,
      "gross_margin": null,
      "op_margin": 0.4706717830424895,
      "fcf_margin": 0.36375400051768264,
      "incr_op_margin_yoy": 0.44157015712883846,
      "rev_growth_yoy": -0.20043460313633932,
      "rev_growth_yoy_accel": 0.02424285261859757,
      "op_leverage_ratio": Infinity,
      "fcf_margin_change": 0.2825785384732114
    },
    {
      "date": "2022-06-30T00:00:00",
      "quarter_label": "2022-06 (Q2)",
      "revenue": 76823722,
      "gross_profit": null,
      "operating_income": 28947004,
      "net_income": 24847720,
      "opex": 48468520,
      "cogs": null,
      "rd": null,
      "sga": null,
      "fcf": 25325975,
      "ocf": 34094374,
      "capex": -8768399,
      "gross_margin": null,
      "op_margin": 0.37679772922223165,
      "fcf_margin": 0.32966347295695986,
      "incr_op_margin_yoy": 1.1310555825624826,
      "rev_growth_yoy": 0.22037841716804019,
      "rev_growth_yoy_accel": 0.4208130203043795,
      "fcf_margin_change": -0.03409052756072278
    },
    {
      "date": "2022-09-30T00:00:00",
      "quarter_label": "2022-09 (Q3)",
      "revenue": 75968187,
      "gross_profit": null,
      "operating_income": 28137816,
      "net_income": 20311465,
      "opex": 48394109,
      "cogs": null,
      "rd": null,
      "sga": null,
      "fcf": 48672667,
      "ocf": 49179503,
      "capex": -506836,
      "gross_margin": null,
      "op_margin": 0.3703894631577821,
      "fcf_margin": 0.6406980200804319,
      "incr_op_margin_yoy": 0.7004328512997378,
      "rev_growth_yoy": 0.2041840314824365,
      "rev_growth_yoy_accel": -0.01619438568560369,
      "fcf_margin_change": 0.311034547123472
    },
    {
      "date": "2022-12-31T00:00:00",
      "quarter_label": "2022-12 (Q4)",
      "revenue": 103322256,
      "gross_profit": null,
      "operating_income": 57494075,
      "net_income": 51263710,
      "opex": 46466236,
      "cogs": null,
      "rd": null,
      "sga": null,
      "fcf": 41905393,
      "ocf": 42769728,
      "capex": -864335,
      "gross_margin": null,
      "op_margin": 0.5564539260544215,
      "fcf_margin": 0.4055795394169481,
      "incr_op_margin_yoy": 1.006354069125374,
      "rev_growth_yoy": 0.506160121616713,
      "rev_growth_yoy_accel": 0.3019760901342765,
      "op_leverage_ratio": Infinity,
      "fcf_margin_change": -0.2351184806634838
    },
    {
      "date": "2023-03-31T00:00:00",
      "quarter_label": "2023-03 (Q1)",
      "revenue": 133635050,
      "gross_profit": null,
      "operating_income": 83781573,
      "net_income": 76021035,
      "opex": 50461583,
      "cogs": null,
      "rd": null,
      "sga": null,
      "fcf": 39374730,
      "ocf": 98016231,
      "capex": -58641501,
      "gross_margin": null,
      "op_margin": 0.626943103624386,
      "fcf_margin": 0.2946437330625461,
      "incr_op_margin_yoy": 0.8573214187189345,
      "rev_growth_yoy": 0.6783247829456596,
      "rev_growth_yoy_accel": 0.1721646613289466,
      "op_leverage_ratio": 3.412047571216181,
      "fcf_margin_change": -0.11093580635440198
    },
    {
      "date": "2023-06-30T00:00:00",
      "quarter_label": "2023-06 (Q2)",
      "revenue": 111562907,
      "gross_profit": null,
      "operating_income": 55622307,
      "net_income": 51721137,
      "opex": 56561033,
      "cogs": null,
      "rd": null,
      "sga": null,
      "fcf": 60920403,
      "ocf": 63265349,
      "capex": -2344946,
      "gross_margin": null,
      "op_margin": 0.4985734819548938,
      "fcf_margin": 0.546063244838179,
      "incr_op_margin_yoy": 0.7678735986466003,
      "rev_growth_yoy": 0.4521934644093396,
      "rev_growth_yoy_accel": -0.22613131853631996,
      "fcf_margin_change": 0.25141951177563293
    },
    {
      "date": "2023-09-30T00:00:00",
      "quarter_label": "2023-09 (Q3)",
      "revenue": 144698462,
      "gross_profit": null,
      "operating_income": 80488079,
      "net_income": 76512665,
      "opex": 64891333,
      "cogs": null,
      "rd": null,
      "sga": null,
      "fcf": 100301713,
      "ocf": 100301713,
      "capex": null,
      "gross_margin": null,
      "op_margin": 0.5562469558245892,
      "fcf_margin": 0.693177464457086,
      "incr_op_margin_yoy": 0.761676902936879,
      "rev_growth_yoy": 0.9047244341898011,
      "rev_growth_yoy_accel": 0.4525309697804615,
      "op_leverage_ratio": 2.0166527251258555,
      "fcf_margin_change": 0.14711421961890692
    },
    {
      "date": "2023-12-31T00:00:00",
      "quarter_label": "2023-12 (Q4)",
      "revenue": 163064503,
      "gross_profit": null,
      "operating_income": 110340861,
      "net_income": 99972913,
      "opex": 53369096,
      "cogs": null,
      "rd": null,
      "sga": null,
      "fcf": 70641773,
      "ocf": 70641773,
      "capex": null,
      "gross_margin": null,
      "op_margin": 0.6766700230276359,
      "fcf_margin": 0.4332136774120607,
      "incr_op_margin_yoy": 0.8845798183653856,
      "rev_growth_yoy": 0.5782127618274228,
      "rev_growth_yoy_accel": -0.3265116723623783,
      "op_leverage_ratio": Infinity,
      "fcf_margin_change": -0.25996378704502526
    },
    {
      "date": "2024-03-31T00:00:00",
      "quarter_label": "2024-03 (Q1)",
      "revenue": 141391564,
      "gross_profit": null,
      "operating_income": 82378988,
      "net_income": 79240198,
      "opex": 59658030,
      "cogs": null,
      "rd": null,
      "sga": null,
      "fcf": 154237973,
      "ocf": 154237973,
      "capex": null,
      "gross_margin": null,
      "op_margin": 0.5826301489953106,
      "fcf_margin": 1.0908569693733638,
      "incr_op_margin_yoy": -0.18082672190110144,
      "rev_growth_yoy": 0.05804251205054363,
      "rev_growth_yoy_accel": -0.5201702497768791,
      "fcf_margin_change": 0.6576432919613031
    },
    {
      "date": "2024-06-30T00:00:00",
      "quarter_label": "2024-06 (Q2)",
      "revenue": 114353042,
      "gross_profit": null,
      "operating_income": 55473525,
      "net_income": 51288140,
      "opex": 59525460,
      "cogs": null,
      "rd": null,
      "sga": null,
      "fcf": 41224784,
      "ocf": 41224784,
      "capex": null,
      "gross_margin": null,
      "op_margin": 0.4851075583979655,
      "fcf_margin": 0.360504480501708,
      "incr_op_margin_yoy": -0.053324301512292414,
      "rev_growth_yoy": 0.025009522206157642,
      "rev_growth_yoy_accel": -0.03303298984438599,
      "fcf_margin_change": -0.7303524888716558
    },
    {
      "date": "2024-09-30T00:00:00",
      "quarter_label": "2024-09 (Q3)",
      "revenue": 82433480,
      "gross_profit": null,
      "operating_income": 19096086,
      "net_income": 9428605,
      "opex": 63972848,
      "cogs": null,
      "rd": null,
      "sga": null,
      "fcf": 57334075,
      "ocf": 57334075,
      "capex": null,
      "gross_margin": null,
      "op_margin": 0.23165449281044548,
      "fcf_margin": 0.6955192841549331,
      "incr_op_margin_yoy": 0.9859794547117994,
      "rev_growth_yoy": -0.43030852670707725,
      "rev_growth_yoy_accel": -0.4553180489132349,
      "fcf_margin_change": 0.3350148036532251
    },
    {
      "date": "2024-12-31T00:00:00",
      "quarter_label": "2024-12 (Q4)",
      "revenue": 80666779,
      "gross_profit": null,
      "operating_income": 23383434,
      "net_income": 21361828,
      "opex": 57938710,
      "cogs": null,
      "rd": null,
      "sga": null,
      "fcf": 24258839,
      "ocf": 24258839,
      "capex": null,
      "gross_margin": null,
      "op_margin": 0.2898768773202163,
      "fcf_margin": 0.30072899030714983,
      "incr_op_margin_yoy": 1.0553377299596285,
      "rev_growth_yoy": -0.5053075469159588,
      "rev_growth_yoy_accel": -0.07499902020888155,
      "fcf_margin_change": -0.3947902938477833
    },
    {
      "date": "2025-03-31T00:00:00",
      "quarter_label": "2025-03 (Q1)",
      "revenue": 75888175,
      "gross_profit": null,
      "operating_income": 14691787,
      "net_income": 8091907,
      "opex": 61841752,
      "cogs": null,
      "rd": null,
      "sga": null,
      "fcf": 50195793,
      "ocf": 50195793,
      "capex": null,
      "gross_margin": null,
      "op_margin": 0.1935978431422287,
      "fcf_margin": 0.6614441973337744,
      "incr_op_margin_yoy": 1.0333389162505775,
      "rev_growth_yoy": -0.463276500711174,
      "rev_growth_yoy_accel": 0.04203104620478482,
      "fcf_margin_change": 0.3607152070266245
    },
    {
      "date": "2025-06-30T00:00:00",
      "quarter_label": "2025-06 (Q2)",
      "revenue": 84211966,
      "gross_profit": null,
      "operating_income": 15591809,
      "net_income": 10082101,
      "opex": 69265521,
      "cogs": null,
      "rd": null,
      "sga": null,
      "fcf": 814474,
      "ocf": 814474,
      "capex": null,
      "gross_margin": null,
      "op_margin": 0.1851495665117235,
      "fcf_margin": 0.009671713399969785,
      "incr_op_margin_yoy": 1.3231682903423885,
      "rev_growth_yoy": -0.2635791359183956,
      "rev_growth_yoy_accel": 0.1996973647927784,
      "op_leverage_ratio": 0.9137016165808051,
      "fcf_margin_change": -0.6517724839338046
    },
    {
      "date": "2025-09-30T00:00:00",
      "quarter_label": "2025-09 (Q3)",
      "revenue": 124064281,
      "gross_profit": null,
      "operating_income": 59344745,
      "net_income": 55382036,
      "opex": 65364900,
      "cogs": null,
      "rd": null,
      "sga": null,
      "fcf": 46406491,
      "ocf": 46406491,
      "capex": null,
      "gross_margin": null,
      "op_margin": 0.4783386847661657,
      "fcf_margin": 0.37405198842042214,
      "incr_op_margin_yoy": 0.9668000142490653,
      "rev_growth_yoy": 0.5050229712490605,
      "rev_growth_yoy_accel": 0.768602107167456,
      "op_leverage_ratio": Infinity,
      "fcf_margin_change": 0.36438027502045234
    }
  ],
  "signals": [
    {
      "quarter": "2025-09 (Q3)",
      "signal": "FCF MARGIN EXPANSION",
      "detail": "FCF margin: +1.0% -> +37.4% (+36.4%)",
      "severity": "MEDIUM"
    },
    {
      "quarter": "2025-09 (Q3)",
      "signal": "YoY REVENUE GROWTH ACCELERATION",
      "detail": "YoY growth: +50.5% vs prior quarter YoY: -26.4% (accel: +76.9%)",
      "severity": "HIGH"
    },
    {
      "quarter": "2025-09 (Q3)",
      "signal": "INCREMENTAL MARGIN (YoY)",
      "detail": "YoY Incr OPM: +96.7% vs year-ago OPM: +23.2%",
      "severity": "HIGH"
    },
    {
      "quarter": "2025-06 (Q2)",
      "signal": "YoY REVENUE GROWTH ACCELERATION",
      "detail": "YoY growth: -26.4% vs prior quarter YoY: -46.3% (accel: +20.0%)",
      "severity": "HIGH"
    },
    {
      "quarter": "2025-06 (Q2)",
      "signal": "INCREMENTAL MARGIN (YoY)",
      "detail": "YoY Incr OPM: +132.3% vs year-ago OPM: +48.5%",
      "severity": "HIGH"
    },
    {
      "quarter": "2025-03 (Q1)",
      "signal": "FCF MARGIN EXPANSION",
      "detail": "FCF margin: +30.1% -> +66.1% (+36.1%)",
      "severity": "MEDIUM"
    },
    {
      "quarter": "2025-03 (Q1)",
      "signal": "INCREMENTAL MARGIN (YoY)",
      "detail": "YoY Incr OPM: +103.3% vs year-ago OPM: +58.3%",
      "severity": "HIGH"
    },
    {
      "quarter": "2024-12 (Q4)",
      "signal": "YoY REVENUE GROWTH DECELERATION",
      "detail": "YoY growth: -50.5% vs prior quarter YoY: -43.0% (decel: -7.5%)",
      "severity": "WARNING"
    },
    {
      "quarter": "2024-12 (Q4)",
      "signal": "INCREMENTAL MARGIN (YoY)",
      "detail": "YoY Incr OPM: +105.5% vs year-ago OPM: +67.7%",
      "severity": "HIGH"
    },
    {
      "quarter": "2024-09 (Q3)",
      "signal": "FCF MARGIN EXPANSION",
      "detail": "FCF margin: +36.1% -> +69.6% (+33.5%)",
      "severity": "MEDIUM"
    },
    {
      "quarter": "2024-09 (Q3)",
      "signal": "YoY REVENUE GROWTH DECELERATION",
      "detail": "YoY growth: -43.0% vs prior quarter YoY: +2.5% (decel: -45.5%)",
      "severity": "WARNING"
    },
    {
      "quarter": "2024-09 (Q3)",
      "signal": "INCREMENTAL MARGIN (YoY)",
      "detail": "YoY Incr OPM: +98.6% vs year-ago OPM: +55.6%",
      "severity": "HIGH"
    },
    {
      "quarter": "2024-03 (Q1)",
      "signal": "FCF MARGIN EXPANSION",
      "detail": "FCF margin: +43.3% -> +109.1% (+65.8%)",
      "severity": "MEDIUM"
    },
    {
      "quarter": "2024-03 (Q1)",
      "signal": "YoY REVENUE GROWTH DECELERATION",
      "detail": "YoY growth: +5.8% vs prior quarter YoY: +57.8% (decel: -52.0%)",
      "severity": "WARNING"
    },
    {
      "quarter": "2023-12 (Q4)",
      "signal": "YoY REVENUE GROWTH DECELERATION",
      "detail": "YoY growth: +57.8% vs prior quarter YoY: +90.5% (decel: -32.7%)",
      "severity": "WARNING"
    },
    {
      "quarter": "2023-12 (Q4)",
      "signal": "INCREMENTAL MARGIN (YoY)",
      "detail": "YoY Incr OPM: +88.5% vs year-ago OPM: +55.6%",
      "severity": "HIGH"
    },
    {
      "quarter": "2023-09 (Q3)",
      "signal": "FCF MARGIN EXPANSION",
      "detail": "FCF margin: +54.6% -> +69.3% (+14.7%)",
      "severity": "MEDIUM"
    },
    {
      "quarter": "2023-09 (Q3)",
      "signal": "OPERATING LEVERAGE",
      "detail": "Rev growth +29.7% vs OpEx growth +14.7% (leverage: 2.0x)",
      "severity": "MEDIUM"
    },
    {
      "quarter": "2023-09 (Q3)",
      "signal": "YoY REVENUE GROWTH ACCELERATION",
      "detail": "YoY growth: +90.5% vs prior quarter YoY: +45.2% (accel: +45.3%)",
      "severity": "HIGH"
    },
    {
      "quarter": "2023-09 (Q3)",
      "signal": "INCREMENTAL MARGIN (YoY)",
      "detail": "YoY Incr OPM: +76.2% vs year-ago OPM: +37.0%",
      "severity": "HIGH"
    },
    {
      "quarter": "2023-06 (Q2)",
      "signal": "FCF MARGIN EXPANSION",
      "detail": "FCF margin: +29.5% -> +54.6% (+25.1%)",
      "severity": "MEDIUM"
    },
    {
      "quarter": "2023-06 (Q2)",
      "signal": "YoY REVENUE GROWTH DECELERATION",
      "detail": "YoY growth: +45.2% vs prior quarter YoY: +67.8% (decel: -22.6%)",
      "severity": "WARNING"
    },
    {
      "quarter": "2023-06 (Q2)",
      "signal": "INCREMENTAL MARGIN (YoY)",
      "detail": "YoY Incr OPM: +76.8% vs year-ago OPM: +37.7%",
      "severity": "HIGH"
    },
    {
      "quarter": "2023-03 (Q1)",
      "signal": "OPERATING LEVERAGE",
      "detail": "Rev growth +29.3% vs OpEx growth +8.6% (leverage: 3.4x)",
      "severity": "MEDIUM"
    },
    {
      "quarter": "2023-03 (Q1)",
      "signal": "YoY REVENUE GROWTH ACCELERATION",
      "detail": "YoY growth: +67.8% vs prior quarter YoY: +50.6% (accel: +17.2%)",
      "severity": "HIGH"
    },
    {
      "quarter": "2023-03 (Q1)",
      "signal": "INCREMENTAL MARGIN (YoY)",
      "detail": "YoY Incr OPM: +85.7% vs year-ago OPM: +47.1%",
      "severity": "HIGH"
    },
    {
      "quarter": "2022-12 (Q4)",
      "signal": "YoY REVENUE GROWTH ACCELERATION",
      "detail": "YoY growth: +50.6% vs prior quarter YoY: +20.4% (accel: +30.2%)",
      "severity": "HIGH"
    },
    {
      "quarter": "2022-12 (Q4)",
      "signal": "INCREMENTAL MARGIN (YoY)",
      "detail": "YoY Incr OPM: +100.6% vs year-ago OPM: +32.9%",
      "severity": "HIGH"
    },
    {
      "quarter": "2022-09 (Q3)",
      "signal": "FCF MARGIN EXPANSION",
      "detail": "FCF margin: +33.0% -> +64.1% (+31.1%)",
      "severity": "MEDIUM"
    },
    {
      "quarter": "2022-09 (Q3)",
      "signal": "INCREMENTAL MARGIN (YoY)",
      "detail": "YoY Incr OPM: +70.0% vs year-ago OPM: +30.3%",
      "severity": "HIGH"
    },
    {
      "quarter": "2022-06 (Q2)",
      "signal": "YoY REVENUE GROWTH ACCELERATION",
      "detail": "YoY growth: +22.0% vs prior quarter YoY: -20.0% (accel: +42.1%)",
      "severity": "HIGH"
    },
    {
      "quarter": "2022-06 (Q2)",
      "signal": "INCREMENTAL MARGIN (YoY)",
      "detail": "YoY Incr OPM: +113.1% vs year-ago OPM: +21.1%",
      "severity": "HIGH"
    },
    {
      "quarter": "2022-03 (Q1)",
      "signal": "FCF MARGIN EXPANSION",
      "detail": "FCF margin: +8.1% -> +36.4% (+28.3%)",
      "severity": "MEDIUM"
    },
    {
      "quarter": "2021-12 (Q4)",
      "signal": "INCREMENTAL MARGIN (YoY)",
      "detail": "YoY Incr OPM: +97.2% vs year-ago OPM: +47.3%",
      "severity": "HIGH"
    },
    {
      "quarter": "2021-09 (Q3)",
      "signal": "FCF MARGIN EXPANSION",
      "detail": "FCF margin: +44.9% -> +51.8% (+6.9%)",
      "severity": "MEDIUM"
    },
    {
      "quarter": "2021-03 (Q1)",
      "signal": "FCF MARGIN EXPANSION",
      "detail": "FCF margin: +32.7% -> +83.2% (+50.5%)",
      "severity": "MEDIUM"
    }
  ],
  "data_quality": {
    "n_quarters": 20,
    "coverage": {
      "revenue": [
        20,
        20
      ],
      "gross_profit": [
        0,
        20
      ],
      "op_income": [
        20,
        20
      ],
      "fcf": [
        20,
        20
      ]
    },
    "gaps": [],
    "warnings": [
      "gross_profit: no data"
    ]
  },
  "market_cap": null,
  "source": "SEC EDGAR",
  "last_updated": "2026-02-02T21:55:58.166875",
  "sector": "Energy",
  "industry": "Oil & Gas Midstream"
}