{
  "ticker": "LPLA",
  "name": "LPL Financial Holdings Inc.",
  "quarters": [
    {
      "date": "2020-12-31T00:00:00",
      "quarter_label": "2020-12 (Q4)",
      "revenue": 1581283000,
      "gross_profit": null,
      "operating_income": null,
      "net_income": 111548000,
      "opex": 1410471000,
      "cogs": null,
      "rd": null,
      "sga": null,
      "fcf": 282703000,
      "ocf": 326274000,
      "capex": -43571000,
      "gross_margin": null,
      "op_margin": null,
      "fcf_margin": 0.17878077485181337
    },
    {
      "date": "2021-03-31T00:00:00",
      "quarter_label": "2021-03 (Q1)",
      "revenue": 1707617000,
      "gross_profit": null,
      "operating_income": null,
      "net_income": 129620000,
      "opex": 1493016000,
      "cogs": null,
      "rd": null,
      "sga": null,
      "fcf": 19301000,
      "ocf": 60410000,
      "capex": -41109000,
      "gross_margin": null,
      "op_margin": null,
      "fcf_margin": 0.011302885834469907,
      "op_leverage_ratio": 1.3651615080970185,
      "fcf_margin_change": -0.16747788901734348
    },
    {
      "date": "2021-06-30T00:00:00",
      "quarter_label": "2021-06 (Q2)",
      "revenue": 1898258000,
      "gross_profit": null,
      "operating_income": null,
      "net_income": 119101000,
      "opex": 1711438000,
      "cogs": null,
      "rd": null,
      "sga": null,
      "fcf": -163011000,
      "ocf": -119144000,
      "capex": -43867000,
      "gross_margin": null,
      "op_margin": null,
      "fcf_margin": -0.08587399605322353,
      "op_leverage_ratio": 0.7631219053945476,
      "fcf_margin_change": -0.09717688188769344
    },
    {
      "date": "2021-09-30T00:00:00",
      "quarter_label": "2021-09 (Q3)",
      "revenue": 2020763000,
      "gross_profit": null,
      "operating_income": null,
      "net_income": 103064000,
      "opex": 1855721000,
      "cogs": null,
      "rd": null,
      "sga": null,
      "fcf": 203418000,
      "ocf": 258404000,
      "capex": -54986000,
      "gross_margin": null,
      "op_margin": null,
      "fcf_margin": 0.10066395712906462,
      "op_leverage_ratio": 0.7654989205916715,
      "fcf_margin_change": 0.18653795318228816
    },
    {
      "date": "2021-12-31T00:00:00",
      "quarter_label": "2021-12 (Q4)",
      "revenue": 2094192000,
      "gross_profit": null,
      "operating_income": null,
      "net_income": 108081000,
      "opex": 2059326000,
      "cogs": null,
      "rd": null,
      "sga": null,
      "fcf": 177439000,
      "ocf": 253464000,
      "capex": -76025000,
      "gross_margin": null,
      "op_margin": null,
      "fcf_margin": 0.08472909838257428,
      "rev_growth_yoy": 0.324362558757667,
      "op_leverage_ratio": 0.3311894362200585,
      "fcf_margin_change": -0.015934858746490338
    },
    {
      "date": "2022-03-31T00:00:00",
      "quarter_label": "2022-03 (Q1)",
      "revenue": 2065693000,
      "gross_profit": null,
      "operating_income": null,
      "net_income": 133744000,
      "opex": 1892314000,
      "cogs": null,
      "rd": null,
      "sga": null,
      "fcf": -148662000,
      "ocf": -75117000,
      "capex": -73545000,
      "gross_margin": null,
      "op_margin": null,
      "fcf_margin": -0.07196713161152214,
      "rev_growth_yoy": 0.2096933914337934,
      "rev_growth_yoy_accel": -0.11466916732387361,
      "fcf_margin_change": -0.15669622999409644
    },
    {
      "date": "2022-06-30T00:00:00",
      "quarter_label": "2022-06 (Q2)",
      "revenue": 2038887000,
      "gross_profit": null,
      "operating_income": null,
      "net_income": 160545000,
      "opex": 1826566000,
      "cogs": null,
      "rd": null,
      "sga": null,
      "fcf": -3579000,
      "ocf": 72681000,
      "capex": -76260000,
      "gross_margin": null,
      "op_margin": null,
      "fcf_margin": -0.0017553694736392943,
      "rev_growth_yoy": 0.07408318574187492,
      "rev_growth_yoy_accel": -0.13561020569191848,
      "fcf_margin_change": 0.07021176213788284
    },
    {
      "date": "2022-09-30T00:00:00",
      "quarter_label": "2022-09 (Q3)",
      "revenue": 2163058000,
      "gross_profit": null,
      "operating_income": null,
      "net_income": 232331000,
      "opex": 1856324000,
      "cogs": null,
      "rd": null,
      "sga": null,
      "fcf": 2042218000,
      "ocf": 2124588000,
      "capex": -82370000,
      "gross_margin": null,
      "op_margin": null,
      "fcf_margin": 0.9441346464126251,
      "rev_growth_yoy": 0.07041647140213869,
      "rev_growth_yoy_accel": -0.0036667143397362267,
      "op_leverage_ratio": 3.7381665913576496,
      "fcf_margin_change": 0.9458900158862644
    },
    {
      "date": "2022-12-31T00:00:00",
      "quarter_label": "2022-12 (Q4)",
      "revenue": 2333187000,
      "gross_profit": null,
      "operating_income": null,
      "net_income": 319082000,
      "opex": 1913968000,
      "cogs": null,
      "rd": null,
      "sga": null,
      "fcf": -250996000,
      "ocf": -176575000,
      "capex": -74421000,
      "gross_margin": null,
      "op_margin": null,
      "fcf_margin": -0.10757646086661721,
      "rev_growth_yoy": 0.11412277384308601,
      "rev_growth_yoy_accel": 0.04370630244094732,
      "op_leverage_ratio": 2.5328522384529335,
      "fcf_margin_change": -1.0517111072792424
    },
    {
      "date": "2023-03-31T00:00:00",
      "quarter_label": "2023-03 (Q1)",
      "revenue": 2417832000,
      "gross_profit": null,
      "operating_income": null,
      "net_income": 338884000,
      "opex": 1973335000,
      "cogs": null,
      "rd": null,
      "sga": null,
      "fcf": -307172000,
      "ocf": -205920000,
      "capex": -101252000,
      "gross_margin": null,
      "op_margin": null,
      "fcf_margin": -0.12704439348970484,
      "rev_growth_yoy": 0.17047015214748756,
      "rev_growth_yoy_accel": 0.05634737830440155,
      "op_leverage_ratio": 1.1696106942675706,
      "fcf_margin_change": -0.01946793262308763
    },
    {
      "date": "2023-06-30T00:00:00",
      "quarter_label": "2023-06 (Q2)",
      "revenue": 2468804000,
      "gross_profit": null,
      "operating_income": null,
      "net_income": 285520000,
      "opex": 2079985000,
      "cogs": null,
      "rd": null,
      "sga": null,
      "fcf": 301670000,
      "ocf": 402813000,
      "capex": -101143000,
      "gross_margin": null,
      "op_margin": null,
      "fcf_margin": 0.12219277026446813,
      "rev_growth_yoy": 0.21085866946034773,
      "rev_growth_yoy_accel": 0.04038851731286017,
      "op_leverage_ratio": 0.3900726603523661,
      "fcf_margin_change": 0.24923716375417299
    },
    {
      "date": "2023-09-30T00:00:00",
      "quarter_label": "2023-09 (Q3)",
      "revenue": 2522383000,
      "gross_profit": null,
      "operating_income": null,
      "net_income": 224291000,
      "opex": 2204711000,
      "cogs": null,
      "rd": null,
      "sga": null,
      "fcf": 78130000,
      "ocf": 173170000,
      "capex": -95040000,
      "gross_margin": null,
      "op_margin": null,
      "fcf_margin": 0.030974677517252535,
      "rev_growth_yoy": 0.1661189852514357,
      "rev_growth_yoy_accel": -0.04473968420891203,
      "op_leverage_ratio": 0.36191884702076915,
      "fcf_margin_change": -0.0912180927472156
    },
    {
      "date": "2023-12-31T00:00:00",
      "quarter_label": "2023-12 (Q4)",
      "revenue": 2643829000,
      "gross_profit": null,
      "operating_income": null,
      "net_income": 217555000,
      "opex": 2350042000,
      "cogs": null,
      "rd": null,
      "sga": null,
      "fcf": 36697000,
      "ocf": 142548000,
      "capex": -105851000,
      "gross_margin": null,
      "op_margin": null,
      "fcf_margin": 0.01388024717181028,
      "rev_growth_yoy": 0.1331406355341428,
      "rev_growth_yoy_accel": -0.03297834971729291,
      "op_leverage_ratio": 0.7304081182022975,
      "fcf_margin_change": -0.017094430345442255
    },
    {
      "date": "2024-03-31T00:00:00",
      "quarter_label": "2024-03 (Q1)",
      "revenue": 2832593000,
      "gross_profit": null,
      "operating_income": null,
      "net_income": 288764000,
      "opex": 2458401000,
      "cogs": null,
      "rd": null,
      "sga": null,
      "fcf": 304877000,
      "ocf": 425901000,
      "capex": -121024000,
      "gross_margin": null,
      "op_margin": null,
      "fcf_margin": 0.10763177060735517,
      "rev_growth_yoy": 0.17154252239196105,
      "rev_growth_yoy_accel": 0.03840188685781826,
      "op_leverage_ratio": 1.548447357516209,
      "fcf_margin_change": 0.09375152343554488
    },
    {
      "date": "2024-06-30T00:00:00",
      "quarter_label": "2024-06 (Q2)",
      "revenue": 2931769000,
      "gross_profit": null,
      "operating_income": null,
      "net_income": 243800000,
      "opex": 2601698000,
      "cogs": null,
      "rd": null,
      "sga": null,
      "fcf": -307791000,
      "ocf": -178869000,
      "capex": -128922000,
      "gross_margin": null,
      "op_margin": null,
      "fcf_margin": -0.10498473788350993,
      "rev_growth_yoy": 0.18752602474720553,
      "rev_growth_yoy_accel": 0.015983502355244483,
      "op_leverage_ratio": 0.600672896536996,
      "fcf_margin_change": -0.2126165084908651
    },
    {
      "date": "2024-09-30T00:00:00",
      "quarter_label": "2024-09 (Q3)",
      "revenue": 3108394000,
      "gross_profit": null,
      "operating_income": null,
      "net_income": 255303000,
      "opex": 2761046000,
      "cogs": null,
      "rd": null,
      "sga": null,
      "fcf": 62273000,
      "ocf": 209335000,
      "capex": -147062000,
      "gross_margin": null,
      "op_margin": null,
      "fcf_margin": 0.02003381810671363,
      "rev_growth_yoy": 0.232324353597372,
      "rev_growth_yoy_accel": 0.04479832885016646,
      "op_leverage_ratio": 0.9836320988621579,
      "fcf_margin_change": 0.12501855599022355
    },
    {
      "date": "2024-12-31T00:00:00",
      "quarter_label": "2024-12 (Q4)",
      "revenue": 3512351000,
      "gross_profit": null,
      "operating_income": null,
      "net_income": 270749000,
      "opex": 3171070000,
      "cogs": null,
      "rd": null,
      "sga": null,
      "fcf": -344301000,
      "ocf": -178778000,
      "capex": -165523000,
      "gross_margin": null,
      "op_margin": null,
      "fcf_margin": -0.09802579525793408,
      "rev_growth_yoy": 0.3285091433674417,
      "rev_growth_yoy_accel": 0.0961847897700697,
      "op_leverage_ratio": 0.8751115994088844,
      "fcf_margin_change": -0.11805961336464771
    },
    {
      "date": "2025-03-31T00:00:00",
      "quarter_label": "2025-03 (Q1)",
      "revenue": 3670007000,
      "gross_profit": null,
      "operating_income": null,
      "net_income": 318573000,
      "opex": 3252754000,
      "cogs": null,
      "rd": null,
      "sga": null,
      "fcf": 220342000,
      "ocf": 339810000,
      "capex": -119468000,
      "gross_margin": null,
      "op_margin": null,
      "fcf_margin": 0.06003857758309453,
      "rev_growth_yoy": 0.2956351300733992,
      "rev_growth_yoy_accel": -0.03287401329404249,
      "op_leverage_ratio": 1.7425346637027894,
      "fcf_margin_change": 0.1580643728410286
    },
    {
      "date": "2025-06-30T00:00:00",
      "quarter_label": "2025-06 (Q2)",
      "revenue": 3835025000,
      "gross_profit": null,
      "operating_income": null,
      "net_income": 273249000,
      "opex": 3466221000,
      "cogs": null,
      "rd": null,
      "sga": null,
      "fcf": 56311000,
      "ocf": 193300000,
      "capex": -136989000,
      "gross_margin": null,
      "op_margin": null,
      "fcf_margin": 0.014683346262410284,
      "rev_growth_yoy": 0.30809248614062024,
      "rev_growth_yoy_accel": 0.012457356067221037,
      "op_leverage_ratio": 0.6851487970010619,
      "fcf_margin_change": -0.04535523132068424
    },
    {
      "date": "2025-09-30T00:00:00",
      "quarter_label": "2025-09 (Q3)",
      "revenue": 4551977000,
      "gross_profit": null,
      "operating_income": null,
      "net_income": -29517000,
      "opex": 4586088000,
      "cogs": null,
      "rd": null,
      "sga": null,
      "fcf": -1871763000,
      "ocf": -1729525000,
      "capex": -142238000,
      "gross_margin": null,
      "op_margin": null,
      "fcf_margin": -0.4111978158061871,
      "rev_growth_yoy": 0.46441442108046793,
      "rev_growth_yoy_accel": 0.1563219349398477,
      "op_leverage_ratio": 0.5786443049675041,
      "fcf_margin_change": -0.4258811620685974
    }
  ],
  "signals": [
    {
      "quarter": "2025-09 (Q3)",
      "signal": "YoY REVENUE GROWTH ACCELERATION",
      "detail": "YoY growth: +46.4% vs prior quarter YoY: +30.8% (accel: +15.6%)",
      "severity": "HIGH"
    },
    {
      "quarter": "2025-03 (Q1)",
      "signal": "FCF TURNED POSITIVE",
      "detail": "FCF margin: -9.8% -> +6.0%",
      "severity": "HIGH"
    },
    {
      "quarter": "2025-03 (Q1)",
      "signal": "OPERATING LEVERAGE",
      "detail": "Rev growth +4.5% vs OpEx growth +2.6% (leverage: 1.7x)",
      "severity": "MEDIUM"
    },
    {
      "quarter": "2024-12 (Q4)",
      "signal": "YoY REVENUE GROWTH ACCELERATION",
      "detail": "YoY growth: +32.9% vs prior quarter YoY: +23.2% (accel: +9.6%)",
      "severity": "MEDIUM"
    },
    {
      "quarter": "2024-09 (Q3)",
      "signal": "FCF TURNED POSITIVE",
      "detail": "FCF margin: -10.5% -> +2.0%",
      "severity": "HIGH"
    },
    {
      "quarter": "2024-03 (Q1)",
      "signal": "FCF MARGIN EXPANSION",
      "detail": "FCF margin: +1.4% -> +10.8% (+9.4%)",
      "severity": "MEDIUM"
    },
    {
      "quarter": "2024-03 (Q1)",
      "signal": "OPERATING LEVERAGE",
      "detail": "Rev growth +7.1% vs OpEx growth +4.6% (leverage: 1.5x)",
      "severity": "MEDIUM"
    },
    {
      "quarter": "2023-06 (Q2)",
      "signal": "FCF TURNED POSITIVE",
      "detail": "FCF margin: -12.7% -> +12.2%",
      "severity": "HIGH"
    },
    {
      "quarter": "2023-03 (Q1)",
      "signal": "YoY REVENUE GROWTH ACCELERATION",
      "detail": "YoY growth: +17.0% vs prior quarter YoY: +11.4% (accel: +5.6%)",
      "severity": "MEDIUM"
    },
    {
      "quarter": "2022-12 (Q4)",
      "signal": "OPERATING LEVERAGE",
      "detail": "Rev growth +7.9% vs OpEx growth +3.1% (leverage: 2.5x)",
      "severity": "MEDIUM"
    },
    {
      "quarter": "2022-09 (Q3)",
      "signal": "FCF TURNED POSITIVE",
      "detail": "FCF margin: -0.2% -> +94.4%",
      "severity": "HIGH"
    },
    {
      "quarter": "2022-09 (Q3)",
      "signal": "OPERATING LEVERAGE",
      "detail": "Rev growth +6.1% vs OpEx growth +1.6% (leverage: 3.7x)",
      "severity": "MEDIUM"
    },
    {
      "quarter": "2022-06 (Q2)",
      "signal": "FCF MARGIN EXPANSION",
      "detail": "FCF margin: -7.2% -> -0.2% (+7.0%)",
      "severity": "MEDIUM"
    },
    {
      "quarter": "2022-06 (Q2)",
      "signal": "YoY REVENUE GROWTH DECELERATION",
      "detail": "YoY growth: +7.4% vs prior quarter YoY: +21.0% (decel: -13.6%)",
      "severity": "WARNING"
    },
    {
      "quarter": "2022-03 (Q1)",
      "signal": "YoY REVENUE GROWTH DECELERATION",
      "detail": "YoY growth: +21.0% vs prior quarter YoY: +32.4% (decel: -11.5%)",
      "severity": "WARNING"
    },
    {
      "quarter": "2021-09 (Q3)",
      "signal": "FCF TURNED POSITIVE",
      "detail": "FCF margin: -8.6% -> +10.1%",
      "severity": "HIGH"
    }
  ],
  "data_quality": {
    "n_quarters": 20,
    "coverage": {
      "revenue": [
        20,
        20
      ],
      "gross_profit": [
        0,
        20
      ],
      "op_income": [
        0,
        20
      ],
      "fcf": [
        20,
        20
      ]
    },
    "gaps": [],
    "warnings": [
      "gross_profit: no data",
      "op_income: no data"
    ]
  },
  "market_cap": null,
  "source": "SEC EDGAR",
  "last_updated": "2026-02-02T20:09:31.026001"
}