{
  "ticker": "LRHC",
  "name": "LA ROSA HOLDINGS CORP.",
  "quarters": [
    {
      "date": "2022-09-30T00:00:00",
      "quarter_label": "2022-09 (Q3)",
      "revenue": 6131892,
      "gross_profit": 549229,
      "operating_income": -636815,
      "net_income": -692366,
      "opex": 1186044,
      "cogs": 5582663,
      "rd": null,
      "sga": null,
      "fcf": null,
      "ocf": null,
      "capex": null,
      "gross_margin": 0.08956925529673386,
      "op_margin": -0.1038529380491372,
      "fcf_margin": null
    },
    {
      "date": "2022-12-31T00:00:00",
      "quarter_label": "2022-12 (Q4)",
      "revenue": 5997248,
      "gross_profit": 316610,
      "operating_income": -721304,
      "net_income": -1005364,
      "opex": 1037914,
      "cogs": 5680638,
      "rd": null,
      "sga": null,
      "fcf": -532147,
      "ocf": -532147,
      "capex": null,
      "gross_margin": 0.052792547515126936,
      "op_margin": -0.1202724983192291,
      "fcf_margin": -0.08873186501542041
    },
    {
      "date": "2023-03-31T00:00:00",
      "quarter_label": "2023-03 (Q1)",
      "revenue": 6041636,
      "gross_profit": 627710,
      "operating_income": -416243,
      "net_income": -988951,
      "opex": 1043953,
      "cogs": 5413926,
      "rd": null,
      "sga": null,
      "fcf": -271917,
      "ocf": -271917,
      "capex": null,
      "gross_margin": 0.10389735495484997,
      "op_margin": -0.06889574280873591,
      "fcf_margin": -0.04500718017437661,
      "fcf_margin_change": 0.0437246848410438
    },
    {
      "date": "2023-06-30T00:00:00",
      "quarter_label": "2023-06 (Q2)",
      "revenue": 7486720,
      "gross_profit": 667235,
      "operating_income": -290121,
      "net_income": -403494,
      "opex": 957356,
      "cogs": 6819485,
      "rd": null,
      "sga": null,
      "fcf": 114573,
      "ocf": 114573,
      "capex": null,
      "gross_margin": 0.0891224728586083,
      "op_margin": -0.038751415840314586,
      "fcf_margin": 0.015303497392716704,
      "op_leverage_ratio": Infinity,
      "fcf_margin_change": 0.06031067756709332
    },
    {
      "date": "2023-09-30T00:00:00",
      "quarter_label": "2023-09 (Q3)",
      "revenue": 6792250,
      "gross_profit": 575499,
      "operating_income": -417453,
      "net_income": -343839,
      "opex": 992952,
      "cogs": 6216751,
      "rd": null,
      "sga": null,
      "fcf": -293441,
      "ocf": -293441,
      "capex": null,
      "gross_margin": 0.08472877176193455,
      "op_margin": -0.06146019360300342,
      "fcf_margin": -0.043202326180573444,
      "rev_growth_yoy": 0.10769237292502869,
      "fcf_margin_change": -0.05850582357329015
    },
    {
      "date": "2023-12-31T00:00:00",
      "quarter_label": "2023-12 (Q4)",
      "revenue": 11438798,
      "gross_profit": 970724,
      "operating_income": -5968546,
      "net_income": -6082153,
      "opex": 6939270,
      "cogs": 10468074,
      "rd": null,
      "sga": null,
      "fcf": -1443626,
      "ocf": -1443626,
      "capex": null,
      "gross_margin": 0.08486241299129506,
      "op_margin": -0.521780872430827,
      "fcf_margin": -0.1262043441977033,
      "incr_op_margin_yoy": -0.964291791860775,
      "rev_growth_yoy": 0.9073411671486655,
      "rev_growth_yoy_accel": 0.7996487942236369,
      "op_leverage_ratio": 0.11423439591332349,
      "fcf_margin_change": -0.08300201801712985
    },
    {
      "date": "2024-03-31T00:00:00",
      "quarter_label": "2024-03 (Q1)",
      "revenue": 13088899,
      "gross_profit": 1161997,
      "operating_income": -4583723,
      "net_income": -4598796,
      "opex": 5745720,
      "cogs": 11926902,
      "rd": null,
      "sga": null,
      "fcf": -538305,
      "ocf": -538305,
      "capex": null,
      "gross_margin": 0.08877729135200753,
      "op_margin": -0.3501992795574326,
      "fcf_margin": -0.0411268358018501,
      "incr_op_margin_yoy": -0.5913614973642959,
      "rev_growth_yoy": 1.1664494517710104,
      "rev_growth_yoy_accel": 0.2591082846223449,
      "op_leverage_ratio": Infinity,
      "fcf_margin_change": 0.0850775083958532
    },
    {
      "date": "2024-06-30T00:00:00",
      "quarter_label": "2024-06 (Q2)",
      "revenue": 19051420,
      "gross_profit": 1586311,
      "operating_income": -1840425,
      "net_income": -2320072,
      "opex": 3426736,
      "cogs": 17465109,
      "rd": null,
      "sga": null,
      "fcf": -803064,
      "ocf": -803064,
      "capex": null,
      "gross_margin": 0.08326471202671507,
      "op_margin": -0.09660303536429306,
      "fcf_margin": -0.042152448478906035,
      "incr_op_margin_yoy": -0.13405483929544215,
      "rev_growth_yoy": 1.5446951401949052,
      "rev_growth_yoy_accel": 0.3782456884238947,
      "op_leverage_ratio": Infinity,
      "fcf_margin_change": -0.0010256126770559343
    },
    {
      "date": "2024-09-30T00:00:00",
      "quarter_label": "2024-09 (Q3)",
      "revenue": 19593036,
      "gross_profit": 1635906,
      "operating_income": -1747790,
      "net_income": -2452168,
      "opex": 3383696,
      "cogs": 17957130,
      "rd": null,
      "sga": null,
      "fcf": -591567,
      "ocf": -591567,
      "capex": null,
      "gross_margin": 0.08349425785774088,
      "op_margin": -0.08920465414344157,
      "fcf_margin": -0.03019271745328289,
      "incr_op_margin_yoy": -0.10392619640700189,
      "rev_growth_yoy": 1.8846164378519636,
      "rev_growth_yoy_accel": 0.3399212976570585,
      "op_leverage_ratio": Infinity,
      "fcf_margin_change": 0.011959731025623144
    },
    {
      "date": "2024-12-31T00:00:00",
      "quarter_label": "2024-12 (Q4)",
      "revenue": 17715431,
      "gross_profit": 1569065,
      "operating_income": -3025204,
      "net_income": -5076527,
      "opex": 4594269,
      "cogs": 16146366,
      "rd": null,
      "sga": null,
      "fcf": -1064371,
      "ocf": -1064371,
      "capex": null,
      "gross_margin": 0.08857052362993596,
      "op_margin": -0.1707666045494462,
      "fcf_margin": -0.06008157520977051,
      "incr_op_margin_yoy": 0.4689364504822888,
      "rev_growth_yoy": 0.5487143841512019,
      "rev_growth_yoy_accel": -1.3359020537007618,
      "fcf_margin_change": -0.02988885775648762
    },
    {
      "date": "2025-03-31T00:00:00",
      "quarter_label": "2025-03 (Q1)",
      "revenue": 17514394,
      "gross_profit": 1537668,
      "operating_income": -4667857,
      "net_income": -95716579,
      "opex": 6205525,
      "cogs": 15976726,
      "rd": null,
      "sga": null,
      "fcf": -3493029,
      "ocf": -3493029,
      "capex": null,
      "gross_margin": 0.08779453060151553,
      "op_margin": -0.26651547293043654,
      "fcf_margin": -0.199437616853886,
      "incr_op_margin_yoy": -0.019011206655978597,
      "rev_growth_yoy": 0.33811056224056735,
      "rev_growth_yoy_accel": -0.21060382191063454,
      "fcf_margin_change": -0.1393560416441155
    },
    {
      "date": "2025-06-30T00:00:00",
      "quarter_label": "2025-06 (Q2)",
      "revenue": 23214218,
      "gross_profit": 1852228,
      "operating_income": -2462580,
      "net_income": 78419858,
      "opex": 4314808,
      "cogs": 21361990,
      "rd": null,
      "sga": null,
      "fcf": -1389995,
      "ocf": -1389995,
      "capex": null,
      "gross_margin": 0.07978851581388613,
      "op_margin": -0.10608067865994883,
      "fcf_margin": -0.05987688234856759,
      "incr_op_margin_yoy": -0.14945596687612514,
      "rev_growth_yoy": 0.2185032926679481,
      "rev_growth_yoy_accel": -0.11960726957261925,
      "op_leverage_ratio": Infinity,
      "fcf_margin_change": 0.13956073450531842
    },
    {
      "date": "2025-09-30T00:00:00",
      "quarter_label": "2025-09 (Q3)",
      "revenue": 20216143,
      "gross_profit": 1708181,
      "operating_income": -4988857,
      "net_income": -5533352,
      "opex": 6697038,
      "cogs": 18507962,
      "rd": null,
      "sga": null,
      "fcf": -1349523,
      "ocf": -1349523,
      "capex": null,
      "gross_margin": 0.084495890239795,
      "op_margin": -0.2467759057699582,
      "fcf_margin": -0.06675472170927955,
      "rev_growth_yoy": 0.031802473082783084,
      "rev_growth_yoy_accel": -0.18670081958516502,
      "fcf_margin_change": -0.006877839360711964
    }
  ],
  "signals": [
    {
      "quarter": "2025-09 (Q3)",
      "signal": "YoY REVENUE GROWTH DECELERATION",
      "detail": "YoY growth: +3.2% vs prior quarter YoY: +21.9% (decel: -18.7%)",
      "severity": "WARNING"
    },
    {
      "quarter": "2025-06 (Q2)",
      "signal": "FCF MARGIN EXPANSION",
      "detail": "FCF margin: -19.9% -> -6.0% (+14.0%)",
      "severity": "MEDIUM"
    },
    {
      "quarter": "2025-06 (Q2)",
      "signal": "YoY REVENUE GROWTH DECELERATION",
      "detail": "YoY growth: +21.9% vs prior quarter YoY: +33.8% (decel: -12.0%)",
      "severity": "WARNING"
    },
    {
      "quarter": "2025-03 (Q1)",
      "signal": "YoY REVENUE GROWTH DECELERATION",
      "detail": "YoY growth: +33.8% vs prior quarter YoY: +54.9% (decel: -21.1%)",
      "severity": "WARNING"
    },
    {
      "quarter": "2024-12 (Q4)",
      "signal": "YoY REVENUE GROWTH DECELERATION",
      "detail": "YoY growth: +54.9% vs prior quarter YoY: +188.5% (decel: -133.6%)",
      "severity": "WARNING"
    },
    {
      "quarter": "2024-09 (Q3)",
      "signal": "YoY REVENUE GROWTH ACCELERATION",
      "detail": "YoY growth: +188.5% vs prior quarter YoY: +154.5% (accel: +34.0%)",
      "severity": "HIGH"
    },
    {
      "quarter": "2024-06 (Q2)",
      "signal": "YoY REVENUE GROWTH ACCELERATION",
      "detail": "YoY growth: +154.5% vs prior quarter YoY: +116.6% (accel: +37.8%)",
      "severity": "HIGH"
    },
    {
      "quarter": "2024-03 (Q1)",
      "signal": "FCF MARGIN EXPANSION",
      "detail": "FCF margin: -12.6% -> -4.1% (+8.5%)",
      "severity": "MEDIUM"
    },
    {
      "quarter": "2024-03 (Q1)",
      "signal": "YoY REVENUE GROWTH ACCELERATION",
      "detail": "YoY growth: +116.6% vs prior quarter YoY: +90.7% (accel: +25.9%)",
      "severity": "HIGH"
    },
    {
      "quarter": "2023-12 (Q4)",
      "signal": "YoY REVENUE GROWTH ACCELERATION",
      "detail": "YoY growth: +90.7% vs prior quarter YoY: +10.8% (accel: +80.0%)",
      "severity": "HIGH"
    },
    {
      "quarter": "2023-06 (Q2)",
      "signal": "FCF TURNED POSITIVE",
      "detail": "FCF margin: -4.5% -> +1.5%",
      "severity": "HIGH"
    },
    {
      "quarter": "2023-03 (Q1)",
      "signal": "GROSS MARGIN INFLECTION",
      "detail": "GM: +9.0% -> +5.3% -> +10.4% (reversal +5.1%)",
      "severity": "HIGH"
    }
  ],
  "data_quality": {
    "n_quarters": 13,
    "coverage": {
      "revenue": [
        13,
        13
      ],
      "gross_profit": [
        13,
        13
      ],
      "op_income": [
        13,
        13
      ],
      "fcf": [
        12,
        13
      ]
    },
    "gaps": [],
    "warnings": []
  },
  "market_cap": null,
  "source": "SEC EDGAR",
  "last_updated": "2026-02-03T00:34:37.072975"
}