{
  "ticker": "LSH",
  "name": "Lakeside Holding Limited",
  "quarters": [
    {
      "date": "2023-09-30T00:00:00",
      "quarter_label": "2023-09 (Q3)",
      "revenue": 4148476,
      "gross_profit": 647543,
      "operating_income": -333508,
      "net_income": -304260,
      "opex": 981051,
      "cogs": 3500933,
      "rd": null,
      "sga": null,
      "fcf": 40357,
      "ocf": 40357,
      "capex": null,
      "gross_margin": 0.15609177924616172,
      "op_margin": -0.08039289609003403,
      "fcf_margin": 0.009728150771512237
    },
    {
      "date": "2023-12-31T00:00:00",
      "quarter_label": "2023-12 (Q4)",
      "revenue": 4916103,
      "gross_profit": 1064509,
      "operating_income": 81987,
      "net_income": 64224,
      "opex": 982522,
      "cogs": 3851594,
      "rd": null,
      "sga": null,
      "fcf": 217479,
      "ocf": 217479,
      "capex": null,
      "gross_margin": 0.21653512955281856,
      "op_margin": 0.01667723397984135,
      "fcf_margin": 0.04423808858357931,
      "op_leverage_ratio": 123.40722085268385,
      "fcf_margin_change": 0.03450993781206707
    },
    {
      "date": "2024-03-31T00:00:00",
      "quarter_label": "2024-03 (Q1)",
      "revenue": 4460763,
      "gross_profit": 975564,
      "operating_income": 40476,
      "net_income": 12768,
      "opex": 935088,
      "cogs": 3485199,
      "rd": null,
      "sga": null,
      "fcf": -96192,
      "ocf": -96192,
      "capex": null,
      "gross_margin": 0.218698908684456,
      "op_margin": 0.009073784014080103,
      "fcf_margin": -0.02156402391250107,
      "fcf_margin_change": -0.06580211249608038
    },
    {
      "date": "2024-06-30T00:00:00",
      "quarter_label": "2024-06 (Q2)",
      "revenue": 4789813,
      "gross_profit": 1028342,
      "operating_income": -314996,
      "net_income": 2016,
      "opex": 1343338,
      "cogs": 3761471,
      "rd": null,
      "sga": null,
      "fcf": -215284,
      "ocf": -215284,
      "capex": null,
      "gross_margin": 0.21469355901785728,
      "op_margin": -0.06576373649660226,
      "fcf_margin": -0.04494622232642485,
      "op_leverage_ratio": 0.16895810722054425,
      "fcf_margin_change": -0.023382198413923784
    },
    {
      "date": "2024-09-30T00:00:00",
      "quarter_label": "2024-09 (Q3)",
      "revenue": 4081554,
      "gross_profit": 522539,
      "operating_income": -1327504,
      "net_income": -1335407,
      "opex": 1850043,
      "cogs": 3559015,
      "rd": null,
      "sga": null,
      "fcf": -1408556,
      "ocf": -1402784,
      "capex": -5772,
      "gross_margin": 0.12802452203253956,
      "op_margin": -0.3252447474662837,
      "fcf_margin": -0.34510287013230745,
      "rev_growth_yoy": -0.01613170716185896,
      "fcf_margin_change": -0.3001566478058826
    },
    {
      "date": "2024-12-31T00:00:00",
      "quarter_label": "2024-12 (Q4)",
      "revenue": 3595589,
      "gross_profit": -42231,
      "operating_income": -1997691,
      "net_income": -1946820,
      "opex": 1955460,
      "cogs": 3637820,
      "rd": null,
      "sga": null,
      "fcf": -560516,
      "ocf": -530216,
      "capex": -30300,
      "gross_margin": -0.011745224495903175,
      "op_margin": -0.5555949247814475,
      "fcf_margin": -0.15588989731585007,
      "incr_op_margin_yoy": 1.5749003797006318,
      "rev_growth_yoy": -0.2686099131771649,
      "rev_growth_yoy_accel": -0.25247820601530596,
      "fcf_margin_change": 0.18921297281645738
    },
    {
      "date": "2025-03-31T00:00:00",
      "quarter_label": "2025-03 (Q1)",
      "revenue": 3803140,
      "gross_profit": 715851,
      "operating_income": -1074183,
      "net_income": -1070796,
      "opex": 1790034,
      "cogs": 3087289,
      "rd": null,
      "sga": null,
      "fcf": -238304,
      "ocf": -238304,
      "capex": null,
      "gross_margin": 0.18822630773518725,
      "op_margin": -0.28244634696592813,
      "fcf_margin": -0.06265980216347544,
      "rev_growth_yoy": -0.1474238824165283,
      "rev_growth_yoy_accel": 0.12118603076063664,
      "op_leverage_ratio": Infinity,
      "fcf_margin_change": 0.09323009515237463
    },
    {
      "date": "2025-06-30T00:00:00",
      "quarter_label": "2025-06 (Q2)",
      "revenue": 6310142,
      "gross_profit": 1682300,
      "operating_income": -559791,
      "net_income": -893113,
      "opex": 2242091,
      "cogs": 4627842,
      "rd": null,
      "sga": null,
      "fcf": -497446,
      "ocf": -483702,
      "capex": -13744,
      "gross_margin": 0.2666025582308607,
      "op_margin": -0.08871290059716565,
      "fcf_margin": -0.0788327742862205,
      "incr_op_margin_yoy": -0.161014490942421,
      "rev_growth_yoy": 0.31740884247464357,
      "rev_growth_yoy_accel": 0.4648327248911719,
      "op_leverage_ratio": 2.610240050880764,
      "fcf_margin_change": -0.016172972122745058
    },
    {
      "date": "2025-09-30T00:00:00",
      "quarter_label": "2025-09 (Q3)",
      "revenue": 6099889,
      "gross_profit": 1108767,
      "operating_income": -1271624,
      "net_income": -1357216,
      "opex": 2380391,
      "cogs": 4991122,
      "rd": null,
      "sga": null,
      "fcf": -4016518,
      "ocf": -4016518,
      "capex": null,
      "gross_margin": 0.1817683895559411,
      "op_margin": -0.2084667442309196,
      "fcf_margin": -0.6584575555391254,
      "incr_op_margin_yoy": 0.027686186881761454,
      "rev_growth_yoy": 0.49450160404591,
      "rev_growth_yoy_accel": 0.1770927615712664,
      "fcf_margin_change": -0.579624781252905
    }
  ],
  "signals": [
    {
      "quarter": "2025-09 (Q3)",
      "signal": "YoY REVENUE GROWTH ACCELERATION",
      "detail": "YoY growth: +49.5% vs prior quarter YoY: +31.7% (accel: +17.7%)",
      "severity": "HIGH"
    },
    {
      "quarter": "2025-06 (Q2)",
      "signal": "OPERATING LEVERAGE",
      "detail": "Rev growth +65.9% vs OpEx growth +25.3% (leverage: 2.6x)",
      "severity": "MEDIUM"
    },
    {
      "quarter": "2025-06 (Q2)",
      "signal": "YoY REVENUE GROWTH ACCELERATION",
      "detail": "YoY growth: +31.7% vs prior quarter YoY: -14.7% (accel: +46.5%)",
      "severity": "HIGH"
    },
    {
      "quarter": "2025-03 (Q1)",
      "signal": "FCF MARGIN EXPANSION",
      "detail": "FCF margin: -15.6% -> -6.3% (+9.3%)",
      "severity": "MEDIUM"
    },
    {
      "quarter": "2025-03 (Q1)",
      "signal": "GROSS MARGIN INFLECTION",
      "detail": "GM: +12.8% -> -1.2% -> +18.8% (reversal +20.0%)",
      "severity": "HIGH"
    },
    {
      "quarter": "2025-03 (Q1)",
      "signal": "YoY REVENUE GROWTH ACCELERATION",
      "detail": "YoY growth: -14.7% vs prior quarter YoY: -26.9% (accel: +12.1%)",
      "severity": "MEDIUM"
    },
    {
      "quarter": "2024-12 (Q4)",
      "signal": "FCF MARGIN EXPANSION",
      "detail": "FCF margin: -34.5% -> -15.6% (+18.9%)",
      "severity": "MEDIUM"
    },
    {
      "quarter": "2024-12 (Q4)",
      "signal": "YoY REVENUE GROWTH DECELERATION",
      "detail": "YoY growth: -26.9% vs prior quarter YoY: -1.6% (decel: -25.2%)",
      "severity": "WARNING"
    },
    {
      "quarter": "2023-12 (Q4)",
      "signal": "OPERATING LEVERAGE",
      "detail": "Rev growth +18.5% vs OpEx growth +0.1% (leverage: 123.4x)",
      "severity": "MEDIUM"
    },
    {
      "quarter": "2023-12 (Q4)",
      "signal": "OP MARGIN TURNED POSITIVE (QoQ)",
      "detail": "Op margin: -8.0% -> +1.7%",
      "severity": "HIGH"
    }
  ],
  "data_quality": {
    "n_quarters": 9,
    "coverage": {
      "revenue": [
        9,
        9
      ],
      "gross_profit": [
        9,
        9
      ],
      "op_income": [
        9,
        9
      ],
      "fcf": [
        9,
        9
      ]
    },
    "gaps": [],
    "warnings": []
  },
  "market_cap": null,
  "source": "SEC EDGAR",
  "last_updated": "2026-02-02T23:53:22.863846"
}