{
  "ticker": "LSTR",
  "name": "LANDSTAR SYSTEM INC",
  "quarters": [
    {
      "date": "2020-12-26T00:00:00",
      "quarter_label": "2020-12 (Q4)",
      "revenue": 1296355000,
      "gross_profit": null,
      "operating_income": 84412000,
      "net_income": 65071000,
      "opex": 1212626000,
      "cogs": null,
      "rd": null,
      "sga": 42854000,
      "fcf": 19969000,
      "ocf": 25169000,
      "capex": -5200000,
      "gross_margin": null,
      "op_margin": 0.0651148797975863,
      "fcf_margin": 0.01540395956354548
    },
    {
      "date": "2021-03-27T00:00:00",
      "quarter_label": "2021-03 (Q1)",
      "revenue": 1287534000,
      "gross_profit": null,
      "operating_income": 103268000,
      "net_income": 77240000,
      "opex": 1184950000,
      "cogs": null,
      "rd": null,
      "sga": 45408000,
      "fcf": 65815000,
      "ocf": 69891000,
      "capex": -4076000,
      "gross_margin": null,
      "op_margin": 0.08020603727746219,
      "fcf_margin": 0.051117096713562515,
      "fcf_margin_change": 0.03571313715001703
    },
    {
      "date": "2021-06-26T00:00:00",
      "quarter_label": "2021-06 (Q2)",
      "revenue": 1570718000,
      "gross_profit": null,
      "operating_income": 122248000,
      "net_income": 92294000,
      "opex": 1449218000,
      "cogs": null,
      "rd": null,
      "sga": 54114000,
      "fcf": 62361000,
      "ocf": 67285000,
      "capex": -4924000,
      "gross_margin": null,
      "op_margin": 0.07782937484640783,
      "fcf_margin": 0.039702225351718134,
      "op_leverage_ratio": 0.9862010326770864,
      "fcf_margin_change": -0.011414871361844381
    },
    {
      "date": "2021-09-25T00:00:00",
      "quarter_label": "2021-09 (Q3)",
      "revenue": 1734299000,
      "gross_profit": null,
      "operating_income": 131412000,
      "net_income": 98675000,
      "opex": 1603593000,
      "cogs": null,
      "rd": null,
      "sga": 59198000,
      "fcf": 70253000,
      "ocf": 79814000,
      "capex": -9561000,
      "gross_margin": null,
      "op_margin": 0.07577240141405836,
      "fcf_margin": 0.04050800928790249,
      "op_leverage_ratio": 0.9776679696460846,
      "fcf_margin_change": 0.0008057839361843566
    },
    {
      "date": "2021-12-25T00:00:00",
      "quarter_label": "2021-12 (Q4)",
      "revenue": 1945017000,
      "gross_profit": null,
      "operating_income": 148740000,
      "net_income": 113315000,
      "opex": 1796996000,
      "cogs": null,
      "rd": null,
      "sga": 62558000,
      "fcf": 55050000,
      "ocf": 59750000,
      "capex": -4700000,
      "gross_margin": null,
      "op_margin": 0.07647233931631446,
      "fcf_margin": 0.02830309452308129,
      "incr_op_margin_yoy": 0.09917029207815473,
      "rev_growth_yoy": 0.5003737402177644,
      "op_leverage_ratio": 1.0074154505989426,
      "fcf_margin_change": -0.0122049147648212
    },
    {
      "date": "2022-03-26T00:00:00",
      "quarter_label": "2022-03 (Q1)",
      "revenue": 1970599000,
      "gross_profit": null,
      "operating_income": 162833000,
      "net_income": 124839000,
      "opex": 1808487000,
      "cogs": null,
      "rd": null,
      "sga": 52713000,
      "fcf": 91356000,
      "ocf": 94965000,
      "capex": -3609000,
      "gross_margin": null,
      "op_margin": 0.08263122025333414,
      "fcf_margin": 0.04635950794656853,
      "incr_op_margin_yoy": 0.0872025356298449,
      "rev_growth_yoy": 0.5305219124310504,
      "rev_growth_yoy_accel": 0.03014817221328603,
      "op_leverage_ratio": 2.0568393807066845,
      "fcf_margin_change": 0.018056413423487242
    },
    {
      "date": "2022-06-25T00:00:00",
      "quarter_label": "2022-06 (Q2)",
      "revenue": 1975064000,
      "gross_profit": null,
      "operating_income": 150418000,
      "net_income": 112555000,
      "opex": 1825232000,
      "cogs": null,
      "rd": null,
      "sga": 58967000,
      "fcf": 110828000,
      "ocf": 114686000,
      "capex": -3858000,
      "gross_margin": null,
      "op_margin": 0.07615854473576553,
      "fcf_margin": 0.05611362467241568,
      "incr_op_margin_yoy": 0.06966805656541675,
      "rev_growth_yoy": 0.25742749494180367,
      "rev_growth_yoy_accel": -0.27309441748924673,
      "fcf_margin_change": 0.009754116725847146
    },
    {
      "date": "2022-09-24T00:00:00",
      "quarter_label": "2022-09 (Q3)",
      "revenue": 1816132000,
      "gross_profit": null,
      "operating_income": 133498000,
      "net_income": 100218000,
      "opex": 1683350000,
      "cogs": null,
      "rd": null,
      "sga": 53519000,
      "fcf": 213101000,
      "ocf": 226730000,
      "capex": -13629000,
      "gross_margin": null,
      "op_margin": 0.07350677153422769,
      "fcf_margin": 0.11733783667706973,
      "incr_op_margin_yoy": 0.02549093886329476,
      "rev_growth_yoy": 0.047185058631758425,
      "rev_growth_yoy_accel": -0.21024243631004524,
      "fcf_margin_change": 0.061224212004654055
    },
    {
      "date": "2022-12-31T00:00:00",
      "quarter_label": "2022-12 (Q4)",
      "revenue": 1674767000,
      "gross_profit": null,
      "operating_income": 124334000,
      "net_income": 93302000,
      "opex": 1551572000,
      "cogs": null,
      "rd": null,
      "sga": 56080000,
      "fcf": 181369000,
      "ocf": 186278000,
      "capex": -4909000,
      "gross_margin": null,
      "op_margin": 0.07423958078944713,
      "fcf_margin": 0.10829506432835134,
      "incr_op_margin_yoy": 0.09030897317298797,
      "rev_growth_yoy": -0.13894480099659798,
      "rev_growth_yoy_accel": -0.1861298596283564,
      "fcf_margin_change": -0.009042772348718392
    },
    {
      "date": "2023-04-01T00:00:00",
      "quarter_label": "2023-04 (Q2)",
      "revenue": 1435675000,
      "gross_profit": null,
      "operating_income": 101284000,
      "net_income": 78195000,
      "opex": 1335759000,
      "cogs": null,
      "rd": null,
      "sga": 53567000,
      "fcf": 132802000,
      "ocf": 139035000,
      "capex": -6233000,
      "gross_margin": null,
      "op_margin": 0.07054800006965364,
      "fcf_margin": 0.09250143660647431,
      "incr_op_margin_yoy": 0.11506120495621808,
      "rev_growth_yoy": -0.2714524872893978,
      "rev_growth_yoy_accel": -0.13250768629279983,
      "fcf_margin_change": -0.015793627721877035
    },
    {
      "date": "2023-07-01T00:00:00",
      "quarter_label": "2023-07 (Q3)",
      "revenue": 1373857000,
      "gross_profit": null,
      "operating_income": 87950000,
      "net_income": 66559000,
      "opex": 1288391000,
      "cogs": null,
      "rd": null,
      "sga": 54529000,
      "fcf": 46300000,
      "ocf": 52698000,
      "capex": -6398000,
      "gross_margin": null,
      "op_margin": 0.06401685182664571,
      "fcf_margin": 0.03370074178025806,
      "incr_op_margin_yoy": 0.10390431249137153,
      "rev_growth_yoy": -0.30439874353438673,
      "rev_growth_yoy_accel": -0.032946256244988925,
      "fcf_margin_change": -0.05880069482621625
    },
    {
      "date": "2023-09-30T00:00:00",
      "quarter_label": "2023-09 (Q3)",
      "revenue": 1289345000,
      "gross_profit": null,
      "operating_income": 80348000,
      "net_income": 61653000,
      "opex": 1212019000,
      "cogs": null,
      "rd": null,
      "sga": 50975000,
      "fcf": 109289000,
      "ocf": 112052000,
      "capex": -2763000,
      "gross_margin": null,
      "op_margin": 0.06231691285109881,
      "fcf_margin": 0.08476319371463806,
      "incr_op_margin_yoy": 0.10089466900284176,
      "rev_growth_yoy": -0.2900598634900987,
      "rev_growth_yoy_accel": 0.014338880044288016,
      "fcf_margin_change": 0.05106245193438
    },
    {
      "date": "2023-12-30T00:00:00",
      "quarter_label": "2023-12 (Q4)",
      "revenue": 1204445000,
      "gross_profit": null,
      "operating_income": 74567000,
      "net_income": 57987000,
      "opex": 1133145000,
      "cogs": null,
      "rd": null,
      "sga": 52728000,
      "fcf": 79569000,
      "ocf": 89863000,
      "capex": -10294000,
      "gross_margin": null,
      "op_margin": 0.06190984229250817,
      "fcf_margin": 0.06606279240646107,
      "incr_op_margin_yoy": 0.10581473968897905,
      "rev_growth_yoy": -0.2808283182078462,
      "rev_growth_yoy_accel": 0.009231545282252507,
      "fcf_margin_change": -0.01870040130817699
    },
    {
      "date": "2024-03-30T00:00:00",
      "quarter_label": "2024-03 (Q1)",
      "revenue": 1171043000,
      "gross_profit": null,
      "operating_income": 59961000,
      "net_income": 47096000,
      "opex": 1114494000,
      "cogs": null,
      "rd": null,
      "sga": 56422000,
      "fcf": 84927000,
      "ocf": 94208000,
      "capex": -9281000,
      "gross_margin": null,
      "op_margin": 0.051203072816284285,
      "fcf_margin": 0.0725225290616997,
      "incr_op_margin_yoy": 0.15615269506333324,
      "rev_growth_yoy": -0.18432583976178452,
      "rev_growth_yoy_accel": 0.09650247844606169,
      "fcf_margin_change": 0.006459736655238635
    },
    {
      "date": "2024-06-29T00:00:00",
      "quarter_label": "2024-06 (Q2)",
      "revenue": 1225005000,
      "gross_profit": null,
      "operating_income": 68059000,
      "net_income": 52624000,
      "opex": 1160600000,
      "cogs": null,
      "rd": null,
      "sga": 54939000,
      "fcf": 40638000,
      "ocf": 48135000,
      "capex": -7497000,
      "gross_margin": null,
      "op_margin": 0.05555814057901805,
      "fcf_margin": 0.03317374214799123,
      "incr_op_margin_yoy": 0.13362937683067744,
      "rev_growth_yoy": -0.1083460651290491,
      "rev_growth_yoy_accel": 0.07597977463273542,
      "op_leverage_ratio": 1.113872505338357,
      "fcf_margin_change": -0.039348786913708474
    },
    {
      "date": "2024-09-28T00:00:00",
      "quarter_label": "2024-09 (Q3)",
      "revenue": 1213867000,
      "gross_profit": null,
      "operating_income": 63116000,
      "net_income": 50033000,
      "opex": 1154673000,
      "cogs": null,
      "rd": null,
      "sga": 51252000,
      "fcf": 75618000,
      "ocf": 83096000,
      "capex": -7478000,
      "gross_margin": null,
      "op_margin": 0.05199581173225732,
      "fcf_margin": 0.062295127884685886,
      "incr_op_margin_yoy": 0.2283049365377991,
      "rev_growth_yoy": -0.058539801216896954,
      "rev_growth_yoy_accel": 0.04980626391215214,
      "fcf_margin_change": 0.029121385736694656
    },
    {
      "date": "2024-12-28T00:00:00",
      "quarter_label": "2024-12 (Q4)",
      "revenue": 1209330000,
      "gross_profit": null,
      "operating_income": 57771000,
      "net_income": 46193000,
      "opex": 1155381000,
      "cogs": null,
      "rd": null,
      "sga": 55095000,
      "fcf": 54380000,
      "ocf": 61122000,
      "capex": -6742000,
      "gross_margin": null,
      "op_margin": 0.047771079854134105,
      "fcf_margin": 0.04496704786948145,
      "incr_op_margin_yoy": -3.4382804503582394,
      "rev_growth_yoy": 0.00405580993735704,
      "rev_growth_yoy_accel": 0.062595611154254,
      "fcf_margin_change": -0.017328080015204438
    },
    {
      "date": "2025-03-29T00:00:00",
      "quarter_label": "2025-03 (Q1)",
      "revenue": 1152502000,
      "gross_profit": null,
      "operating_income": 39419000,
      "net_income": 29806000,
      "opex": 1116681000,
      "cogs": null,
      "rd": null,
      "sga": 61582000,
      "fcf": 53796000,
      "ocf": 55698000,
      "capex": -1902000,
      "gross_margin": null,
      "op_margin": 0.034202977521947904,
      "fcf_margin": 0.04667757626450974,
      "incr_op_margin_yoy": 1.1079229815004585,
      "rev_growth_yoy": -0.015832894266051716,
      "rev_growth_yoy_accel": -0.019888704203408755,
      "fcf_margin_change": 0.0017105283950282907
    },
    {
      "date": "2025-06-28T00:00:00",
      "quarter_label": "2025-06 (Q2)",
      "revenue": 1211383000,
      "gross_profit": null,
      "operating_income": 56280000,
      "net_income": 41893000,
      "opex": 1158832000,
      "cogs": null,
      "rd": null,
      "sga": 55706000,
      "fcf": 4657000,
      "ocf": 7138000,
      "capex": -2481000,
      "gross_margin": null,
      "op_margin": 0.04645929487205946,
      "fcf_margin": 0.003844366315195112,
      "incr_op_margin_yoy": 0.8647041550433123,
      "rev_growth_yoy": -0.011119954612430153,
      "rev_growth_yoy_accel": 0.0047129396536215624,
      "op_leverage_ratio": 1.3534890104411712,
      "fcf_margin_change": -0.042833209949314624
    },
    {
      "date": "2025-09-27T00:00:00",
      "quarter_label": "2025-09 (Q3)",
      "revenue": 1205406000,
      "gross_profit": null,
      "operating_income": 26326000,
      "net_income": 19364000,
      "opex": 1182373000,
      "cogs": null,
      "rd": null,
      "sga": 57015000,
      "fcf": 86043000,
      "ocf": 89333000,
      "capex": -3290000,
      "gross_margin": null,
      "op_margin": 0.021839944383883935,
      "fcf_margin": 0.07138092891523685,
      "incr_op_margin_yoy": 4.348185793641414,
      "rev_growth_yoy": -0.006970285871516402,
      "rev_growth_yoy_accel": 0.004149668740913751,
      "fcf_margin_change": 0.06753656260004175
    }
  ],
  "signals": [
    {
      "quarter": "2025-09 (Q3)",
      "signal": "FCF MARGIN EXPANSION",
      "detail": "FCF margin: +0.4% -> +7.1% (+6.8%)",
      "severity": "MEDIUM"
    },
    {
      "quarter": "2025-09 (Q3)",
      "signal": "INCREMENTAL MARGIN (YoY)",
      "detail": "YoY Incr OPM: +434.8% vs year-ago OPM: +5.2%",
      "severity": "HIGH"
    },
    {
      "quarter": "2025-06 (Q2)",
      "signal": "INCREMENTAL MARGIN (YoY)",
      "detail": "YoY Incr OPM: +86.5% vs year-ago OPM: +5.6%",
      "severity": "HIGH"
    },
    {
      "quarter": "2025-03 (Q1)",
      "signal": "INCREMENTAL MARGIN (YoY)",
      "detail": "YoY Incr OPM: +110.8% vs year-ago OPM: +5.1%",
      "severity": "HIGH"
    },
    {
      "quarter": "2024-12 (Q4)",
      "signal": "YoY REVENUE GROWTH ACCELERATION",
      "detail": "YoY growth: +0.4% vs prior quarter YoY: -5.9% (accel: +6.3%)",
      "severity": "MEDIUM"
    },
    {
      "quarter": "2024-09 (Q3)",
      "signal": "INCREMENTAL MARGIN (YoY)",
      "detail": "YoY Incr OPM: +22.8% vs year-ago OPM: +6.2%",
      "severity": "MEDIUM"
    },
    {
      "quarter": "2024-06 (Q2)",
      "signal": "YoY REVENUE GROWTH ACCELERATION",
      "detail": "YoY growth: -10.8% vs prior quarter YoY: -18.4% (accel: +7.6%)",
      "severity": "MEDIUM"
    },
    {
      "quarter": "2024-03 (Q1)",
      "signal": "YoY REVENUE GROWTH ACCELERATION",
      "detail": "YoY growth: -18.4% vs prior quarter YoY: -28.1% (accel: +9.7%)",
      "severity": "MEDIUM"
    },
    {
      "quarter": "2023-09 (Q3)",
      "signal": "FCF MARGIN EXPANSION",
      "detail": "FCF margin: +3.4% -> +8.5% (+5.1%)",
      "severity": "MEDIUM"
    },
    {
      "quarter": "2023-04 (Q2)",
      "signal": "YoY REVENUE GROWTH DECELERATION",
      "detail": "YoY growth: -27.1% vs prior quarter YoY: -13.9% (decel: -13.3%)",
      "severity": "WARNING"
    },
    {
      "quarter": "2022-12 (Q4)",
      "signal": "YoY REVENUE GROWTH DECELERATION",
      "detail": "YoY growth: -13.9% vs prior quarter YoY: +4.7% (decel: -18.6%)",
      "severity": "WARNING"
    },
    {
      "quarter": "2022-09 (Q3)",
      "signal": "FCF MARGIN EXPANSION",
      "detail": "FCF margin: +5.6% -> +11.7% (+6.1%)",
      "severity": "MEDIUM"
    },
    {
      "quarter": "2022-09 (Q3)",
      "signal": "YoY REVENUE GROWTH DECELERATION",
      "detail": "YoY growth: +4.7% vs prior quarter YoY: +25.7% (decel: -21.0%)",
      "severity": "WARNING"
    },
    {
      "quarter": "2022-06 (Q2)",
      "signal": "YoY REVENUE GROWTH DECELERATION",
      "detail": "YoY growth: +25.7% vs prior quarter YoY: +53.1% (decel: -27.3%)",
      "severity": "WARNING"
    },
    {
      "quarter": "2022-03 (Q1)",
      "signal": "OPERATING LEVERAGE",
      "detail": "Rev growth +1.3% vs OpEx growth +0.6% (leverage: 2.1x)",
      "severity": "MEDIUM"
    }
  ],
  "data_quality": {
    "n_quarters": 20,
    "coverage": {
      "revenue": [
        20,
        20
      ],
      "gross_profit": [
        0,
        20
      ],
      "op_income": [
        20,
        20
      ],
      "fcf": [
        20,
        20
      ]
    },
    "gaps": [],
    "warnings": [
      "gross_profit: no data"
    ]
  },
  "market_cap": null,
  "source": "SEC EDGAR",
  "last_updated": "2026-02-02T21:01:29.431268"
}