{
  "ticker": "LTC",
  "name": "LTC PROPERTIES INC",
  "quarters": [
    {
      "date": "2020-12-31T00:00:00",
      "quarter_label": "2020-12 (Q4)",
      "revenue": 46273000,
      "gross_profit": null,
      "operating_income": 17658000,
      "net_income": 17573000,
      "opex": 28659000,
      "cogs": null,
      "rd": null,
      "sga": null,
      "fcf": 30472000,
      "ocf": 30472000,
      "capex": null,
      "gross_margin": null,
      "op_margin": 0.381604823547209,
      "fcf_margin": 0.6585265705703109
    },
    {
      "date": "2021-03-31T00:00:00",
      "quarter_label": "2021-03 (Q1)",
      "revenue": 40280000,
      "gross_profit": null,
      "operating_income": 13561000,
      "net_income": 13762000,
      "opex": 25946000,
      "cogs": null,
      "rd": null,
      "sga": null,
      "fcf": 21259000,
      "ocf": 21259000,
      "capex": null,
      "gross_margin": null,
      "op_margin": 0.3366683217477656,
      "fcf_margin": 0.5277805362462761,
      "fcf_margin_change": -0.13074603432403487
    },
    {
      "date": "2021-06-30T00:00:00",
      "quarter_label": "2021-06 (Q2)",
      "revenue": 38129000,
      "gross_profit": null,
      "operating_income": 17954000,
      "net_income": 18239000,
      "opex": 25638000,
      "cogs": null,
      "rd": null,
      "sga": null,
      "fcf": 27385000,
      "ocf": 27385000,
      "capex": null,
      "gross_margin": null,
      "op_margin": 0.47087518686564034,
      "fcf_margin": 0.7182197277662672,
      "fcf_margin_change": 0.1904391915199911
    },
    {
      "date": "2021-09-30T00:00:00",
      "quarter_label": "2021-09 (Q3)",
      "revenue": 37472000,
      "gross_profit": null,
      "operating_income": 10738000,
      "net_income": 11022000,
      "opex": 29436000,
      "cogs": null,
      "rd": null,
      "sga": null,
      "fcf": 20937000,
      "ocf": 20937000,
      "capex": null,
      "gross_margin": null,
      "op_margin": 0.2865606319385141,
      "fcf_margin": 0.5587371904355252,
      "fcf_margin_change": -0.15948253733074202
    },
    {
      "date": "2021-12-31T00:00:00",
      "quarter_label": "2021-12 (Q4)",
      "revenue": 39441000,
      "gross_profit": null,
      "operating_income": 12554000,
      "net_income": 12838000,
      "opex": 26957000,
      "cogs": null,
      "rd": null,
      "sga": null,
      "fcf": 21603000,
      "ocf": 21603000,
      "capex": null,
      "gross_margin": null,
      "op_margin": 0.3182982175908319,
      "fcf_margin": 0.5477295200425952,
      "incr_op_margin_yoy": 0.747072599531616,
      "rev_growth_yoy": -0.14764549521319129,
      "op_leverage_ratio": Infinity,
      "fcf_margin_change": -0.011007670392929936
    },
    {
      "date": "2022-03-31T00:00:00",
      "quarter_label": "2022-03 (Q1)",
      "revenue": 40787000,
      "gross_profit": null,
      "operating_income": 14132000,
      "net_income": 14412000,
      "opex": 26757000,
      "cogs": null,
      "rd": null,
      "sga": null,
      "fcf": 18568000,
      "ocf": 18568000,
      "capex": null,
      "gross_margin": null,
      "op_margin": 0.34648294799813667,
      "fcf_margin": 0.4552430921617182,
      "rev_growth_yoy": 0.012586891757696127,
      "rev_growth_yoy_accel": 0.1602323869708874,
      "op_leverage_ratio": Infinity,
      "fcf_margin_change": -0.09248642788087702
    },
    {
      "date": "2022-06-30T00:00:00",
      "quarter_label": "2022-06 (Q2)",
      "revenue": 43024000,
      "gross_profit": null,
      "operating_income": 54114000,
      "net_income": 54383000,
      "opex": 27004000,
      "cogs": null,
      "rd": null,
      "sga": null,
      "fcf": 29876000,
      "ocf": 29876000,
      "capex": null,
      "gross_margin": null,
      "op_margin": 1.2577631089624395,
      "fcf_margin": 0.694403123837858,
      "incr_op_margin_yoy": 7.387129724208376,
      "rev_growth_yoy": 0.12837997324870834,
      "rev_growth_yoy_accel": 0.11579308149101221,
      "op_leverage_ratio": 5.941343837328498,
      "fcf_margin_change": 0.23916003167613975
    },
    {
      "date": "2022-09-30T00:00:00",
      "quarter_label": "2022-09 (Q3)",
      "revenue": 43503000,
      "gross_profit": null,
      "operating_income": 13013000,
      "net_income": 13290000,
      "opex": 30103000,
      "cogs": null,
      "rd": null,
      "sga": null,
      "fcf": 24328000,
      "ocf": 24328000,
      "capex": null,
      "gross_margin": null,
      "op_margin": 0.29912879571523804,
      "fcf_margin": 0.5592258005195044,
      "incr_op_margin_yoy": 0.3772177085060521,
      "rev_growth_yoy": 0.16094684030742953,
      "rev_growth_yoy_accel": 0.032566867058721194,
      "op_leverage_ratio": 0.09701329415515819,
      "fcf_margin_change": -0.13517732331835353
    },
    {
      "date": "2022-12-31T00:00:00",
      "quarter_label": "2022-12 (Q4)",
      "revenue": 47839000,
      "gross_profit": null,
      "operating_income": 17821000,
      "net_income": 17939000,
      "opex": 30039000,
      "cogs": null,
      "rd": null,
      "sga": null,
      "fcf": 32814000,
      "ocf": 32814000,
      "capex": null,
      "gross_margin": null,
      "op_margin": 0.3725203286021865,
      "fcf_margin": 0.6859257091494387,
      "incr_op_margin_yoy": 0.6271731364610622,
      "rev_growth_yoy": 0.2129256357597424,
      "rev_growth_yoy_accel": 0.051978795452312876,
      "op_leverage_ratio": Infinity,
      "fcf_margin_change": 0.1266999086299343
    },
    {
      "date": "2023-03-31T00:00:00",
      "quarter_label": "2023-03 (Q1)",
      "revenue": 49500000,
      "gross_profit": null,
      "operating_income": 33185000,
      "net_income": 33134000,
      "opex": 31688000,
      "cogs": null,
      "rd": null,
      "sga": null,
      "fcf": 18039000,
      "ocf": 18039000,
      "capex": null,
      "gross_margin": null,
      "op_margin": 0.6704040404040404,
      "fcf_margin": 0.36442424242424243,
      "incr_op_margin_yoy": 2.1867324687248937,
      "rev_growth_yoy": 0.2136219873979454,
      "rev_growth_yoy_accel": 0.0006963516382030022,
      "op_leverage_ratio": 0.632488094193949,
      "fcf_margin_change": -0.3215014667251963
    },
    {
      "date": "2023-06-30T00:00:00",
      "quarter_label": "2023-06 (Q2)",
      "revenue": 48246000,
      "gross_profit": null,
      "operating_income": 6228000,
      "net_income": 6174000,
      "opex": 42320000,
      "cogs": null,
      "rd": null,
      "sga": null,
      "fcf": 28495000,
      "ocf": 28495000,
      "capex": null,
      "gross_margin": null,
      "op_margin": 0.12908842183807984,
      "fcf_margin": 0.590618911412345,
      "incr_op_margin_yoy": -9.170049789352738,
      "rev_growth_yoy": 0.12137411677203422,
      "rev_growth_yoy_accel": -0.0922478706259112,
      "fcf_margin_change": 0.2261946689881026
    },
    {
      "date": "2023-09-30T00:00:00",
      "quarter_label": "2023-09 (Q3)",
      "revenue": 49303000,
      "gross_profit": null,
      "operating_income": 22252000,
      "net_income": 22197000,
      "opex": 31921000,
      "cogs": null,
      "rd": null,
      "sga": null,
      "fcf": 32398000,
      "ocf": 32398000,
      "capex": null,
      "gross_margin": null,
      "op_margin": 0.4513315619739164,
      "fcf_margin": 0.6571202563738515,
      "incr_op_margin_yoy": 1.5929310344827585,
      "rev_growth_yoy": 0.13332413856515643,
      "rev_growth_yoy_accel": 0.011950021793122212,
      "op_leverage_ratio": Infinity,
      "fcf_margin_change": 0.0665013449615065
    },
    {
      "date": "2023-12-31T00:00:00",
      "quarter_label": "2023-12 (Q4)",
      "revenue": 50195000,
      "gross_profit": null,
      "operating_income": 28293000,
      "net_income": 28230000,
      "opex": 38653000,
      "cogs": null,
      "rd": null,
      "sga": null,
      "fcf": 25471000,
      "ocf": 25471000,
      "capex": null,
      "gross_margin": null,
      "op_margin": 0.5636617192947505,
      "fcf_margin": 0.5074409801773085,
      "incr_op_margin_yoy": 4.444821731748727,
      "rev_growth_yoy": 0.049248521081126276,
      "rev_growth_yoy_accel": -0.08407561748403015,
      "op_leverage_ratio": 0.0857874757482346,
      "fcf_margin_change": -0.14967927619654298
    },
    {
      "date": "2024-03-31T00:00:00",
      "quarter_label": "2024-03 (Q1)",
      "revenue": 51366000,
      "gross_profit": null,
      "operating_income": 24313000,
      "net_income": 24230000,
      "opex": 30304000,
      "cogs": null,
      "rd": null,
      "sga": null,
      "fcf": 21066000,
      "ocf": 21066000,
      "capex": null,
      "gross_margin": null,
      "op_margin": 0.4733286609819725,
      "fcf_margin": 0.41011564069618034,
      "incr_op_margin_yoy": -4.754555198285102,
      "rev_growth_yoy": 0.037696969696969694,
      "rev_growth_yoy_accel": -0.011551551384156582,
      "op_leverage_ratio": Infinity,
      "fcf_margin_change": -0.0973253394811282
    },
    {
      "date": "2024-06-30T00:00:00",
      "quarter_label": "2024-06 (Q2)",
      "revenue": 50116000,
      "gross_profit": null,
      "operating_income": 19067000,
      "net_income": 19361000,
      "opex": 31017000,
      "cogs": null,
      "rd": null,
      "sga": null,
      "fcf": 36960000,
      "ocf": 36960000,
      "capex": null,
      "gross_margin": null,
      "op_margin": 0.3804573389735813,
      "fcf_margin": 0.7374890254609306,
      "incr_op_margin_yoy": 6.865775401069519,
      "rev_growth_yoy": 0.03875968992248062,
      "rev_growth_yoy_accel": 0.0010627202255109255,
      "fcf_margin_change": 0.3273733847647503
    },
    {
      "date": "2024-09-30T00:00:00",
      "quarter_label": "2024-09 (Q3)",
      "revenue": 55783000,
      "gross_profit": null,
      "operating_income": 30170000,
      "net_income": 29366000,
      "opex": 29276000,
      "cogs": null,
      "rd": null,
      "sga": null,
      "fcf": 33972000,
      "ocf": 33972000,
      "capex": null,
      "gross_margin": null,
      "op_margin": 0.540845777387376,
      "fcf_margin": 0.6090027427710951,
      "incr_op_margin_yoy": 1.2219135802469137,
      "rev_growth_yoy": 0.13143216437133642,
      "rev_growth_yoy_accel": 0.0926724744488558,
      "op_leverage_ratio": Infinity,
      "fcf_margin_change": -0.12848628268983553
    },
    {
      "date": "2024-12-31T00:00:00",
      "quarter_label": "2024-12 (Q4)",
      "revenue": 52582000,
      "gross_profit": null,
      "operating_income": 18887000,
      "net_income": 18083000,
      "opex": 34792000,
      "cogs": null,
      "rd": null,
      "sga": null,
      "fcf": 33174000,
      "ocf": 33174000,
      "capex": null,
      "gross_margin": null,
      "op_margin": 0.35919135825948045,
      "fcf_margin": 0.630900308090221,
      "incr_op_margin_yoy": -3.9405111018014245,
      "rev_growth_yoy": 0.0475545373045124,
      "rev_growth_yoy_accel": -0.08387762706682403,
      "fcf_margin_change": 0.0218975653191259
    },
    {
      "date": "2025-03-31T00:00:00",
      "quarter_label": "2025-03 (Q1)",
      "revenue": 49031000,
      "gross_profit": null,
      "operating_income": 18556000,
      "net_income": 20680000,
      "opex": 30646000,
      "cogs": null,
      "rd": null,
      "sga": null,
      "fcf": 29571000,
      "ocf": 29571000,
      "capex": null,
      "gross_margin": null,
      "op_margin": 0.37845444718647386,
      "fcf_margin": 0.6031082376455712,
      "incr_op_margin_yoy": 2.465524625267666,
      "rev_growth_yoy": -0.04545808511466729,
      "rev_growth_yoy_accel": -0.0930126224191797,
      "fcf_margin_change": -0.02779207044464982
    },
    {
      "date": "2025-06-30T00:00:00",
      "quarter_label": "2025-06 (Q2)",
      "revenue": 60240000,
      "gross_profit": null,
      "operating_income": 48465000,
      "net_income": 15092000,
      "opex": 44544000,
      "cogs": null,
      "rd": null,
      "sga": null,
      "fcf": 30027000,
      "ocf": 30027000,
      "capex": null,
      "gross_margin": null,
      "op_margin": 0.8045318725099602,
      "fcf_margin": 0.49845617529880476,
      "incr_op_margin_yoy": 2.9037929672066376,
      "rev_growth_yoy": 0.20201133370580254,
      "rev_growth_yoy_accel": 0.24746941882046983,
      "op_leverage_ratio": 0.5041010571316201,
      "fcf_margin_change": -0.10465206234676644
    },
    {
      "date": "2025-09-30T00:00:00",
      "quarter_label": "2025-09 (Q3)",
      "revenue": 69290000,
      "gross_profit": null,
      "operating_income": 49786000,
      "net_income": -19995000,
      "opex": 87489000,
      "cogs": null,
      "rd": null,
      "sga": null,
      "fcf": 38440000,
      "ocf": 38440000,
      "capex": null,
      "gross_margin": null,
      "op_margin": 0.7185163804300765,
      "fcf_margin": 0.5547698080531102,
      "incr_op_margin_yoy": 1.4522840008884281,
      "rev_growth_yoy": 0.24213470053600558,
      "rev_growth_yoy_accel": 0.04012336683020304,
      "op_leverage_ratio": 0.15582610760822121,
      "fcf_margin_change": 0.0563136327543054
    }
  ],
  "signals": [
    {
      "quarter": "2025-09 (Q3)",
      "signal": "FCF MARGIN EXPANSION",
      "detail": "FCF margin: +49.8% -> +55.5% (+5.6%)",
      "severity": "MEDIUM"
    },
    {
      "quarter": "2025-09 (Q3)",
      "signal": "INCREMENTAL MARGIN (YoY)",
      "detail": "YoY Incr OPM: +145.2% vs year-ago OPM: +54.1%",
      "severity": "HIGH"
    },
    {
      "quarter": "2025-06 (Q2)",
      "signal": "YoY REVENUE GROWTH ACCELERATION",
      "detail": "YoY growth: +20.2% vs prior quarter YoY: -4.5% (accel: +24.7%)",
      "severity": "HIGH"
    },
    {
      "quarter": "2025-06 (Q2)",
      "signal": "INCREMENTAL MARGIN (YoY)",
      "detail": "YoY Incr OPM: +290.4% vs year-ago OPM: +38.0%",
      "severity": "HIGH"
    },
    {
      "quarter": "2025-03 (Q1)",
      "signal": "YoY REVENUE GROWTH DECELERATION",
      "detail": "YoY growth: -4.5% vs prior quarter YoY: +4.8% (decel: -9.3%)",
      "severity": "WARNING"
    },
    {
      "quarter": "2025-03 (Q1)",
      "signal": "INCREMENTAL MARGIN (YoY)",
      "detail": "YoY Incr OPM: +246.6% vs year-ago OPM: +47.3%",
      "severity": "HIGH"
    },
    {
      "quarter": "2024-12 (Q4)",
      "signal": "YoY REVENUE GROWTH DECELERATION",
      "detail": "YoY growth: +4.8% vs prior quarter YoY: +13.1% (decel: -8.4%)",
      "severity": "WARNING"
    },
    {
      "quarter": "2024-09 (Q3)",
      "signal": "YoY REVENUE GROWTH ACCELERATION",
      "detail": "YoY growth: +13.1% vs prior quarter YoY: +3.9% (accel: +9.3%)",
      "severity": "MEDIUM"
    },
    {
      "quarter": "2024-09 (Q3)",
      "signal": "INCREMENTAL MARGIN (YoY)",
      "detail": "YoY Incr OPM: +122.2% vs year-ago OPM: +45.1%",
      "severity": "HIGH"
    },
    {
      "quarter": "2024-06 (Q2)",
      "signal": "FCF MARGIN EXPANSION",
      "detail": "FCF margin: +41.0% -> +73.7% (+32.7%)",
      "severity": "MEDIUM"
    },
    {
      "quarter": "2024-06 (Q2)",
      "signal": "INCREMENTAL MARGIN (YoY)",
      "detail": "YoY Incr OPM: +686.6% vs year-ago OPM: +12.9%",
      "severity": "HIGH"
    },
    {
      "quarter": "2023-12 (Q4)",
      "signal": "YoY REVENUE GROWTH DECELERATION",
      "detail": "YoY growth: +4.9% vs prior quarter YoY: +13.3% (decel: -8.4%)",
      "severity": "WARNING"
    },
    {
      "quarter": "2023-12 (Q4)",
      "signal": "INCREMENTAL MARGIN (YoY)",
      "detail": "YoY Incr OPM: +444.5% vs year-ago OPM: +37.3%",
      "severity": "HIGH"
    },
    {
      "quarter": "2023-09 (Q3)",
      "signal": "FCF MARGIN EXPANSION",
      "detail": "FCF margin: +59.1% -> +65.7% (+6.7%)",
      "severity": "MEDIUM"
    },
    {
      "quarter": "2023-09 (Q3)",
      "signal": "INCREMENTAL MARGIN (YoY)",
      "detail": "YoY Incr OPM: +159.3% vs year-ago OPM: +29.9%",
      "severity": "HIGH"
    },
    {
      "quarter": "2023-06 (Q2)",
      "signal": "FCF MARGIN EXPANSION",
      "detail": "FCF margin: +36.4% -> +59.1% (+22.6%)",
      "severity": "MEDIUM"
    },
    {
      "quarter": "2023-06 (Q2)",
      "signal": "YoY REVENUE GROWTH DECELERATION",
      "detail": "YoY growth: +12.1% vs prior quarter YoY: +21.4% (decel: -9.2%)",
      "severity": "WARNING"
    },
    {
      "quarter": "2023-03 (Q1)",
      "signal": "INCREMENTAL MARGIN (YoY)",
      "detail": "YoY Incr OPM: +218.7% vs year-ago OPM: +34.6%",
      "severity": "HIGH"
    },
    {
      "quarter": "2022-12 (Q4)",
      "signal": "FCF MARGIN EXPANSION",
      "detail": "FCF margin: +55.9% -> +68.6% (+12.7%)",
      "severity": "MEDIUM"
    },
    {
      "quarter": "2022-12 (Q4)",
      "signal": "YoY REVENUE GROWTH ACCELERATION",
      "detail": "YoY growth: +21.3% vs prior quarter YoY: +16.1% (accel: +5.2%)",
      "severity": "MEDIUM"
    },
    {
      "quarter": "2022-12 (Q4)",
      "signal": "INCREMENTAL MARGIN (YoY)",
      "detail": "YoY Incr OPM: +62.7% vs year-ago OPM: +31.8%",
      "severity": "HIGH"
    },
    {
      "quarter": "2022-06 (Q2)",
      "signal": "FCF MARGIN EXPANSION",
      "detail": "FCF margin: +45.5% -> +69.4% (+23.9%)",
      "severity": "MEDIUM"
    },
    {
      "quarter": "2022-06 (Q2)",
      "signal": "OPERATING LEVERAGE",
      "detail": "Rev growth +5.5% vs OpEx growth +0.9% (leverage: 5.9x)",
      "severity": "MEDIUM"
    },
    {
      "quarter": "2022-06 (Q2)",
      "signal": "YoY REVENUE GROWTH ACCELERATION",
      "detail": "YoY growth: +12.8% vs prior quarter YoY: +1.3% (accel: +11.6%)",
      "severity": "MEDIUM"
    },
    {
      "quarter": "2022-06 (Q2)",
      "signal": "INCREMENTAL MARGIN (YoY)",
      "detail": "YoY Incr OPM: +738.7% vs year-ago OPM: +47.1%",
      "severity": "HIGH"
    },
    {
      "quarter": "2022-03 (Q1)",
      "signal": "YoY REVENUE GROWTH ACCELERATION",
      "detail": "YoY growth: +1.3% vs prior quarter YoY: -14.8% (accel: +16.0%)",
      "severity": "HIGH"
    },
    {
      "quarter": "2021-12 (Q4)",
      "signal": "INCREMENTAL MARGIN (YoY)",
      "detail": "YoY Incr OPM: +74.7% vs year-ago OPM: +38.2%",
      "severity": "HIGH"
    },
    {
      "quarter": "2021-06 (Q2)",
      "signal": "FCF MARGIN EXPANSION",
      "detail": "FCF margin: +52.8% -> +71.8% (+19.0%)",
      "severity": "MEDIUM"
    }
  ],
  "data_quality": {
    "n_quarters": 20,
    "coverage": {
      "revenue": [
        20,
        20
      ],
      "gross_profit": [
        0,
        20
      ],
      "op_income": [
        20,
        20
      ],
      "fcf": [
        20,
        20
      ]
    },
    "gaps": [],
    "warnings": [
      "gross_profit: no data"
    ]
  },
  "market_cap": null,
  "source": "SEC EDGAR",
  "last_updated": "2026-02-02T21:43:09.525967"
}