{
  "ticker": "LTSV",
  "name": "Lightstone Value Plus REIT IV, Inc.",
  "quarters": [
    {
      "date": "2023-03-31T00:00:00",
      "quarter_label": "2023-03 (Q1)",
      "revenue": 952862,
      "gross_profit": null,
      "operating_income": null,
      "net_income": -2856941,
      "opex": 3605591,
      "cogs": null,
      "rd": null,
      "sga": null,
      "fcf": 2650663,
      "ocf": 2650663,
      "capex": null,
      "gross_margin": null,
      "op_margin": null,
      "fcf_margin": 2.781791067331891
    },
    {
      "date": "2023-06-30T00:00:00",
      "quarter_label": "2023-06 (Q2)",
      "revenue": 7106082,
      "gross_profit": null,
      "operating_income": null,
      "net_income": -3054078,
      "opex": 7702806,
      "cogs": null,
      "rd": null,
      "sga": null,
      "fcf": -3895181,
      "ocf": -3895181,
      "capex": null,
      "gross_margin": null,
      "op_margin": null,
      "fcf_margin": -0.5481474883064957,
      "op_leverage_ratio": 5.682770826698597,
      "fcf_margin_change": -3.3299385556383867
    },
    {
      "date": "2023-09-30T00:00:00",
      "quarter_label": "2023-09 (Q3)",
      "revenue": 7691374,
      "gross_profit": null,
      "operating_income": null,
      "net_income": -2730165,
      "opex": 7661424,
      "cogs": null,
      "rd": null,
      "sga": null,
      "fcf": -2675908,
      "ocf": -2675908,
      "capex": null,
      "gross_margin": null,
      "op_margin": null,
      "fcf_margin": -0.3479102693484935,
      "op_leverage_ratio": Infinity,
      "fcf_margin_change": 0.20023721895800223
    },
    {
      "date": "2023-12-31T00:00:00",
      "quarter_label": "2023-12 (Q4)",
      "revenue": 7572011,
      "gross_profit": null,
      "operating_income": null,
      "net_income": -2398978,
      "opex": 6825102,
      "cogs": null,
      "rd": null,
      "sga": null,
      "fcf": -837036,
      "ocf": -837036,
      "capex": null,
      "gross_margin": null,
      "op_margin": null,
      "fcf_margin": -0.11054342102778245,
      "fcf_margin_change": 0.23736684832071106
    },
    {
      "date": "2024-03-31T00:00:00",
      "quarter_label": "2024-03 (Q1)",
      "revenue": 4558927,
      "gross_profit": null,
      "operating_income": null,
      "net_income": -3827203,
      "opex": 6030930,
      "cogs": null,
      "rd": null,
      "sga": null,
      "fcf": -2158000,
      "ocf": -2158000,
      "capex": null,
      "gross_margin": null,
      "op_margin": null,
      "fcf_margin": -0.47335699825858146,
      "rev_growth_yoy": 3.7844567209102684,
      "fcf_margin_change": -0.362813577230799
    },
    {
      "date": "2024-06-30T00:00:00",
      "quarter_label": "2024-06 (Q2)",
      "revenue": 8301636,
      "gross_profit": null,
      "operating_income": null,
      "net_income": -1553299,
      "opex": 7197586,
      "cogs": null,
      "rd": null,
      "sga": null,
      "fcf": -7113000,
      "ocf": -7113000,
      "capex": null,
      "gross_margin": null,
      "op_margin": null,
      "fcf_margin": -0.8568190655432255,
      "rev_growth_yoy": 0.16824376639616598,
      "rev_growth_yoy_accel": -3.6162129545141024,
      "op_leverage_ratio": 4.243897559474186,
      "fcf_margin_change": -0.38346206728464405
    },
    {
      "date": "2024-09-30T00:00:00",
      "quarter_label": "2024-09 (Q3)",
      "revenue": 8462836,
      "gross_profit": null,
      "operating_income": null,
      "net_income": -1157317,
      "opex": 6973407,
      "cogs": null,
      "rd": null,
      "sga": null,
      "fcf": 1581000,
      "ocf": 1581000,
      "capex": null,
      "gross_margin": null,
      "op_margin": null,
      "fcf_margin": 0.1868168070372627,
      "rev_growth_yoy": 0.1003022346852461,
      "rev_growth_yoy_accel": -0.06794153171091988,
      "op_leverage_ratio": Infinity,
      "fcf_margin_change": 1.0436358725804882
    },
    {
      "date": "2024-12-31T00:00:00",
      "quarter_label": "2024-12 (Q4)",
      "revenue": 8373551,
      "gross_profit": null,
      "operating_income": null,
      "net_income": -1482576,
      "opex": 7441300,
      "cogs": null,
      "rd": null,
      "sga": null,
      "fcf": -17837,
      "ocf": -17837,
      "capex": null,
      "gross_margin": null,
      "op_margin": null,
      "fcf_margin": -0.0021301595941793394,
      "rev_growth_yoy": 0.1058556306904467,
      "rev_growth_yoy_accel": 0.005553396005200606,
      "fcf_margin_change": -0.18894696663144203
    },
    {
      "date": "2025-03-31T00:00:00",
      "quarter_label": "2025-03 (Q1)",
      "revenue": 5086000,
      "gross_profit": null,
      "operating_income": null,
      "net_income": -2940000,
      "opex": 6170000,
      "cogs": null,
      "rd": null,
      "sga": null,
      "fcf": -2431000,
      "ocf": -2431000,
      "capex": null,
      "gross_margin": null,
      "op_margin": null,
      "fcf_margin": -0.477978765237908,
      "rev_growth_yoy": 0.11561338885224527,
      "rev_growth_yoy_accel": 0.009757758161798566,
      "fcf_margin_change": -0.47584860564372866
    },
    {
      "date": "2025-06-30T00:00:00",
      "quarter_label": "2025-06 (Q2)",
      "revenue": 8616000,
      "gross_profit": null,
      "operating_income": null,
      "net_income": 117000,
      "opex": 6550000,
      "cogs": null,
      "rd": null,
      "sga": null,
      "fcf": 235000,
      "ocf": 235000,
      "capex": null,
      "gross_margin": null,
      "op_margin": null,
      "fcf_margin": 0.027274837511606313,
      "rev_growth_yoy": 0.03786771667656833,
      "rev_growth_yoy_accel": -0.07774567217567693,
      "op_leverage_ratio": 11.269377237825196,
      "fcf_margin_change": 0.5052536027495144
    },
    {
      "date": "2025-09-30T00:00:00",
      "quarter_label": "2025-09 (Q3)",
      "revenue": 8246000,
      "gross_profit": null,
      "operating_income": null,
      "net_income": -394000,
      "opex": 6033000,
      "cogs": null,
      "rd": null,
      "sga": null,
      "fcf": 776000,
      "ocf": 776000,
      "capex": null,
      "gross_margin": null,
      "op_margin": null,
      "fcf_margin": 0.0941062333252486,
      "rev_growth_yoy": -0.02562214368800246,
      "rev_growth_yoy_accel": -0.0634898603645708,
      "fcf_margin_change": 0.0668313958136423
    }
  ],
  "signals": [
    {
      "quarter": "2025-09 (Q3)",
      "signal": "FCF MARGIN EXPANSION",
      "detail": "FCF margin: +2.7% -> +9.4% (+6.7%)",
      "severity": "MEDIUM"
    },
    {
      "quarter": "2025-09 (Q3)",
      "signal": "YoY REVENUE GROWTH DECELERATION",
      "detail": "YoY growth: -2.6% vs prior quarter YoY: +3.8% (decel: -6.3%)",
      "severity": "WARNING"
    },
    {
      "quarter": "2025-06 (Q2)",
      "signal": "FCF TURNED POSITIVE",
      "detail": "FCF margin: -47.8% -> +2.7%",
      "severity": "HIGH"
    },
    {
      "quarter": "2025-06 (Q2)",
      "signal": "OPERATING LEVERAGE",
      "detail": "Rev growth +69.4% vs OpEx growth +6.2% (leverage: 11.3x)",
      "severity": "MEDIUM"
    },
    {
      "quarter": "2025-06 (Q2)",
      "signal": "YoY REVENUE GROWTH DECELERATION",
      "detail": "YoY growth: +3.8% vs prior quarter YoY: +11.6% (decel: -7.8%)",
      "severity": "WARNING"
    },
    {
      "quarter": "2024-09 (Q3)",
      "signal": "FCF TURNED POSITIVE",
      "detail": "FCF margin: -85.7% -> +18.7%",
      "severity": "HIGH"
    },
    {
      "quarter": "2024-09 (Q3)",
      "signal": "YoY REVENUE GROWTH DECELERATION",
      "detail": "YoY growth: +10.0% vs prior quarter YoY: +16.8% (decel: -6.8%)",
      "severity": "WARNING"
    },
    {
      "quarter": "2024-06 (Q2)",
      "signal": "OPERATING LEVERAGE",
      "detail": "Rev growth +82.1% vs OpEx growth +19.3% (leverage: 4.2x)",
      "severity": "MEDIUM"
    },
    {
      "quarter": "2024-06 (Q2)",
      "signal": "YoY REVENUE GROWTH DECELERATION",
      "detail": "YoY growth: +16.8% vs prior quarter YoY: +378.4% (decel: -361.6%)",
      "severity": "WARNING"
    },
    {
      "quarter": "2023-12 (Q4)",
      "signal": "FCF MARGIN EXPANSION",
      "detail": "FCF margin: -34.8% -> -11.1% (+23.7%)",
      "severity": "MEDIUM"
    },
    {
      "quarter": "2023-09 (Q3)",
      "signal": "FCF MARGIN EXPANSION",
      "detail": "FCF margin: -54.8% -> -34.8% (+20.0%)",
      "severity": "MEDIUM"
    },
    {
      "quarter": "2023-06 (Q2)",
      "signal": "OPERATING LEVERAGE",
      "detail": "Rev growth +645.8% vs OpEx growth +113.6% (leverage: 5.7x)",
      "severity": "MEDIUM"
    }
  ],
  "data_quality": {
    "n_quarters": 11,
    "coverage": {
      "revenue": [
        11,
        11
      ],
      "gross_profit": [
        0,
        11
      ],
      "op_income": [
        0,
        11
      ],
      "fcf": [
        11,
        11
      ]
    },
    "gaps": [],
    "warnings": [
      "gross_profit: no data",
      "op_income: no data"
    ]
  },
  "market_cap": null,
  "source": "SEC EDGAR",
  "last_updated": "2026-02-03T01:00:36.384191"
}