{
  "ticker": "LUMN",
  "name": "Lumen Technologies, Inc.",
  "quarters": [
    {
      "date": "2020-12-31T00:00:00",
      "quarter_label": "2020-12 (Q4)",
      "revenue": 5125000000,
      "gross_profit": 2894000000,
      "operating_income": -1809000000,
      "net_income": -2289000000,
      "opex": 6934000000,
      "cogs": 2231000000,
      "rd": null,
      "sga": 866000000,
      "fcf": 1682000000,
      "ocf": 1682000000,
      "capex": null,
      "gross_margin": 0.5646829268292682,
      "op_margin": -0.35297560975609754,
      "fcf_margin": 0.3281951219512195
    },
    {
      "date": "2021-03-31T00:00:00",
      "quarter_label": "2021-03 (Q1)",
      "revenue": 5029000000,
      "gross_profit": 2893000000,
      "operating_income": 987000000,
      "net_income": 475000000,
      "opex": 4042000000,
      "cogs": 2136000000,
      "rd": null,
      "sga": 756000000,
      "fcf": 1525000000,
      "ocf": 1525000000,
      "capex": null,
      "gross_margin": 0.5752634718631935,
      "op_margin": 0.19626168224299065,
      "fcf_margin": 0.30324120103400276,
      "fcf_margin_change": -0.024953920917216765
    },
    {
      "date": "2021-06-30T00:00:00",
      "quarter_label": "2021-06 (Q2)",
      "revenue": 4924000000,
      "gross_profit": 2809000000,
      "operating_income": 1006000000,
      "net_income": 506000000,
      "opex": 3918000000,
      "cogs": 2115000000,
      "rd": null,
      "sga": 762000000,
      "fcf": 1639000000,
      "ocf": 1639000000,
      "capex": null,
      "gross_margin": 0.5704711616571893,
      "op_margin": 0.20430544272948822,
      "fcf_margin": 0.332859463850528,
      "fcf_margin_change": 0.029618262816525243
    },
    {
      "date": "2021-09-30T00:00:00",
      "quarter_label": "2021-09 (Q3)",
      "revenue": 4887000000,
      "gross_profit": 2736000000,
      "operating_income": 1131000000,
      "net_income": 544000000,
      "opex": 3756000000,
      "cogs": 2151000000,
      "rd": null,
      "sga": 654000000,
      "fcf": 1730000000,
      "ocf": 1730000000,
      "capex": null,
      "gross_margin": 0.5598526703499079,
      "op_margin": 0.23143032535297728,
      "fcf_margin": 0.35400040924902804,
      "fcf_margin_change": 0.021140945398500033
    },
    {
      "date": "2021-12-31T00:00:00",
      "quarter_label": "2021-12 (Q4)",
      "revenue": 4847000000,
      "gross_profit": 2761000000,
      "operating_income": 1161000000,
      "net_income": 508000000,
      "opex": 3686000000,
      "cogs": 2086000000,
      "rd": null,
      "sga": 723000000,
      "fcf": 1607000000,
      "ocf": 1607000000,
      "capex": null,
      "gross_margin": 0.5696306994016918,
      "op_margin": 0.23952960594181968,
      "fcf_margin": 0.331545285743759,
      "incr_op_margin_yoy": -10.683453237410072,
      "rev_growth_yoy": -0.05424390243902439,
      "fcf_margin_change": -0.022455123505269015
    },
    {
      "date": "2022-03-31T00:00:00",
      "quarter_label": "2022-03 (Q1)",
      "revenue": 4676000000,
      "gross_profit": 2691000000,
      "operating_income": 1083000000,
      "net_income": 599000000,
      "opex": 3593000000,
      "cogs": 1985000000,
      "rd": null,
      "sga": 800000000,
      "fcf": 1375000000,
      "ocf": 1375000000,
      "capex": null,
      "gross_margin": 0.575491873396065,
      "op_margin": 0.2316082121471343,
      "fcf_margin": 0.294054747647562,
      "incr_op_margin_yoy": -0.2719546742209632,
      "rev_growth_yoy": -0.07019288128852655,
      "rev_growth_yoy_accel": -0.01594897884950216,
      "fcf_margin_change": -0.03749053809619701
    },
    {
      "date": "2022-06-30T00:00:00",
      "quarter_label": "2022-06 (Q2)",
      "revenue": 4612000000,
      "gross_profit": 2554000000,
      "operating_income": 912000000,
      "net_income": 344000000,
      "opex": 3700000000,
      "cogs": 2058000000,
      "rd": null,
      "sga": 815000000,
      "fcf": 1396000000,
      "ocf": 1396000000,
      "capex": null,
      "gross_margin": 0.5537727666955767,
      "op_margin": 0.19774501300954034,
      "fcf_margin": 0.3026886383347788,
      "incr_op_margin_yoy": 0.30128205128205127,
      "rev_growth_yoy": -0.06336311941510966,
      "rev_growth_yoy_accel": 0.006829761873416884,
      "fcf_margin_change": 0.008633890687216816
    },
    {
      "date": "2022-09-30T00:00:00",
      "quarter_label": "2022-09 (Q3)",
      "revenue": 4390000000,
      "gross_profit": 2391000000,
      "operating_income": 1384000000,
      "net_income": 578000000,
      "opex": 3006000000,
      "cogs": 1999000000,
      "rd": null,
      "sga": 792000000,
      "fcf": 1123000000,
      "ocf": 1123000000,
      "capex": null,
      "gross_margin": 0.5446469248291572,
      "op_margin": 0.3152619589977221,
      "fcf_margin": 0.2558086560364465,
      "incr_op_margin_yoy": -0.5090543259557344,
      "rev_growth_yoy": -0.10169838346633926,
      "rev_growth_yoy_accel": -0.0383352640512296,
      "fcf_margin_change": -0.046879982298332346
    },
    {
      "date": "2022-12-31T00:00:00",
      "quarter_label": "2022-12 (Q4)",
      "revenue": 3800000000,
      "gross_profit": 1974000000,
      "operating_income": -3284000000,
      "net_income": -3069000000,
      "opex": 7084000000,
      "cogs": 1826000000,
      "rd": null,
      "sga": 671000000,
      "fcf": 841000000,
      "ocf": 841000000,
      "capex": null,
      "gross_margin": 0.5194736842105263,
      "op_margin": -0.8642105263157894,
      "fcf_margin": 0.22131578947368422,
      "incr_op_margin_yoy": 4.245463228271251,
      "rev_growth_yoy": -0.2160099030328038,
      "rev_growth_yoy_accel": -0.11431151956646453,
      "fcf_margin_change": -0.034492866562762264
    },
    {
      "date": "2023-03-31T00:00:00",
      "quarter_label": "2023-03 (Q1)",
      "revenue": 3738000000,
      "gross_profit": 1921000000,
      "operating_income": 390000000,
      "net_income": 511000000,
      "opex": 3348000000,
      "cogs": 1817000000,
      "rd": null,
      "sga": 721000000,
      "fcf": 595000000,
      "ocf": 595000000,
      "capex": null,
      "gross_margin": 0.5139111824505083,
      "op_margin": 0.1043338683788122,
      "fcf_margin": 0.15917602996254682,
      "incr_op_margin_yoy": 0.7388059701492538,
      "rev_growth_yoy": -0.20059880239520958,
      "rev_growth_yoy_accel": 0.01541110063759421,
      "fcf_margin_change": -0.0621397595111374
    },
    {
      "date": "2023-06-30T00:00:00",
      "quarter_label": "2023-06 (Q2)",
      "revenue": 3661000000,
      "gross_profit": 1921000000,
      "operating_income": -8421000000,
      "net_income": -8736000000,
      "opex": 12082000000,
      "cogs": 1740000000,
      "rd": null,
      "sga": 790000000,
      "fcf": -100000000,
      "ocf": -100000000,
      "capex": null,
      "gross_margin": 0.524720021851953,
      "op_margin": -2.30019120458891,
      "fcf_margin": -0.027314941272876262,
      "incr_op_margin_yoy": 9.813880126182966,
      "rev_growth_yoy": -0.20620121422376408,
      "rev_growth_yoy_accel": -0.005602411828554504,
      "fcf_margin_change": -0.18649097123542308
    },
    {
      "date": "2023-09-30T00:00:00",
      "quarter_label": "2023-09 (Q3)",
      "revenue": 3641000000,
      "gross_profit": 1791000000,
      "operating_income": 223000000,
      "net_income": -78000000,
      "opex": 3418000000,
      "cogs": 1850000000,
      "rd": null,
      "sga": 791000000,
      "fcf": 881000000,
      "ocf": 881000000,
      "capex": null,
      "gross_margin": 0.4918978302664103,
      "op_margin": 0.061246910189508376,
      "fcf_margin": 0.24196649272177972,
      "incr_op_margin_yoy": 1.5500667556742322,
      "rev_growth_yoy": -0.1706150341685649,
      "rev_growth_yoy_accel": 0.035586180055199174,
      "fcf_margin_change": 0.269281433994656
    },
    {
      "date": "2023-12-31T00:00:00",
      "quarter_label": "2023-12 (Q4)",
      "revenue": 3517000000,
      "gross_profit": 1780000000,
      "operating_income": -1776000000,
      "net_income": -1995000000,
      "opex": 5293000000,
      "cogs": 1737000000,
      "rd": null,
      "sga": 896000000,
      "fcf": 784000000,
      "ocf": 784000000,
      "capex": null,
      "gross_margin": 0.5061131646289452,
      "op_margin": -0.5049758316747228,
      "fcf_margin": 0.22291725902758033,
      "incr_op_margin_yoy": -5.328621908127208,
      "rev_growth_yoy": -0.07447368421052632,
      "rev_growth_yoy_accel": 0.0961413499580386,
      "fcf_margin_change": -0.01904923369419939
    },
    {
      "date": "2024-03-31T00:00:00",
      "quarter_label": "2024-03 (Q1)",
      "revenue": 3290000000,
      "gross_profit": 1638000000,
      "operating_income": 45000000,
      "net_income": 57000000,
      "opex": 3245000000,
      "cogs": 1652000000,
      "rd": null,
      "sga": 823000000,
      "fcf": 1102000000,
      "ocf": 1102000000,
      "capex": null,
      "gross_margin": 0.4978723404255319,
      "op_margin": 0.013677811550151976,
      "fcf_margin": 0.33495440729483283,
      "incr_op_margin_yoy": 0.7700892857142857,
      "rev_growth_yoy": -0.1198501872659176,
      "rev_growth_yoy_accel": -0.04537650305539129,
      "fcf_margin_change": 0.1120371482672525
    },
    {
      "date": "2024-06-30T00:00:00",
      "quarter_label": "2024-06 (Q2)",
      "revenue": 3268000000,
      "gross_profit": 1615000000,
      "operating_income": 135000000,
      "net_income": -49000000,
      "opex": 3133000000,
      "cogs": 1653000000,
      "rd": null,
      "sga": 742000000,
      "fcf": 511000000,
      "ocf": 511000000,
      "capex": null,
      "gross_margin": 0.4941860465116279,
      "op_margin": 0.04130966952264382,
      "fcf_margin": 0.15636474908200734,
      "incr_op_margin_yoy": -21.770992366412212,
      "rev_growth_yoy": -0.10734771920240371,
      "rev_growth_yoy_accel": 0.012502468063513891,
      "fcf_margin_change": -0.1785896582128255
    },
    {
      "date": "2024-09-30T00:00:00",
      "quarter_label": "2024-09 (Q3)",
      "revenue": 3221000000,
      "gross_profit": 1529000000,
      "operating_income": 126000000,
      "net_income": -148000000,
      "opex": 3095000000,
      "cogs": 1692000000,
      "rd": null,
      "sga": 696000000,
      "fcf": 2032000000,
      "ocf": 2032000000,
      "capex": null,
      "gross_margin": 0.47469729897547347,
      "op_margin": 0.039118286246507296,
      "fcf_margin": 0.6308599813722446,
      "incr_op_margin_yoy": 0.23095238095238096,
      "rev_growth_yoy": -0.11535292502059874,
      "rev_growth_yoy_accel": -0.008005205818195027,
      "fcf_margin_change": 0.47449523229023727
    },
    {
      "date": "2024-12-31T00:00:00",
      "quarter_label": "2024-12 (Q4)",
      "revenue": 3329000000,
      "gross_profit": 1623000000,
      "operating_income": 154000000,
      "net_income": 85000000,
      "opex": 3175000000,
      "cogs": 1706000000,
      "rd": null,
      "sga": 711000000,
      "fcf": 688000000,
      "ocf": 688000000,
      "capex": null,
      "gross_margin": 0.48753379393211177,
      "op_margin": 0.04626013817963352,
      "fcf_margin": 0.20666866927005106,
      "incr_op_margin_yoy": -10.26595744680851,
      "rev_growth_yoy": -0.05345464884845039,
      "rev_growth_yoy_accel": 0.06189827617214835,
      "op_leverage_ratio": 1.2971903135672151,
      "fcf_margin_change": -0.4241913121021936
    },
    {
      "date": "2025-03-31T00:00:00",
      "quarter_label": "2025-03 (Q1)",
      "revenue": 3182000000,
      "gross_profit": 1495000000,
      "operating_income": 107000000,
      "net_income": -201000000,
      "opex": 3075000000,
      "cogs": 1687000000,
      "rd": null,
      "sga": 675000000,
      "fcf": 1095000000,
      "ocf": 1095000000,
      "capex": null,
      "gross_margin": 0.46983029541169075,
      "op_margin": 0.033626649905719674,
      "fcf_margin": 0.3441231929604023,
      "incr_op_margin_yoy": -0.5740740740740741,
      "rev_growth_yoy": -0.03282674772036474,
      "rev_growth_yoy_accel": 0.020627901128085643,
      "fcf_margin_change": 0.13745452369035122
    },
    {
      "date": "2025-06-30T00:00:00",
      "quarter_label": "2025-06 (Q2)",
      "revenue": 3092000000,
      "gross_profit": 1468000000,
      "operating_income": -603000000,
      "net_income": -915000000,
      "opex": 3695000000,
      "cogs": 1624000000,
      "rd": null,
      "sga": 755000000,
      "fcf": 570000000,
      "ocf": 570000000,
      "capex": null,
      "gross_margin": 0.47477360931435963,
      "op_margin": -0.19501940491591202,
      "fcf_margin": 0.18434670116429497,
      "incr_op_margin_yoy": 4.193181818181818,
      "rev_growth_yoy": -0.05385556915544676,
      "rev_growth_yoy_accel": -0.021028821435082015,
      "fcf_margin_change": -0.1597764917961073
    },
    {
      "date": "2025-09-30T00:00:00",
      "quarter_label": "2025-09 (Q3)",
      "revenue": 3087000000,
      "gross_profit": 1387000000,
      "operating_income": -116000000,
      "net_income": -621000000,
      "opex": 3203000000,
      "cogs": 1700000000,
      "rd": null,
      "sga": 829000000,
      "fcf": 2511000000,
      "ocf": 2511000000,
      "capex": null,
      "gross_margin": 0.44930353093618397,
      "op_margin": -0.03757693553611921,
      "fcf_margin": 0.8134110787172012,
      "incr_op_margin_yoy": 1.8059701492537314,
      "rev_growth_yoy": -0.04160198696057125,
      "rev_growth_yoy_accel": 0.01225358219487551,
      "fcf_margin_change": 0.6290643775529062
    }
  ],
  "signals": [
    {
      "quarter": "2025-09 (Q3)",
      "signal": "FCF MARGIN EXPANSION",
      "detail": "FCF margin: +18.4% -> +81.3% (+62.9%)",
      "severity": "MEDIUM"
    },
    {
      "quarter": "2025-03 (Q1)",
      "signal": "FCF MARGIN EXPANSION",
      "detail": "FCF margin: +20.7% -> +34.4% (+13.7%)",
      "severity": "MEDIUM"
    },
    {
      "quarter": "2024-12 (Q4)",
      "signal": "YoY REVENUE GROWTH ACCELERATION",
      "detail": "YoY growth: -5.3% vs prior quarter YoY: -11.5% (accel: +6.2%)",
      "severity": "MEDIUM"
    },
    {
      "quarter": "2024-12 (Q4)",
      "signal": "OP MARGIN TURNED POSITIVE (YoY)",
      "detail": "Op margin: -50.5% (year-ago) -> +4.6%",
      "severity": "HIGH"
    },
    {
      "quarter": "2024-09 (Q3)",
      "signal": "FCF MARGIN EXPANSION",
      "detail": "FCF margin: +15.6% -> +63.1% (+47.4%)",
      "severity": "MEDIUM"
    },
    {
      "quarter": "2024-09 (Q3)",
      "signal": "INCREMENTAL MARGIN (YoY)",
      "detail": "YoY Incr OPM: +23.1% vs year-ago OPM: +6.1%",
      "severity": "MEDIUM"
    },
    {
      "quarter": "2024-06 (Q2)",
      "signal": "OP MARGIN TURNED POSITIVE (YoY)",
      "detail": "Op margin: -230.0% (year-ago) -> +4.1%",
      "severity": "HIGH"
    },
    {
      "quarter": "2024-03 (Q1)",
      "signal": "FCF MARGIN EXPANSION",
      "detail": "FCF margin: +22.3% -> +33.5% (+11.2%)",
      "severity": "MEDIUM"
    },
    {
      "quarter": "2024-03 (Q1)",
      "signal": "INCREMENTAL MARGIN (YoY)",
      "detail": "YoY Incr OPM: +77.0% vs year-ago OPM: +10.4%",
      "severity": "HIGH"
    },
    {
      "quarter": "2024-03 (Q1)",
      "signal": "OP MARGIN TURNED POSITIVE (QoQ)",
      "detail": "Op margin: -50.5% -> +1.4%",
      "severity": "HIGH"
    },
    {
      "quarter": "2023-12 (Q4)",
      "signal": "YoY REVENUE GROWTH ACCELERATION",
      "detail": "YoY growth: -7.4% vs prior quarter YoY: -17.1% (accel: +9.6%)",
      "severity": "MEDIUM"
    },
    {
      "quarter": "2023-09 (Q3)",
      "signal": "FCF TURNED POSITIVE",
      "detail": "FCF margin: -2.7% -> +24.2%",
      "severity": "HIGH"
    },
    {
      "quarter": "2023-09 (Q3)",
      "signal": "INCREMENTAL MARGIN (YoY)",
      "detail": "YoY Incr OPM: +155.0% vs year-ago OPM: +31.5%",
      "severity": "HIGH"
    },
    {
      "quarter": "2023-09 (Q3)",
      "signal": "OP MARGIN TURNED POSITIVE (QoQ)",
      "detail": "Op margin: -230.0% -> +6.1%",
      "severity": "HIGH"
    },
    {
      "quarter": "2023-03 (Q1)",
      "signal": "INCREMENTAL MARGIN (YoY)",
      "detail": "YoY Incr OPM: +73.9% vs year-ago OPM: +23.2%",
      "severity": "HIGH"
    },
    {
      "quarter": "2023-03 (Q1)",
      "signal": "OP MARGIN TURNED POSITIVE (QoQ)",
      "detail": "Op margin: -86.4% -> +10.4%",
      "severity": "HIGH"
    },
    {
      "quarter": "2022-12 (Q4)",
      "signal": "YoY REVENUE GROWTH DECELERATION",
      "detail": "YoY growth: -21.6% vs prior quarter YoY: -10.2% (decel: -11.4%)",
      "severity": "WARNING"
    },
    {
      "quarter": "2021-12 (Q4)",
      "signal": "OP MARGIN TURNED POSITIVE (YoY)",
      "detail": "Op margin: -35.3% (year-ago) -> +24.0%",
      "severity": "HIGH"
    },
    {
      "quarter": "2021-03 (Q1)",
      "signal": "OP MARGIN TURNED POSITIVE (QoQ)",
      "detail": "Op margin: -35.3% -> +19.6%",
      "severity": "HIGH"
    }
  ],
  "data_quality": {
    "n_quarters": 20,
    "coverage": {
      "revenue": [
        20,
        20
      ],
      "gross_profit": [
        20,
        20
      ],
      "op_income": [
        20,
        20
      ],
      "fcf": [
        20,
        20
      ]
    },
    "gaps": [],
    "warnings": []
  },
  "market_cap": null,
  "source": "SEC EDGAR",
  "last_updated": "2026-02-02T20:40:00.111137",
  "sector": "Communication Services",
  "industry": "Telecom Services"
}