{
  "ticker": "LUV",
  "name": "SOUTHWEST AIRLINES CO.",
  "quarters": [
    {
      "date": "2020-12-31T00:00:00",
      "quarter_label": "2020-12 (Q4)",
      "revenue": 2013000000,
      "gross_profit": null,
      "operating_income": -1169000000,
      "net_income": -908000000,
      "opex": null,
      "cogs": null,
      "rd": null,
      "sga": null,
      "fcf": -596000000,
      "ocf": -596000000,
      "capex": null,
      "gross_margin": null,
      "op_margin": -0.5807252856433184,
      "fcf_margin": -0.29607550919026326
    },
    {
      "date": "2021-03-31T00:00:00",
      "quarter_label": "2021-03 (Q1)",
      "revenue": 2052000000,
      "gross_profit": null,
      "operating_income": 199000000,
      "net_income": 116000000,
      "opex": null,
      "cogs": null,
      "rd": null,
      "sga": null,
      "fcf": 645000000,
      "ocf": 645000000,
      "capex": null,
      "gross_margin": null,
      "op_margin": 0.09697855750487329,
      "fcf_margin": 0.31432748538011696,
      "fcf_margin_change": 0.6104029945703802
    },
    {
      "date": "2021-06-30T00:00:00",
      "quarter_label": "2021-06 (Q2)",
      "revenue": 4008000000,
      "gross_profit": null,
      "operating_income": 594000000,
      "net_income": 348000000,
      "opex": null,
      "cogs": null,
      "rd": null,
      "sga": null,
      "fcf": 2005000000,
      "ocf": 2005000000,
      "capex": null,
      "gross_margin": null,
      "op_margin": 0.14820359281437126,
      "fcf_margin": 0.500249500998004,
      "fcf_margin_change": 0.18592201561788707
    },
    {
      "date": "2021-09-30T00:00:00",
      "quarter_label": "2021-09 (Q3)",
      "revenue": 4679000000,
      "gross_profit": null,
      "operating_income": 733000000,
      "net_income": 446000000,
      "opex": null,
      "cogs": null,
      "rd": null,
      "sga": null,
      "fcf": -575000000,
      "ocf": -575000000,
      "capex": null,
      "gross_margin": null,
      "op_margin": 0.15665740542851037,
      "fcf_margin": -0.12288950630476597,
      "fcf_margin_change": -0.62313900730277
    },
    {
      "date": "2021-12-31T00:00:00",
      "quarter_label": "2021-12 (Q4)",
      "revenue": 5051000000,
      "gross_profit": null,
      "operating_income": 195000000,
      "net_income": 68000000,
      "opex": null,
      "cogs": null,
      "rd": null,
      "sga": null,
      "fcf": 247000000,
      "ocf": 247000000,
      "capex": null,
      "gross_margin": null,
      "op_margin": 0.0386062165907741,
      "fcf_margin": 0.0489012076816472,
      "incr_op_margin_yoy": 0.4489795918367347,
      "rev_growth_yoy": 1.509190263288624,
      "fcf_margin_change": 0.17179071398641316
    },
    {
      "date": "2022-03-31T00:00:00",
      "quarter_label": "2022-03 (Q1)",
      "revenue": 4694000000,
      "gross_profit": null,
      "operating_income": -151000000,
      "net_income": -278000000,
      "opex": null,
      "cogs": null,
      "rd": null,
      "sga": null,
      "fcf": 1071000000,
      "ocf": 1071000000,
      "capex": null,
      "gross_margin": null,
      "op_margin": -0.03216872603323392,
      "fcf_margin": 0.2281636131231359,
      "incr_op_margin_yoy": -0.13247539742619227,
      "rev_growth_yoy": 1.2875243664717348,
      "rev_growth_yoy_accel": -0.2216658968168892,
      "fcf_margin_change": 0.1792624054414887
    },
    {
      "date": "2022-06-30T00:00:00",
      "quarter_label": "2022-06 (Q2)",
      "revenue": 6728000000,
      "gross_profit": null,
      "operating_income": 1158000000,
      "net_income": 760000000,
      "opex": null,
      "cogs": null,
      "rd": null,
      "sga": null,
      "fcf": 1906000000,
      "ocf": 1906000000,
      "capex": null,
      "gross_margin": null,
      "op_margin": 0.1721165279429251,
      "fcf_margin": 0.2832936979785969,
      "incr_op_margin_yoy": 0.2073529411764706,
      "rev_growth_yoy": 0.6786427145708582,
      "rev_growth_yoy_accel": -0.6088816519008766,
      "fcf_margin_change": 0.055130084855460976
    },
    {
      "date": "2022-09-30T00:00:00",
      "quarter_label": "2022-09 (Q3)",
      "revenue": 6220000000,
      "gross_profit": null,
      "operating_income": 395000000,
      "net_income": 277000000,
      "opex": null,
      "cogs": null,
      "rd": null,
      "sga": null,
      "fcf": 234000000,
      "ocf": 234000000,
      "capex": null,
      "gross_margin": null,
      "op_margin": 0.0635048231511254,
      "fcf_margin": 0.03762057877813505,
      "incr_op_margin_yoy": -0.21933809214795588,
      "rev_growth_yoy": 0.3293438768967728,
      "rev_growth_yoy_accel": -0.3492988376740854,
      "fcf_margin_change": -0.24567311920046184
    },
    {
      "date": "2022-12-31T00:00:00",
      "quarter_label": "2022-12 (Q4)",
      "revenue": 6172000000,
      "gross_profit": null,
      "operating_income": -385000000,
      "net_income": -220000000,
      "opex": null,
      "cogs": null,
      "rd": null,
      "sga": null,
      "fcf": 579000000,
      "ocf": 579000000,
      "capex": null,
      "gross_margin": null,
      "op_margin": -0.06237848347375243,
      "fcf_margin": 0.09381075826312378,
      "incr_op_margin_yoy": -0.5173951828724354,
      "rev_growth_yoy": 0.22193625024747574,
      "rev_growth_yoy_accel": -0.10740762664929707,
      "fcf_margin_change": 0.05619017948498873
    },
    {
      "date": "2023-03-31T00:00:00",
      "quarter_label": "2023-03 (Q1)",
      "revenue": 5706000000,
      "gross_profit": null,
      "operating_income": -284000000,
      "net_income": -159000000,
      "opex": null,
      "cogs": null,
      "rd": null,
      "sga": null,
      "fcf": 706000000,
      "ocf": 706000000,
      "capex": null,
      "gross_margin": null,
      "op_margin": -0.04977216964598668,
      "fcf_margin": 0.12372940764107956,
      "incr_op_margin_yoy": -0.13142292490118576,
      "rev_growth_yoy": 0.2155943757988922,
      "rev_growth_yoy_accel": -0.006341874448583529,
      "fcf_margin_change": 0.029918649377955783
    },
    {
      "date": "2023-06-30T00:00:00",
      "quarter_label": "2023-06 (Q2)",
      "revenue": 7037000000,
      "gross_profit": null,
      "operating_income": 795000000,
      "net_income": 683000000,
      "opex": null,
      "cogs": null,
      "rd": null,
      "sga": null,
      "fcf": 1416000000,
      "ocf": 1416000000,
      "capex": null,
      "gross_margin": null,
      "op_margin": 0.11297427881199375,
      "fcf_margin": 0.20122211169532472,
      "incr_op_margin_yoy": -1.174757281553398,
      "rev_growth_yoy": 0.045927467300832345,
      "rev_growth_yoy_accel": -0.16966690849805988,
      "fcf_margin_change": 0.07749270405424516
    },
    {
      "date": "2023-09-30T00:00:00",
      "quarter_label": "2023-09 (Q3)",
      "revenue": 6525000000,
      "gross_profit": null,
      "operating_income": 117000000,
      "net_income": 193000000,
      "opex": null,
      "cogs": null,
      "rd": null,
      "sga": null,
      "fcf": 616000000,
      "ocf": 616000000,
      "capex": null,
      "gross_margin": null,
      "op_margin": 0.01793103448275862,
      "fcf_margin": 0.09440613026819923,
      "incr_op_margin_yoy": -0.9114754098360656,
      "rev_growth_yoy": 0.04903536977491962,
      "rev_growth_yoy_accel": 0.003107902474087272,
      "fcf_margin_change": -0.10681598142712549
    },
    {
      "date": "2023-12-31T00:00:00",
      "quarter_label": "2023-12 (Q4)",
      "revenue": 6823000000,
      "gross_profit": null,
      "operating_income": -404000000,
      "net_income": -252000000,
      "opex": null,
      "cogs": null,
      "rd": null,
      "sga": null,
      "fcf": 425000000,
      "ocf": 425000000,
      "capex": null,
      "gross_margin": null,
      "op_margin": -0.059211490546680345,
      "fcf_margin": 0.06228931555034442,
      "incr_op_margin_yoy": -0.029185867895545316,
      "rev_growth_yoy": 0.10547634478289047,
      "rev_growth_yoy_accel": 0.05644097500797086,
      "fcf_margin_change": -0.03211681471785481
    },
    {
      "date": "2024-03-31T00:00:00",
      "quarter_label": "2024-03 (Q1)",
      "revenue": 6329000000,
      "gross_profit": null,
      "operating_income": -393000000,
      "net_income": -231000000,
      "opex": null,
      "cogs": null,
      "rd": null,
      "sga": null,
      "fcf": -104000000,
      "ocf": -104000000,
      "capex": null,
      "gross_margin": null,
      "op_margin": -0.06209511771211882,
      "fcf_margin": -0.016432295781324064,
      "incr_op_margin_yoy": -0.17495987158908508,
      "rev_growth_yoy": 0.10918331580792148,
      "rev_growth_yoy_accel": 0.0037069710250310084,
      "fcf_margin_change": -0.07872161133166848
    },
    {
      "date": "2024-06-30T00:00:00",
      "quarter_label": "2024-06 (Q2)",
      "revenue": 7354000000,
      "gross_profit": null,
      "operating_income": 398000000,
      "net_income": 367000000,
      "opex": null,
      "cogs": null,
      "rd": null,
      "sga": null,
      "fcf": -23000000,
      "ocf": -23000000,
      "capex": null,
      "gross_margin": null,
      "op_margin": 0.05412020669023661,
      "fcf_margin": -0.0031275496328528694,
      "incr_op_margin_yoy": -1.252365930599369,
      "rev_growth_yoy": 0.04504760551371323,
      "rev_growth_yoy_accel": -0.06413571029420825,
      "fcf_margin_change": 0.013304746148471195
    },
    {
      "date": "2024-09-30T00:00:00",
      "quarter_label": "2024-09 (Q3)",
      "revenue": 6870000000,
      "gross_profit": null,
      "operating_income": 38000000,
      "net_income": 67000000,
      "opex": null,
      "cogs": null,
      "rd": null,
      "sga": null,
      "fcf": 113000000,
      "ocf": 113000000,
      "capex": null,
      "gross_margin": null,
      "op_margin": 0.005531295487627365,
      "fcf_margin": 0.016448326055312955,
      "incr_op_margin_yoy": -0.2289855072463768,
      "rev_growth_yoy": 0.052873563218390804,
      "rev_growth_yoy_accel": 0.007825957704677575,
      "fcf_margin_change": 0.019575875688165822
    },
    {
      "date": "2024-12-31T00:00:00",
      "quarter_label": "2024-12 (Q4)",
      "revenue": 6930000000,
      "gross_profit": null,
      "operating_income": 278000000,
      "net_income": 261000000,
      "opex": null,
      "cogs": null,
      "rd": null,
      "sga": null,
      "fcf": 476000000,
      "ocf": 476000000,
      "capex": null,
      "gross_margin": null,
      "op_margin": 0.04011544011544012,
      "fcf_margin": 0.06868686868686869,
      "incr_op_margin_yoy": 6.373831775700935,
      "rev_growth_yoy": 0.015682251209145535,
      "rev_growth_yoy_accel": -0.03719131200924527,
      "fcf_margin_change": 0.05223854263155573
    },
    {
      "date": "2025-03-31T00:00:00",
      "quarter_label": "2025-03 (Q1)",
      "revenue": 6428000000,
      "gross_profit": null,
      "operating_income": -223000000,
      "net_income": -149000000,
      "opex": null,
      "cogs": null,
      "rd": null,
      "sga": null,
      "fcf": 860000000,
      "ocf": 860000000,
      "capex": null,
      "gross_margin": null,
      "op_margin": -0.03469197261978842,
      "fcf_margin": 0.13378967019290602,
      "incr_op_margin_yoy": 1.7171717171717171,
      "rev_growth_yoy": 0.0156422815610681,
      "rev_growth_yoy_accel": -3.9969648077436276e-05,
      "fcf_margin_change": 0.06510280150603734
    },
    {
      "date": "2025-06-30T00:00:00",
      "quarter_label": "2025-06 (Q2)",
      "revenue": 7244000000,
      "gross_profit": null,
      "operating_income": 225000000,
      "net_income": 213000000,
      "opex": null,
      "cogs": null,
      "rd": null,
      "sga": null,
      "fcf": 401000000,
      "ocf": 401000000,
      "capex": null,
      "gross_margin": null,
      "op_margin": 0.03106018774157924,
      "fcf_margin": 0.05535615681943677,
      "incr_op_margin_yoy": 1.5727272727272728,
      "rev_growth_yoy": -0.014957846070165896,
      "rev_growth_yoy_accel": -0.030600127631233993,
      "fcf_margin_change": -0.07843351337346925
    },
    {
      "date": "2025-09-30T00:00:00",
      "quarter_label": "2025-09 (Q3)",
      "revenue": 6949000000,
      "gross_profit": null,
      "operating_income": 35000000,
      "net_income": 54000000,
      "opex": null,
      "cogs": null,
      "rd": null,
      "sga": null,
      "fcf": 287000000,
      "ocf": 287000000,
      "capex": null,
      "gross_margin": null,
      "op_margin": 0.005036695927471579,
      "fcf_margin": 0.041300906605266946,
      "incr_op_margin_yoy": -0.0379746835443038,
      "rev_growth_yoy": 0.011499272197962155,
      "rev_growth_yoy_accel": 0.02645711826812805,
      "fcf_margin_change": -0.014055250214169826
    }
  ],
  "signals": [
    {
      "quarter": "2025-06 (Q2)",
      "signal": "INCREMENTAL MARGIN (YoY)",
      "detail": "YoY Incr OPM: +157.3% vs year-ago OPM: +5.4%",
      "severity": "HIGH"
    },
    {
      "quarter": "2025-06 (Q2)",
      "signal": "OP MARGIN TURNED POSITIVE (QoQ)",
      "detail": "Op margin: -3.5% -> +3.1%",
      "severity": "HIGH"
    },
    {
      "quarter": "2025-03 (Q1)",
      "signal": "FCF MARGIN EXPANSION",
      "detail": "FCF margin: +6.9% -> +13.4% (+6.5%)",
      "severity": "MEDIUM"
    },
    {
      "quarter": "2024-12 (Q4)",
      "signal": "FCF MARGIN EXPANSION",
      "detail": "FCF margin: +1.6% -> +6.9% (+5.2%)",
      "severity": "MEDIUM"
    },
    {
      "quarter": "2024-12 (Q4)",
      "signal": "OP MARGIN TURNED POSITIVE (YoY)",
      "detail": "Op margin: -5.9% (year-ago) -> +4.0%",
      "severity": "HIGH"
    },
    {
      "quarter": "2024-09 (Q3)",
      "signal": "FCF TURNED POSITIVE",
      "detail": "FCF margin: -0.3% -> +1.6%",
      "severity": "HIGH"
    },
    {
      "quarter": "2024-06 (Q2)",
      "signal": "YoY REVENUE GROWTH DECELERATION",
      "detail": "YoY growth: +4.5% vs prior quarter YoY: +10.9% (decel: -6.4%)",
      "severity": "WARNING"
    },
    {
      "quarter": "2024-06 (Q2)",
      "signal": "OP MARGIN TURNED POSITIVE (QoQ)",
      "detail": "Op margin: -6.2% -> +5.4%",
      "severity": "HIGH"
    },
    {
      "quarter": "2023-12 (Q4)",
      "signal": "YoY REVENUE GROWTH ACCELERATION",
      "detail": "YoY growth: +10.5% vs prior quarter YoY: +4.9% (accel: +5.6%)",
      "severity": "MEDIUM"
    },
    {
      "quarter": "2023-06 (Q2)",
      "signal": "FCF MARGIN EXPANSION",
      "detail": "FCF margin: +12.4% -> +20.1% (+7.7%)",
      "severity": "MEDIUM"
    },
    {
      "quarter": "2023-06 (Q2)",
      "signal": "YoY REVENUE GROWTH DECELERATION",
      "detail": "YoY growth: +4.6% vs prior quarter YoY: +21.6% (decel: -17.0%)",
      "severity": "WARNING"
    },
    {
      "quarter": "2023-06 (Q2)",
      "signal": "OP MARGIN TURNED POSITIVE (QoQ)",
      "detail": "Op margin: -5.0% -> +11.3%",
      "severity": "HIGH"
    },
    {
      "quarter": "2022-12 (Q4)",
      "signal": "FCF MARGIN EXPANSION",
      "detail": "FCF margin: +3.8% -> +9.4% (+5.6%)",
      "severity": "MEDIUM"
    },
    {
      "quarter": "2022-12 (Q4)",
      "signal": "YoY REVENUE GROWTH DECELERATION",
      "detail": "YoY growth: +22.2% vs prior quarter YoY: +32.9% (decel: -10.7%)",
      "severity": "WARNING"
    },
    {
      "quarter": "2022-09 (Q3)",
      "signal": "YoY REVENUE GROWTH DECELERATION",
      "detail": "YoY growth: +32.9% vs prior quarter YoY: +67.9% (decel: -34.9%)",
      "severity": "WARNING"
    },
    {
      "quarter": "2022-06 (Q2)",
      "signal": "FCF MARGIN EXPANSION",
      "detail": "FCF margin: +22.8% -> +28.3% (+5.5%)",
      "severity": "MEDIUM"
    },
    {
      "quarter": "2022-06 (Q2)",
      "signal": "YoY REVENUE GROWTH DECELERATION",
      "detail": "YoY growth: +67.9% vs prior quarter YoY: +128.8% (decel: -60.9%)",
      "severity": "WARNING"
    },
    {
      "quarter": "2022-06 (Q2)",
      "signal": "OP MARGIN TURNED POSITIVE (QoQ)",
      "detail": "Op margin: -3.2% -> +17.2%",
      "severity": "HIGH"
    },
    {
      "quarter": "2022-03 (Q1)",
      "signal": "FCF MARGIN EXPANSION",
      "detail": "FCF margin: +4.9% -> +22.8% (+17.9%)",
      "severity": "MEDIUM"
    },
    {
      "quarter": "2022-03 (Q1)",
      "signal": "YoY REVENUE GROWTH DECELERATION",
      "detail": "YoY growth: +128.8% vs prior quarter YoY: +150.9% (decel: -22.2%)",
      "severity": "WARNING"
    },
    {
      "quarter": "2021-12 (Q4)",
      "signal": "FCF TURNED POSITIVE",
      "detail": "FCF margin: -12.3% -> +4.9%",
      "severity": "HIGH"
    },
    {
      "quarter": "2021-12 (Q4)",
      "signal": "OP MARGIN TURNED POSITIVE (YoY)",
      "detail": "Op margin: -58.1% (year-ago) -> +3.9%",
      "severity": "HIGH"
    },
    {
      "quarter": "2021-06 (Q2)",
      "signal": "FCF MARGIN EXPANSION",
      "detail": "FCF margin: +31.4% -> +50.0% (+18.6%)",
      "severity": "MEDIUM"
    },
    {
      "quarter": "2021-03 (Q1)",
      "signal": "FCF TURNED POSITIVE",
      "detail": "FCF margin: -29.6% -> +31.4%",
      "severity": "HIGH"
    },
    {
      "quarter": "2021-03 (Q1)",
      "signal": "OP MARGIN TURNED POSITIVE (QoQ)",
      "detail": "Op margin: -58.1% -> +9.7%",
      "severity": "HIGH"
    }
  ],
  "data_quality": {
    "n_quarters": 20,
    "coverage": {
      "revenue": [
        20,
        20
      ],
      "gross_profit": [
        0,
        20
      ],
      "op_income": [
        20,
        20
      ],
      "fcf": [
        20,
        20
      ]
    },
    "gaps": [],
    "warnings": [
      "gross_profit: no data"
    ]
  },
  "market_cap": null,
  "source": "SEC EDGAR",
  "last_updated": "2026-02-02T20:17:00.718028",
  "sector": "Industrials",
  "industry": "Airlines"
}