{
  "ticker": "LUVU",
  "name": "Luvu Brands, Inc.",
  "sector": "Consumer Cyclical",
  "industry": "Furnishings, Fixtures & Appliances",
  "quarters": [
    {
      "date": "2021-03-31T00:00:00",
      "quarter_label": "2021-03 (Q1)",
      "revenue": 6181000,
      "gross_profit": 1746000,
      "operating_income": 563000,
      "net_income": 469000,
      "opex": 1183000,
      "cogs": 4435000,
      "rd": null,
      "sga": null,
      "fcf": 55000,
      "ocf": 109000,
      "capex": -54000,
      "gross_margin": 0.28247856333926546,
      "op_margin": 0.09108558485681928,
      "fcf_margin": 0.008898236531305614
    },
    {
      "date": "2021-06-30T00:00:00",
      "quarter_label": "2021-06 (Q2)",
      "revenue": 5843000,
      "gross_profit": 1501000,
      "operating_income": 386000,
      "net_income": 300000,
      "opex": 1115000,
      "cogs": 4342000,
      "rd": null,
      "sga": null,
      "fcf": -31000,
      "ocf": 35000,
      "capex": -66000,
      "gross_margin": 0.25688858463118264,
      "op_margin": 0.06606195447544069,
      "fcf_margin": -0.005305493753208968,
      "fcf_margin_change": -0.014203730284514583
    },
    {
      "date": "2021-09-30T00:00:00",
      "quarter_label": "2021-09 (Q3)",
      "revenue": 6224000,
      "gross_profit": 1499000,
      "operating_income": 323000,
      "net_income": 227000,
      "opex": 1176000,
      "cogs": 4725000,
      "rd": null,
      "sga": null,
      "fcf": 119000,
      "ocf": 169000,
      "capex": -50000,
      "gross_margin": 0.24084190231362468,
      "op_margin": 0.051895886889460154,
      "fcf_margin": 0.01911953727506427,
      "op_leverage_ratio": 1.1918843621202897,
      "fcf_margin_change": 0.024425031028273238
    },
    {
      "date": "2021-12-31T00:00:00",
      "quarter_label": "2021-12 (Q4)",
      "revenue": 7186000,
      "gross_profit": 1577000,
      "operating_income": 251000,
      "net_income": 167000,
      "opex": 1326000,
      "cogs": 5609000,
      "rd": null,
      "sga": null,
      "fcf": 279000,
      "ocf": 275000,
      "capex": 4000,
      "gross_margin": 0.21945449485109936,
      "op_margin": 0.03492902866685221,
      "fcf_margin": 0.0388254940161425,
      "op_leverage_ratio": 1.2117737789203082,
      "fcf_margin_change": 0.01970595674107823
    },
    {
      "date": "2022-03-31T00:00:00",
      "quarter_label": "2022-03 (Q1)",
      "revenue": 6753000,
      "gross_profit": 1794000,
      "operating_income": 533000,
      "net_income": 452000,
      "opex": 1261000,
      "cogs": 4959000,
      "rd": null,
      "sga": null,
      "fcf": -185000,
      "ocf": -181000,
      "capex": -4000,
      "gross_margin": 0.26565970679697914,
      "op_margin": 0.07892788390345032,
      "fcf_margin": -0.02739523174885236,
      "rev_growth_yoy": 0.09254165992557839,
      "fcf_margin_change": -0.06622072576499485
    },
    {
      "date": "2022-06-30T00:00:00",
      "quarter_label": "2022-06 (Q2)",
      "revenue": 6179000,
      "gross_profit": 1131000,
      "operating_income": -161000,
      "net_income": -242000,
      "opex": 1292000,
      "cogs": 5048000,
      "rd": null,
      "sga": null,
      "fcf": 122000,
      "ocf": 124000,
      "capex": -2000,
      "gross_margin": 0.1830393267519016,
      "op_margin": -0.026055996115876355,
      "fcf_margin": 0.01974429519339699,
      "rev_growth_yoy": 0.057504706486393976,
      "rev_growth_yoy_accel": -0.035036953439184414,
      "fcf_margin_change": 0.04713952694224935
    },
    {
      "date": "2022-09-30T00:00:00",
      "quarter_label": "2022-09 (Q3)",
      "revenue": 8059000,
      "gross_profit": 1973000,
      "operating_income": 576000,
      "net_income": 492000,
      "opex": 1397000,
      "cogs": 6086000,
      "rd": null,
      "sga": null,
      "fcf": 596000,
      "ocf": 617000,
      "capex": -21000,
      "gross_margin": 0.24481945650825165,
      "op_margin": 0.07147288745501923,
      "fcf_margin": 0.07395458493609629,
      "incr_op_margin_yoy": 0.13787465940054497,
      "rev_growth_yoy": 0.29482647814910024,
      "rev_growth_yoy_accel": 0.23732177166270627,
      "op_leverage_ratio": 3.7438019713468815,
      "fcf_margin_change": 0.0542102897426993
    },
    {
      "date": "2022-12-31T00:00:00",
      "quarter_label": "2022-12 (Q4)",
      "revenue": 8135000,
      "gross_profit": 2259000,
      "operating_income": 783000,
      "net_income": 695000,
      "opex": 1476000,
      "cogs": 5876000,
      "rd": null,
      "sga": null,
      "fcf": 752000,
      "ocf": 785000,
      "capex": -33000,
      "gross_margin": 0.27768899815611553,
      "op_margin": 0.09625076828518746,
      "fcf_margin": 0.092440073755378,
      "rev_growth_yoy": 0.13206234344558865,
      "rev_growth_yoy_accel": -0.1627641347035116,
      "fcf_margin_change": 0.018485488819281706
    },
    {
      "date": "2023-03-31T00:00:00",
      "quarter_label": "2023-03 (Q1)",
      "revenue": 6903000,
      "gross_profit": 1769000,
      "operating_income": 383000,
      "net_income": 293000,
      "opex": 1386000,
      "cogs": 5134000,
      "rd": null,
      "sga": null,
      "fcf": -555000,
      "ocf": -496000,
      "capex": -59000,
      "gross_margin": 0.2562653918586122,
      "op_margin": 0.05548312327973345,
      "fcf_margin": -0.08039982616253803,
      "rev_growth_yoy": 0.02221235006663705,
      "rev_growth_yoy_accel": -0.1098499933789516,
      "fcf_margin_change": -0.17283989991791604
    },
    {
      "date": "2023-06-30T00:00:00",
      "quarter_label": "2023-06 (Q2)",
      "revenue": 6121000,
      "gross_profit": 1191000,
      "operating_income": -198000,
      "net_income": -281000,
      "opex": 1389000,
      "cogs": 4930000,
      "rd": null,
      "sga": null,
      "fcf": -247000,
      "ocf": -245000,
      "capex": -2000,
      "gross_margin": 0.1945760496650874,
      "op_margin": -0.03234765561182813,
      "fcf_margin": -0.040352883515765395,
      "rev_growth_yoy": -0.009386632141123159,
      "rev_growth_yoy_accel": -0.03159898220776021,
      "fcf_margin_change": 0.04004694264677264
    },
    {
      "date": "2023-09-30T00:00:00",
      "quarter_label": "2023-09 (Q3)",
      "revenue": 6126000,
      "gross_profit": 1483000,
      "operating_income": -32000,
      "net_income": -126000,
      "opex": 1515000,
      "cogs": 4643000,
      "rd": null,
      "sga": null,
      "fcf": 331000,
      "ocf": 370000,
      "capex": -39000,
      "gross_margin": 0.24208292523669606,
      "op_margin": -0.005223636957231472,
      "fcf_margin": 0.05403199477636304,
      "incr_op_margin_yoy": 0.31453698913605793,
      "rev_growth_yoy": -0.23985606154609754,
      "rev_growth_yoy_accel": -0.2304694294049744,
      "fcf_margin_change": 0.09438487829212844
    },
    {
      "date": "2023-12-31T00:00:00",
      "quarter_label": "2023-12 (Q4)",
      "revenue": 6786000,
      "gross_profit": 1818000,
      "operating_income": 154000,
      "net_income": 29000,
      "opex": 1664000,
      "cogs": 4968000,
      "rd": null,
      "sga": null,
      "fcf": 0,
      "ocf": 0,
      "capex": null,
      "gross_margin": 0.26790450928381965,
      "op_margin": 0.02269378131447097,
      "fcf_margin": 0.0,
      "incr_op_margin_yoy": 0.46627131208302447,
      "rev_growth_yoy": -0.16582667486170866,
      "rev_growth_yoy_accel": 0.07402938668438888,
      "op_leverage_ratio": 1.0954518862281355,
      "fcf_margin_change": -0.05403199477636304
    },
    {
      "date": "2024-03-31T00:00:00",
      "quarter_label": "2024-03 (Q1)",
      "revenue": 5923000,
      "gross_profit": 1639000,
      "operating_income": 41000,
      "net_income": -94000,
      "opex": 1598000,
      "cogs": 4284000,
      "rd": null,
      "sga": null,
      "fcf": -51000,
      "ocf": -38000,
      "capex": -13000,
      "gross_margin": 0.27671787945297993,
      "op_margin": 0.006922167820361303,
      "fcf_margin": -0.008610501435083573,
      "rev_growth_yoy": -0.14196726061132842,
      "rev_growth_yoy_accel": 0.02385941425038024,
      "fcf_margin_change": -0.008610501435083573
    },
    {
      "date": "2024-06-30T00:00:00",
      "quarter_label": "2024-06 (Q2)",
      "revenue": 5739000,
      "gross_profit": 1486000,
      "operating_income": 12000,
      "net_income": -208000,
      "opex": 1474000,
      "cogs": 4253000,
      "rd": null,
      "sga": null,
      "fcf": 124000,
      "ocf": 143000,
      "capex": -19000,
      "gross_margin": 0.2589301271998606,
      "op_margin": 0.0020909566126502874,
      "fcf_margin": 0.02160655166405297,
      "rev_growth_yoy": -0.06240810325110276,
      "rev_growth_yoy_accel": 0.07955915736022565,
      "fcf_margin_change": 0.030217053099136543
    },
    {
      "date": "2024-09-30T00:00:00",
      "quarter_label": "2024-09 (Q3)",
      "revenue": 5756000,
      "gross_profit": 1517000,
      "operating_income": -122000,
      "net_income": -210000,
      "opex": 1639000,
      "cogs": 4239000,
      "rd": 42594,
      "sga": null,
      "fcf": 131000,
      "ocf": 132000,
      "capex": -1000,
      "gross_margin": 0.2635510771369006,
      "op_margin": -0.0211952744961779,
      "fcf_margin": 0.022758860319666434,
      "rev_growth_yoy": -0.0603983023179889,
      "rev_growth_yoy_accel": 0.002009800933113863,
      "fcf_margin_change": 0.001152308655613464
    },
    {
      "date": "2024-12-31T00:00:00",
      "quarter_label": "2024-12 (Q4)",
      "revenue": 7186000,
      "gross_profit": 1982000,
      "operating_income": 291000,
      "net_income": 198000,
      "opex": 1691000,
      "cogs": 5204000,
      "rd": null,
      "sga": null,
      "fcf": 229000,
      "ocf": 231000,
      "capex": -2000,
      "gross_margin": 0.27581408293904813,
      "op_margin": 0.04049540773726691,
      "fcf_margin": 0.03186752017812413,
      "rev_growth_yoy": 0.05894488653109343,
      "rev_growth_yoy_accel": 0.11934318884908232,
      "op_leverage_ratio": 7.83052466990966,
      "fcf_margin_change": 0.009108659858457695
    },
    {
      "date": "2025-03-31T00:00:00",
      "quarter_label": "2025-03 (Q1)",
      "revenue": 5846000,
      "gross_profit": 1603000,
      "operating_income": -1000,
      "net_income": -88000,
      "opex": 1604000,
      "cogs": 4243000,
      "rd": null,
      "sga": null,
      "fcf": -191000,
      "ocf": -160000,
      "capex": -31000,
      "gross_margin": 0.2742045843311666,
      "op_margin": -0.00017105713308244953,
      "fcf_margin": -0.03267191241874786,
      "rev_growth_yoy": -0.013000168833361473,
      "rev_growth_yoy_accel": -0.0719450553644549,
      "fcf_margin_change": -0.06453943259687199
    },
    {
      "date": "2025-06-30T00:00:00",
      "quarter_label": "2025-06 (Q2)",
      "revenue": 5904000,
      "gross_profit": 1370000,
      "operating_income": -236000,
      "net_income": -343000,
      "opex": 1606000,
      "cogs": 4534000,
      "rd": null,
      "sga": null,
      "fcf": -620000,
      "ocf": -613000,
      "capex": -7000,
      "gross_margin": 0.2320460704607046,
      "op_margin": -0.03997289972899729,
      "fcf_margin": -0.10501355013550136,
      "rev_growth_yoy": 0.028750653423941452,
      "rev_growth_yoy_accel": 0.04175082225730292,
      "fcf_margin_change": -0.0723416377167535
    },
    {
      "date": "2025-09-30T00:00:00",
      "quarter_label": "2025-09 (Q3)",
      "revenue": 5841000,
      "gross_profit": 1656000,
      "operating_income": -15000,
      "net_income": -131000,
      "opex": 1671000,
      "cogs": 4185000,
      "rd": 38107,
      "sga": null,
      "fcf": 80000,
      "ocf": 80000,
      "capex": null,
      "gross_margin": 0.2835130970724191,
      "op_margin": -0.0025680534155110425,
      "fcf_margin": 0.01369628488272556,
      "rev_growth_yoy": 0.014767199444058373,
      "rev_growth_yoy_accel": -0.013983453979883079,
      "fcf_margin_change": 0.11870983501822692
    },
    {
      "date": "2025-12-31T00:00:00",
      "quarter_label": "2025-12 (Q4)",
      "revenue": 6882000,
      "gross_profit": 1798000,
      "operating_income": 184000,
      "net_income": -765000,
      "opex": 1614000,
      "cogs": 5084000,
      "rd": null,
      "sga": null,
      "fcf": 236000,
      "ocf": 285000,
      "capex": -49000,
      "gross_margin": 0.26126126126126126,
      "op_margin": 0.026736413833188026,
      "fcf_margin": 0.034292356873002035,
      "rev_growth_yoy": -0.042304480935151684,
      "rev_growth_yoy_accel": -0.05707168037921006,
      "op_leverage_ratio": null,
      "fcf_margin_change": 0.020596071990276472
    }
  ],
  "signals": [
    {
      "quarter": "2025-12 (Q4)",
      "signal": "YoY REVENUE GROWTH DECELERATION",
      "detail": "YoY growth: -4.2% vs prior quarter YoY: +1.5% (decel: -5.7%)",
      "severity": "WARNING"
    },
    {
      "quarter": "2025-12 (Q4)",
      "signal": "OP MARGIN TURNED POSITIVE (QoQ)",
      "detail": "Op margin: -0.3% -> +2.7%",
      "severity": "HIGH"
    },
    {
      "quarter": "2025-09 (Q3)",
      "signal": "FCF TURNED POSITIVE",
      "detail": "FCF margin: -10.5% -> +1.4%",
      "severity": "HIGH"
    },
    {
      "quarter": "2025-09 (Q3)",
      "signal": "GROSS MARGIN INFLECTION",
      "detail": "GM: +27.4% -> +23.2% -> +28.4% (reversal +5.1%)",
      "severity": "HIGH"
    },
    {
      "quarter": "2025-03 (Q1)",
      "signal": "YoY REVENUE GROWTH DECELERATION",
      "detail": "YoY growth: -1.3% vs prior quarter YoY: +5.9% (decel: -7.2%)",
      "severity": "WARNING"
    },
    {
      "quarter": "2024-12 (Q4)",
      "signal": "OPERATING LEVERAGE",
      "detail": "Rev growth +24.8% vs OpEx growth +3.2% (leverage: 7.8x)",
      "severity": "MEDIUM"
    },
    {
      "quarter": "2024-12 (Q4)",
      "signal": "YoY REVENUE GROWTH ACCELERATION",
      "detail": "YoY growth: +5.9% vs prior quarter YoY: -6.0% (accel: +11.9%)",
      "severity": "MEDIUM"
    },
    {
      "quarter": "2024-12 (Q4)",
      "signal": "OP MARGIN TURNED POSITIVE (QoQ)",
      "detail": "Op margin: -2.1% -> +4.0%",
      "severity": "HIGH"
    },
    {
      "quarter": "2024-06 (Q2)",
      "signal": "FCF TURNED POSITIVE",
      "detail": "FCF margin: -0.9% -> +2.2%",
      "severity": "HIGH"
    },
    {
      "quarter": "2024-06 (Q2)",
      "signal": "YoY REVENUE GROWTH ACCELERATION",
      "detail": "YoY growth: -6.2% vs prior quarter YoY: -14.2% (accel: +8.0%)",
      "severity": "MEDIUM"
    },
    {
      "quarter": "2024-06 (Q2)",
      "signal": "OP MARGIN TURNED POSITIVE (YoY)",
      "detail": "Op margin: -3.2% (year-ago) -> +0.2%",
      "severity": "HIGH"
    },
    {
      "quarter": "2023-12 (Q4)",
      "signal": "YoY REVENUE GROWTH ACCELERATION",
      "detail": "YoY growth: -16.6% vs prior quarter YoY: -24.0% (accel: +7.4%)",
      "severity": "MEDIUM"
    },
    {
      "quarter": "2023-12 (Q4)",
      "signal": "INCREMENTAL MARGIN (YoY)",
      "detail": "YoY Incr OPM: +46.6% vs year-ago OPM: +9.6%",
      "severity": "HIGH"
    },
    {
      "quarter": "2023-12 (Q4)",
      "signal": "OP MARGIN TURNED POSITIVE (QoQ)",
      "detail": "Op margin: -0.5% -> +2.3%",
      "severity": "HIGH"
    },
    {
      "quarter": "2023-09 (Q3)",
      "signal": "FCF TURNED POSITIVE",
      "detail": "FCF margin: -4.0% -> +5.4%",
      "severity": "HIGH"
    },
    {
      "quarter": "2023-09 (Q3)",
      "signal": "GROSS MARGIN INFLECTION",
      "detail": "GM: +25.6% -> +19.5% -> +24.2% (reversal +4.8%)",
      "severity": "MEDIUM"
    },
    {
      "quarter": "2023-09 (Q3)",
      "signal": "YoY REVENUE GROWTH DECELERATION",
      "detail": "YoY growth: -24.0% vs prior quarter YoY: -0.9% (decel: -23.0%)",
      "severity": "WARNING"
    },
    {
      "quarter": "2023-03 (Q1)",
      "signal": "YoY REVENUE GROWTH DECELERATION",
      "detail": "YoY growth: +2.2% vs prior quarter YoY: +13.2% (decel: -11.0%)",
      "severity": "WARNING"
    },
    {
      "quarter": "2022-12 (Q4)",
      "signal": "YoY REVENUE GROWTH DECELERATION",
      "detail": "YoY growth: +13.2% vs prior quarter YoY: +29.5% (decel: -16.3%)",
      "severity": "WARNING"
    },
    {
      "quarter": "2022-09 (Q3)",
      "signal": "FCF MARGIN EXPANSION",
      "detail": "FCF margin: +2.0% -> +7.4% (+5.4%)",
      "severity": "MEDIUM"
    },
    {
      "quarter": "2022-09 (Q3)",
      "signal": "OPERATING LEVERAGE",
      "detail": "Rev growth +30.4% vs OpEx growth +8.1% (leverage: 3.7x)",
      "severity": "MEDIUM"
    },
    {
      "quarter": "2022-09 (Q3)",
      "signal": "GROSS MARGIN INFLECTION",
      "detail": "GM: +26.6% -> +18.3% -> +24.5% (reversal +6.2%)",
      "severity": "HIGH"
    },
    {
      "quarter": "2022-09 (Q3)",
      "signal": "YoY REVENUE GROWTH ACCELERATION",
      "detail": "YoY growth: +29.5% vs prior quarter YoY: +5.8% (accel: +23.7%)",
      "severity": "HIGH"
    },
    {
      "quarter": "2022-09 (Q3)",
      "signal": "OP MARGIN TURNED POSITIVE (QoQ)",
      "detail": "Op margin: -2.6% -> +7.1%",
      "severity": "HIGH"
    },
    {
      "quarter": "2022-06 (Q2)",
      "signal": "FCF TURNED POSITIVE",
      "detail": "FCF margin: -2.7% -> +2.0%",
      "severity": "HIGH"
    },
    {
      "quarter": "2022-03 (Q1)",
      "signal": "GROSS MARGIN INFLECTION",
      "detail": "GM: +24.1% -> +21.9% -> +26.6% (reversal +4.6%)",
      "severity": "MEDIUM"
    },
    {
      "quarter": "2021-09 (Q3)",
      "signal": "FCF TURNED POSITIVE",
      "detail": "FCF margin: -0.5% -> +1.9%",
      "severity": "HIGH"
    }
  ],
  "data_quality": {
    "n_quarters": 20,
    "coverage": {
      "revenue": [
        20,
        20
      ],
      "gross_profit": [
        20,
        20
      ],
      "op_income": [
        20,
        20
      ],
      "fcf": [
        20,
        20
      ]
    },
    "gaps": [],
    "warnings": []
  },
  "market_cap": null,
  "source": "SEC EDGAR",
  "last_updated": "2026-02-24T10:33:05.964022"
}