{
  "ticker": "LVS",
  "name": "LAS VEGAS SANDS CORP.",
  "quarters": [
    {
      "date": "2020-12-31T00:00:00",
      "quarter_label": "2020-12 (Q4)",
      "revenue": 1146000000,
      "gross_profit": null,
      "operating_income": -211000000,
      "net_income": -299000000,
      "opex": 1357000000,
      "cogs": null,
      "rd": null,
      "sga": 249000000,
      "fcf": -225000000,
      "ocf": 4000000,
      "capex": -229000000,
      "gross_margin": null,
      "op_margin": -0.18411867364746945,
      "fcf_margin": -0.19633507853403143
    },
    {
      "date": "2021-03-31T00:00:00",
      "quarter_label": "2021-03 (Q1)",
      "revenue": 1196000000,
      "gross_profit": null,
      "operating_income": -96000000,
      "net_income": -278000000,
      "opex": 1292000000,
      "cogs": null,
      "rd": null,
      "sga": 225000000,
      "fcf": null,
      "ocf": null,
      "capex": -291000000,
      "gross_margin": null,
      "op_margin": -0.0802675585284281,
      "fcf_margin": null,
      "op_leverage_ratio": Infinity
    },
    {
      "date": "2021-06-30T00:00:00",
      "quarter_label": "2021-06 (Q2)",
      "revenue": 1173000000,
      "gross_profit": null,
      "operating_income": -139000000,
      "net_income": -192000000,
      "opex": 1312000000,
      "cogs": null,
      "rd": null,
      "sga": 219000000,
      "fcf": null,
      "ocf": null,
      "capex": -157000000,
      "gross_margin": null,
      "op_margin": -0.1184995737425405,
      "fcf_margin": null
    },
    {
      "date": "2021-09-30T00:00:00",
      "quarter_label": "2021-09 (Q3)",
      "revenue": 857000000,
      "gross_profit": null,
      "operating_income": -316000000,
      "net_income": -368000000,
      "opex": 1173000000,
      "cogs": null,
      "rd": null,
      "sga": 223000000,
      "fcf": null,
      "ocf": null,
      "capex": -192000000,
      "gross_margin": null,
      "op_margin": -0.3687281213535589,
      "fcf_margin": null
    },
    {
      "date": "2021-12-31T00:00:00",
      "quarter_label": "2021-12 (Q4)",
      "revenue": 1008000000,
      "gross_profit": null,
      "operating_income": -138000000,
      "net_income": -123000000,
      "opex": 1146000000,
      "cogs": null,
      "rd": null,
      "sga": 164000000,
      "fcf": null,
      "ocf": null,
      "capex": -188000000,
      "gross_margin": null,
      "op_margin": -0.13690476190476192,
      "fcf_margin": null,
      "incr_op_margin_yoy": -0.5289855072463768,
      "rev_growth_yoy": -0.12041884816753927,
      "op_leverage_ratio": Infinity
    },
    {
      "date": "2022-03-31T00:00:00",
      "quarter_label": "2022-03 (Q1)",
      "revenue": 943000000,
      "gross_profit": null,
      "operating_income": -302000000,
      "net_income": 2530000000,
      "opex": 1245000000,
      "cogs": null,
      "rd": null,
      "sga": 218000000,
      "fcf": null,
      "ocf": null,
      "capex": -137000000,
      "gross_margin": null,
      "op_margin": -0.32025450689289503,
      "fcf_margin": null,
      "incr_op_margin_yoy": 0.8142292490118577,
      "rev_growth_yoy": -0.21153846153846154,
      "rev_growth_yoy_accel": -0.09111961337092227
    },
    {
      "date": "2022-06-30T00:00:00",
      "quarter_label": "2022-06 (Q2)",
      "revenue": 1045000000,
      "gross_profit": null,
      "operating_income": -147000000,
      "net_income": -290000000,
      "opex": 1192000000,
      "cogs": null,
      "rd": null,
      "sga": 238000000,
      "fcf": null,
      "ocf": null,
      "capex": -198000000,
      "gross_margin": null,
      "op_margin": -0.14066985645933014,
      "fcf_margin": null,
      "incr_op_margin_yoy": 0.0625,
      "rev_growth_yoy": -0.10912190963341858,
      "rev_growth_yoy_accel": 0.10241655190504295,
      "op_leverage_ratio": Infinity
    },
    {
      "date": "2022-09-30T00:00:00",
      "quarter_label": "2022-09 (Q3)",
      "revenue": 1005000000,
      "gross_profit": null,
      "operating_income": -177000000,
      "net_income": -239000000,
      "opex": 1182000000,
      "cogs": null,
      "rd": null,
      "sga": 238000000,
      "fcf": null,
      "ocf": null,
      "capex": -169000000,
      "gross_margin": null,
      "op_margin": -0.1761194029850746,
      "fcf_margin": null,
      "incr_op_margin_yoy": 0.9391891891891891,
      "rev_growth_yoy": 0.17269544924154026,
      "rev_growth_yoy_accel": 0.28181735887495885
    },
    {
      "date": "2022-12-31T00:00:00",
      "quarter_label": "2022-12 (Q4)",
      "revenue": 1117000000,
      "gross_profit": null,
      "operating_income": -166000000,
      "net_income": -169000000,
      "opex": 1283000000,
      "cogs": null,
      "rd": null,
      "sga": 242000000,
      "fcf": null,
      "ocf": null,
      "capex": -147000000,
      "gross_margin": null,
      "op_margin": -0.1486123545210385,
      "fcf_margin": null,
      "incr_op_margin_yoy": -0.25688073394495414,
      "rev_growth_yoy": 0.10813492063492064,
      "rev_growth_yoy_accel": -0.06456052860661962,
      "op_leverage_ratio": 1.30421161519137
    },
    {
      "date": "2023-03-31T00:00:00",
      "quarter_label": "2023-03 (Q1)",
      "revenue": 2120000000,
      "gross_profit": null,
      "operating_income": 378000000,
      "net_income": 147000000,
      "opex": 1742000000,
      "cogs": null,
      "rd": 42000000,
      "sga": 251000000,
      "fcf": 275000000,
      "ocf": 441000000,
      "capex": -166000000,
      "gross_margin": null,
      "op_margin": 0.17830188679245282,
      "fcf_margin": 0.12971698113207547,
      "incr_op_margin_yoy": 0.5777400169923534,
      "rev_growth_yoy": 1.2481442205726405,
      "rev_growth_yoy_accel": 1.1400092999377198,
      "op_leverage_ratio": 2.5099307006200475
    },
    {
      "date": "2023-06-30T00:00:00",
      "quarter_label": "2023-06 (Q2)",
      "revenue": 2542000000,
      "gross_profit": null,
      "operating_income": 537000000,
      "net_income": 312000000,
      "opex": 2005000000,
      "cogs": null,
      "rd": 54000000,
      "sga": 279000000,
      "fcf": 745000000,
      "ocf": 941000000,
      "capex": -196000000,
      "gross_margin": null,
      "op_margin": 0.2112509834775767,
      "fcf_margin": 0.2930763178599528,
      "incr_op_margin_yoy": 0.45691382765531063,
      "rev_growth_yoy": 1.432535885167464,
      "rev_growth_yoy_accel": 0.1843916645948236,
      "op_leverage_ratio": 1.318466174044049,
      "fcf_margin_change": 0.16335933672787734
    },
    {
      "date": "2023-09-30T00:00:00",
      "quarter_label": "2023-09 (Q3)",
      "revenue": 2795000000,
      "gross_profit": null,
      "operating_income": 688000000,
      "net_income": 380000000,
      "opex": 2107000000,
      "cogs": null,
      "rd": 44000000,
      "sga": 290000000,
      "fcf": 509000000,
      "ocf": 839000000,
      "capex": -330000000,
      "gross_margin": null,
      "op_margin": 0.24615384615384617,
      "fcf_margin": 0.1821109123434705,
      "incr_op_margin_yoy": 0.48324022346368717,
      "rev_growth_yoy": 1.7810945273631842,
      "rev_growth_yoy_accel": 0.3485586421957201,
      "op_leverage_ratio": 1.9564068743154226,
      "fcf_margin_change": -0.11096540551648232
    },
    {
      "date": "2023-12-31T00:00:00",
      "quarter_label": "2023-12 (Q4)",
      "revenue": 2915000000,
      "gross_profit": null,
      "operating_income": 710000000,
      "net_income": 382000000,
      "opex": 2205000000,
      "cogs": null,
      "rd": 65000000,
      "sga": 287000000,
      "fcf": null,
      "ocf": null,
      "capex": -325000000,
      "gross_margin": null,
      "op_margin": 0.24356775300171526,
      "fcf_margin": null,
      "incr_op_margin_yoy": 0.4872080088987764,
      "rev_growth_yoy": 1.6096687555953446,
      "rev_growth_yoy_accel": -0.17142577176783957,
      "op_leverage_ratio": 0.923076923076923
    },
    {
      "date": "2024-03-31T00:00:00",
      "quarter_label": "2024-03 (Q1)",
      "revenue": 2959000000,
      "gross_profit": null,
      "operating_income": 717000000,
      "net_income": 494000000,
      "opex": 2242000000,
      "cogs": null,
      "rd": 53000000,
      "sga": 286000000,
      "fcf": 518000000,
      "ocf": 714000000,
      "capex": -196000000,
      "gross_margin": null,
      "op_margin": 0.24231159175397093,
      "fcf_margin": 0.17505914160189254,
      "incr_op_margin_yoy": 0.40405244338498214,
      "rev_growth_yoy": 0.39575471698113207,
      "rev_growth_yoy_accel": -1.2139140386142127,
      "op_leverage_ratio": 0.8995410504844467
    },
    {
      "date": "2024-06-30T00:00:00",
      "quarter_label": "2024-06 (Q2)",
      "revenue": 2761000000,
      "gross_profit": null,
      "operating_income": 591000000,
      "net_income": 353000000,
      "opex": 2170000000,
      "cogs": null,
      "rd": 61000000,
      "sga": 268000000,
      "fcf": 529000000,
      "ocf": 814000000,
      "capex": -285000000,
      "gross_margin": null,
      "op_margin": 0.21405287939152481,
      "fcf_margin": 0.1915972473741398,
      "incr_op_margin_yoy": 0.2465753424657534,
      "rev_growth_yoy": 0.08615263571990558,
      "rev_growth_yoy_accel": -0.30960208126122646,
      "fcf_margin_change": 0.016538105772247264
    },
    {
      "date": "2024-09-30T00:00:00",
      "quarter_label": "2024-09 (Q3)",
      "revenue": 2682000000,
      "gross_profit": null,
      "operating_income": 504000000,
      "net_income": 275000000,
      "opex": 2178000000,
      "cogs": null,
      "rd": 55000000,
      "sga": 293000000,
      "fcf": 222000000,
      "ocf": 761000000,
      "capex": -539000000,
      "gross_margin": null,
      "op_margin": 0.18791946308724833,
      "fcf_margin": 0.08277404921700224,
      "incr_op_margin_yoy": 1.6283185840707965,
      "rev_growth_yoy": -0.04042933810375671,
      "rev_growth_yoy_accel": -0.1265819738236623,
      "fcf_margin_change": -0.10882319815713756
    },
    {
      "date": "2024-12-31T00:00:00",
      "quarter_label": "2024-12 (Q4)",
      "revenue": 2896000000,
      "gross_profit": null,
      "operating_income": 590000000,
      "net_income": 324000000,
      "opex": 2306000000,
      "cogs": null,
      "rd": 59000000,
      "sga": 303000000,
      "fcf": null,
      "ocf": null,
      "capex": -547000000,
      "gross_margin": null,
      "op_margin": 0.2037292817679558,
      "fcf_margin": null,
      "incr_op_margin_yoy": 6.315789473684211,
      "rev_growth_yoy": -0.006518010291595197,
      "rev_growth_yoy_accel": 0.03391132781216151,
      "op_leverage_ratio": 1.357697147651007
    },
    {
      "date": "2025-03-31T00:00:00",
      "quarter_label": "2025-03 (Q1)",
      "revenue": 2862000000,
      "gross_profit": null,
      "operating_income": 609000000,
      "net_income": 352000000,
      "opex": 2253000000,
      "cogs": null,
      "rd": 69000000,
      "sga": 273000000,
      "fcf": 147000000,
      "ocf": 526000000,
      "capex": -379000000,
      "gross_margin": null,
      "op_margin": 0.21278825995807127,
      "fcf_margin": 0.051362683438155136,
      "incr_op_margin_yoy": 1.1134020618556701,
      "rev_growth_yoy": -0.03278134504900304,
      "rev_growth_yoy_accel": -0.026263334757407844
    },
    {
      "date": "2025-06-30T00:00:00",
      "quarter_label": "2025-06 (Q2)",
      "revenue": 3175000000,
      "gross_profit": null,
      "operating_income": 783000000,
      "net_income": 461000000,
      "opex": 2392000000,
      "cogs": null,
      "rd": 69000000,
      "sga": 292000000,
      "fcf": -108000000,
      "ocf": 178000000,
      "capex": -286000000,
      "gross_margin": null,
      "op_margin": 0.24661417322834644,
      "fcf_margin": -0.03401574803149606,
      "incr_op_margin_yoy": 0.463768115942029,
      "rev_growth_yoy": 0.14994567185802246,
      "rev_growth_yoy_accel": 0.1827270169070255,
      "op_leverage_ratio": 1.7726422635476524,
      "fcf_margin_change": -0.0853784314696512
    },
    {
      "date": "2025-09-30T00:00:00",
      "quarter_label": "2025-09 (Q3)",
      "revenue": 3331000000,
      "gross_profit": null,
      "operating_income": 719000000,
      "net_income": 419000000,
      "opex": 2612000000,
      "cogs": null,
      "rd": 72000000,
      "sga": 308000000,
      "fcf": 886000000,
      "ocf": 1115000000,
      "capex": -229000000,
      "gross_margin": null,
      "op_margin": 0.21585109576703693,
      "fcf_margin": 0.2659861903332333,
      "incr_op_margin_yoy": 0.3312788906009245,
      "rev_growth_yoy": 0.24198359433258762,
      "rev_growth_yoy_accel": 0.09203792247456516,
      "op_leverage_ratio": 0.534219040801718,
      "fcf_margin_change": 0.3000019383647293
    }
  ],
  "signals": [
    {
      "quarter": "2025-09 (Q3)",
      "signal": "FCF TURNED POSITIVE",
      "detail": "FCF margin: -3.4% -> +26.6%",
      "severity": "HIGH"
    },
    {
      "quarter": "2025-09 (Q3)",
      "signal": "YoY REVENUE GROWTH ACCELERATION",
      "detail": "YoY growth: +24.2% vs prior quarter YoY: +15.0% (accel: +9.2%)",
      "severity": "MEDIUM"
    },
    {
      "quarter": "2025-09 (Q3)",
      "signal": "INCREMENTAL MARGIN (YoY)",
      "detail": "YoY Incr OPM: +33.1% vs year-ago OPM: +18.8%",
      "severity": "MEDIUM"
    },
    {
      "quarter": "2025-06 (Q2)",
      "signal": "OPERATING LEVERAGE",
      "detail": "Rev growth +10.9% vs OpEx growth +6.2% (leverage: 1.8x)",
      "severity": "MEDIUM"
    },
    {
      "quarter": "2025-06 (Q2)",
      "signal": "YoY REVENUE GROWTH ACCELERATION",
      "detail": "YoY growth: +15.0% vs prior quarter YoY: -3.3% (accel: +18.3%)",
      "severity": "HIGH"
    },
    {
      "quarter": "2025-06 (Q2)",
      "signal": "INCREMENTAL MARGIN (YoY)",
      "detail": "YoY Incr OPM: +46.4% vs year-ago OPM: +21.4%",
      "severity": "HIGH"
    },
    {
      "quarter": "2025-03 (Q1)",
      "signal": "INCREMENTAL MARGIN (YoY)",
      "detail": "YoY Incr OPM: +111.3% vs year-ago OPM: +24.2%",
      "severity": "HIGH"
    },
    {
      "quarter": "2024-12 (Q4)",
      "signal": "INCREMENTAL MARGIN (YoY)",
      "detail": "YoY Incr OPM: +631.6% vs year-ago OPM: +24.4%",
      "severity": "HIGH"
    },
    {
      "quarter": "2024-09 (Q3)",
      "signal": "YoY REVENUE GROWTH DECELERATION",
      "detail": "YoY growth: -4.0% vs prior quarter YoY: +8.6% (decel: -12.7%)",
      "severity": "WARNING"
    },
    {
      "quarter": "2024-09 (Q3)",
      "signal": "INCREMENTAL MARGIN (YoY)",
      "detail": "YoY Incr OPM: +162.8% vs year-ago OPM: +24.6%",
      "severity": "HIGH"
    },
    {
      "quarter": "2024-06 (Q2)",
      "signal": "YoY REVENUE GROWTH DECELERATION",
      "detail": "YoY growth: +8.6% vs prior quarter YoY: +39.6% (decel: -31.0%)",
      "severity": "WARNING"
    },
    {
      "quarter": "2024-03 (Q1)",
      "signal": "YoY REVENUE GROWTH DECELERATION",
      "detail": "YoY growth: +39.6% vs prior quarter YoY: +161.0% (decel: -121.4%)",
      "severity": "WARNING"
    },
    {
      "quarter": "2024-03 (Q1)",
      "signal": "INCREMENTAL MARGIN (YoY)",
      "detail": "YoY Incr OPM: +40.4% vs year-ago OPM: +17.8%",
      "severity": "HIGH"
    },
    {
      "quarter": "2023-12 (Q4)",
      "signal": "YoY REVENUE GROWTH DECELERATION",
      "detail": "YoY growth: +161.0% vs prior quarter YoY: +178.1% (decel: -17.1%)",
      "severity": "WARNING"
    },
    {
      "quarter": "2023-12 (Q4)",
      "signal": "OP MARGIN TURNED POSITIVE (YoY)",
      "detail": "Op margin: -14.9% (year-ago) -> +24.4%",
      "severity": "HIGH"
    },
    {
      "quarter": "2023-09 (Q3)",
      "signal": "OPERATING LEVERAGE",
      "detail": "Rev growth +10.0% vs OpEx growth +5.1% (leverage: 2.0x)",
      "severity": "MEDIUM"
    },
    {
      "quarter": "2023-09 (Q3)",
      "signal": "YoY REVENUE GROWTH ACCELERATION",
      "detail": "YoY growth: +178.1% vs prior quarter YoY: +143.3% (accel: +34.9%)",
      "severity": "HIGH"
    },
    {
      "quarter": "2023-09 (Q3)",
      "signal": "OP MARGIN TURNED POSITIVE (YoY)",
      "detail": "Op margin: -17.6% (year-ago) -> +24.6%",
      "severity": "HIGH"
    },
    {
      "quarter": "2023-06 (Q2)",
      "signal": "FCF MARGIN EXPANSION",
      "detail": "FCF margin: +13.0% -> +29.3% (+16.3%)",
      "severity": "MEDIUM"
    },
    {
      "quarter": "2023-06 (Q2)",
      "signal": "YoY REVENUE GROWTH ACCELERATION",
      "detail": "YoY growth: +143.3% vs prior quarter YoY: +124.8% (accel: +18.4%)",
      "severity": "HIGH"
    },
    {
      "quarter": "2023-06 (Q2)",
      "signal": "OP MARGIN TURNED POSITIVE (YoY)",
      "detail": "Op margin: -14.1% (year-ago) -> +21.1%",
      "severity": "HIGH"
    },
    {
      "quarter": "2023-03 (Q1)",
      "signal": "OPERATING LEVERAGE",
      "detail": "Rev growth +89.8% vs OpEx growth +35.8% (leverage: 2.5x)",
      "severity": "MEDIUM"
    },
    {
      "quarter": "2023-03 (Q1)",
      "signal": "YoY REVENUE GROWTH ACCELERATION",
      "detail": "YoY growth: +124.8% vs prior quarter YoY: +10.8% (accel: +114.0%)",
      "severity": "HIGH"
    },
    {
      "quarter": "2023-03 (Q1)",
      "signal": "OP MARGIN TURNED POSITIVE (YoY)",
      "detail": "Op margin: -32.0% (year-ago) -> +17.8%",
      "severity": "HIGH"
    },
    {
      "quarter": "2023-03 (Q1)",
      "signal": "OP MARGIN TURNED POSITIVE (QoQ)",
      "detail": "Op margin: -14.9% -> +17.8%",
      "severity": "HIGH"
    },
    {
      "quarter": "2022-12 (Q4)",
      "signal": "YoY REVENUE GROWTH DECELERATION",
      "detail": "YoY growth: +10.8% vs prior quarter YoY: +17.3% (decel: -6.5%)",
      "severity": "WARNING"
    },
    {
      "quarter": "2022-09 (Q3)",
      "signal": "YoY REVENUE GROWTH ACCELERATION",
      "detail": "YoY growth: +17.3% vs prior quarter YoY: -10.9% (accel: +28.2%)",
      "severity": "HIGH"
    },
    {
      "quarter": "2022-06 (Q2)",
      "signal": "YoY REVENUE GROWTH ACCELERATION",
      "detail": "YoY growth: -10.9% vs prior quarter YoY: -21.2% (accel: +10.2%)",
      "severity": "MEDIUM"
    },
    {
      "quarter": "2022-03 (Q1)",
      "signal": "YoY REVENUE GROWTH DECELERATION",
      "detail": "YoY growth: -21.2% vs prior quarter YoY: -12.0% (decel: -9.1%)",
      "severity": "WARNING"
    }
  ],
  "data_quality": {
    "n_quarters": 20,
    "coverage": {
      "revenue": [
        20,
        20
      ],
      "gross_profit": [
        0,
        20
      ],
      "op_income": [
        20,
        20
      ],
      "fcf": [
        10,
        20
      ]
    },
    "gaps": [],
    "warnings": [
      "gross_profit: no data",
      "fcf: 10/20Q"
    ]
  },
  "market_cap": null,
  "source": "SEC EDGAR",
  "last_updated": "2026-02-02T20:02:31.278791",
  "sector": "Consumer Cyclical",
  "industry": "Resorts & Casinos"
}