{
  "ticker": "LXP",
  "name": "LXP INDUSTRIAL TRUST",
  "quarters": [
    {
      "date": "2020-12-31T00:00:00",
      "quarter_label": "2020-12 (Q4)",
      "revenue": 83315000,
      "gross_profit": null,
      "operating_income": null,
      "net_income": 104378000,
      "opex": null,
      "cogs": null,
      "rd": null,
      "sga": null,
      "fcf": 49369000,
      "ocf": 49369000,
      "capex": null,
      "gross_margin": null,
      "op_margin": null,
      "fcf_margin": 0.5925583628398248
    },
    {
      "date": "2021-03-31T00:00:00",
      "quarter_label": "2021-03 (Q1)",
      "revenue": 92557000,
      "gross_profit": null,
      "operating_income": null,
      "net_income": 41042000,
      "opex": null,
      "cogs": null,
      "rd": null,
      "sga": null,
      "fcf": 57400000,
      "ocf": 57400000,
      "capex": null,
      "gross_margin": null,
      "op_margin": null,
      "fcf_margin": 0.6201583888846873,
      "fcf_margin_change": 0.027600026044862558
    },
    {
      "date": "2021-06-30T00:00:00",
      "quarter_label": "2021-06 (Q2)",
      "revenue": 81541000,
      "gross_profit": null,
      "operating_income": null,
      "net_income": 72678000,
      "opex": null,
      "cogs": null,
      "rd": null,
      "sga": null,
      "fcf": 51287000,
      "ocf": 51287000,
      "capex": null,
      "gross_margin": null,
      "op_margin": null,
      "fcf_margin": 0.628971928232423,
      "fcf_margin_change": 0.008813539347735655
    },
    {
      "date": "2021-09-30T00:00:00",
      "quarter_label": "2021-09 (Q3)",
      "revenue": 83417000,
      "gross_profit": null,
      "operating_income": null,
      "net_income": 6638000,
      "opex": null,
      "cogs": null,
      "rd": null,
      "sga": null,
      "fcf": 58718000,
      "ocf": 58718000,
      "capex": null,
      "gross_margin": null,
      "op_margin": null,
      "fcf_margin": 0.7039092750878119,
      "fcf_margin_change": 0.07493734685538889
    },
    {
      "date": "2021-12-31T00:00:00",
      "quarter_label": "2021-12 (Q4)",
      "revenue": 86482000,
      "gross_profit": null,
      "operating_income": null,
      "net_income": 262290000,
      "opex": null,
      "cogs": null,
      "rd": null,
      "sga": null,
      "fcf": 52941000,
      "ocf": 52941000,
      "capex": null,
      "gross_margin": null,
      "op_margin": null,
      "fcf_margin": 0.6121620684072986,
      "rev_growth_yoy": 0.038012362719798354,
      "fcf_margin_change": -0.09174720668051328
    },
    {
      "date": "2022-03-31T00:00:00",
      "quarter_label": "2022-03 (Q1)",
      "revenue": 80278000,
      "gross_profit": null,
      "operating_income": null,
      "net_income": 10622000,
      "opex": null,
      "cogs": null,
      "rd": null,
      "sga": null,
      "fcf": 42090000,
      "ocf": 42090000,
      "capex": null,
      "gross_margin": null,
      "op_margin": null,
      "fcf_margin": 0.5243030469119808,
      "rev_growth_yoy": -0.13266419611698738,
      "rev_growth_yoy_accel": -0.17067655883678573,
      "fcf_margin_change": -0.08785902149531777
    },
    {
      "date": "2022-06-30T00:00:00",
      "quarter_label": "2022-06 (Q2)",
      "revenue": 79775000,
      "gross_profit": null,
      "operating_income": null,
      "net_income": 41298000,
      "opex": null,
      "cogs": null,
      "rd": null,
      "sga": null,
      "fcf": 53117000,
      "ocf": 53117000,
      "capex": null,
      "gross_margin": null,
      "op_margin": null,
      "fcf_margin": 0.6658351613914133,
      "rev_growth_yoy": -0.02165781631326572,
      "rev_growth_yoy_accel": 0.11100637980372166,
      "fcf_margin_change": 0.14153211447943248
    },
    {
      "date": "2022-09-30T00:00:00",
      "quarter_label": "2022-09 (Q3)",
      "revenue": 80088000,
      "gross_profit": 66127000,
      "operating_income": null,
      "net_income": 23390000,
      "opex": null,
      "cogs": 13961000,
      "rd": null,
      "sga": null,
      "fcf": 58906000,
      "ocf": 58906000,
      "capex": null,
      "gross_margin": 0.8256792528218959,
      "op_margin": null,
      "fcf_margin": 0.7355159324742783,
      "rev_growth_yoy": -0.039907932435834424,
      "rev_growth_yoy_accel": -0.018250116122568705,
      "fcf_margin_change": 0.06968077108286497
    },
    {
      "date": "2022-12-31T00:00:00",
      "quarter_label": "2022-12 (Q4)",
      "revenue": 81104000,
      "gross_profit": 68513000,
      "operating_income": null,
      "net_income": 38473000,
      "opex": null,
      "cogs": 12591000,
      "rd": null,
      "sga": null,
      "fcf": 40156000,
      "ocf": 40156000,
      "capex": null,
      "gross_margin": 0.8447548826198461,
      "op_margin": null,
      "fcf_margin": 0.4951173801538765,
      "rev_growth_yoy": -0.06218635091695382,
      "rev_growth_yoy_accel": -0.022278418481119396,
      "fcf_margin_change": -0.24039855232040175
    },
    {
      "date": "2023-03-31T00:00:00",
      "quarter_label": "2023-03 (Q1)",
      "revenue": 85075000,
      "gross_profit": 69832000,
      "operating_income": null,
      "net_income": 11166000,
      "opex": null,
      "cogs": 15243000,
      "rd": null,
      "sga": null,
      "fcf": 37546000,
      "ocf": 37546000,
      "capex": null,
      "gross_margin": 0.8208286805759624,
      "op_margin": null,
      "fcf_margin": 0.441328239788422,
      "rev_growth_yoy": 0.05975485188968335,
      "rev_growth_yoy_accel": 0.12194120280663717,
      "fcf_margin_change": -0.05378914036545451
    },
    {
      "date": "2023-06-30T00:00:00",
      "quarter_label": "2023-06 (Q2)",
      "revenue": 87050000,
      "gross_profit": 71305000,
      "operating_income": null,
      "net_income": -8048000,
      "opex": null,
      "cogs": 15745000,
      "rd": null,
      "sga": null,
      "fcf": 55098000,
      "ocf": 55098000,
      "capex": null,
      "gross_margin": 0.8191269385410683,
      "op_margin": null,
      "fcf_margin": 0.6329465824238943,
      "rev_growth_yoy": 0.0911939830774052,
      "rev_growth_yoy_accel": 0.03143913118772185,
      "fcf_margin_change": 0.19161834263547234
    },
    {
      "date": "2023-09-30T00:00:00",
      "quarter_label": "2023-09 (Q3)",
      "revenue": 85422000,
      "gross_profit": 70729000,
      "operating_income": null,
      "net_income": 12664000,
      "opex": null,
      "cogs": 14693000,
      "rd": null,
      "sga": null,
      "fcf": 60879000,
      "ocf": 60879000,
      "capex": null,
      "gross_margin": 0.8279951300601719,
      "op_margin": null,
      "fcf_margin": 0.7126852567254337,
      "rev_growth_yoy": 0.06660173808810309,
      "rev_growth_yoy_accel": -0.02459224498930211,
      "fcf_margin_change": 0.07973867430153936
    },
    {
      "date": "2023-12-31T00:00:00",
      "quarter_label": "2023-12 (Q4)",
      "revenue": 82956000,
      "gross_profit": 70243000,
      "operating_income": null,
      "net_income": 14601000,
      "opex": null,
      "cogs": 12713000,
      "rd": null,
      "sga": null,
      "fcf": 55923000,
      "ocf": 55923000,
      "capex": null,
      "gross_margin": 0.8467500843820821,
      "op_margin": null,
      "fcf_margin": 0.6741284536380732,
      "rev_growth_yoy": 0.022834878674294734,
      "rev_growth_yoy_accel": -0.043766859413808354,
      "fcf_margin_change": -0.038556803087360536
    },
    {
      "date": "2024-03-31T00:00:00",
      "quarter_label": "2024-03 (Q1)",
      "revenue": 86251000,
      "gross_profit": 71063000,
      "operating_income": null,
      "net_income": -269000,
      "opex": null,
      "cogs": 15188000,
      "rd": null,
      "sga": null,
      "fcf": 38916000,
      "ocf": 38916000,
      "capex": null,
      "gross_margin": 0.823909288008255,
      "op_margin": null,
      "fcf_margin": 0.45119476875630427,
      "rev_growth_yoy": 0.01382309726711725,
      "rev_growth_yoy_accel": -0.009011781407177484,
      "fcf_margin_change": -0.2229336848817689
    },
    {
      "date": "2024-06-30T00:00:00",
      "quarter_label": "2024-06 (Q2)",
      "revenue": 85786000,
      "gross_profit": 70304000,
      "operating_income": null,
      "net_income": 5426000,
      "opex": null,
      "cogs": 15482000,
      "rd": null,
      "sga": null,
      "fcf": 38453000,
      "ocf": 38453000,
      "capex": null,
      "gross_margin": 0.8195276618562469,
      "op_margin": null,
      "fcf_margin": 0.4482433031030704,
      "rev_growth_yoy": -0.014520390580126365,
      "rev_growth_yoy_accel": -0.028343487847243616,
      "fcf_margin_change": -0.0029514656532338424
    },
    {
      "date": "2024-09-30T00:00:00",
      "quarter_label": "2024-09 (Q3)",
      "revenue": 85570000,
      "gross_profit": 70559000,
      "operating_income": null,
      "net_income": 6346000,
      "opex": null,
      "cogs": 15011000,
      "rd": null,
      "sga": null,
      "fcf": 64597000,
      "ocf": 64597000,
      "capex": null,
      "gross_margin": 0.8245763702232091,
      "op_margin": null,
      "fcf_margin": 0.7549024190721048,
      "rev_growth_yoy": 0.0017325747465524103,
      "rev_growth_yoy_accel": 0.016252965326678775,
      "fcf_margin_change": 0.30665911596903433
    },
    {
      "date": "2024-12-31T00:00:00",
      "quarter_label": "2024-12 (Q4)",
      "revenue": 100851000,
      "gross_profit": 86019000,
      "operating_income": null,
      "net_income": 33031000,
      "opex": null,
      "cogs": 14832000,
      "rd": null,
      "sga": null,
      "fcf": 69221000,
      "ocf": 69221000,
      "capex": null,
      "gross_margin": 0.8529315524883243,
      "op_margin": null,
      "fcf_margin": 0.6863689998116033,
      "rev_growth_yoy": 0.2157167655142485,
      "rev_growth_yoy_accel": 0.2139841907676961,
      "fcf_margin_change": -0.0685334192605015
    },
    {
      "date": "2025-03-31T00:00:00",
      "quarter_label": "2025-03 (Q1)",
      "revenue": 88863000,
      "gross_profit": 71734000,
      "operating_income": null,
      "net_income": 18978000,
      "opex": null,
      "cogs": 17129000,
      "rd": null,
      "sga": null,
      "fcf": 38986000,
      "ocf": 38986000,
      "capex": null,
      "gross_margin": 0.8072426094099907,
      "op_margin": null,
      "fcf_margin": 0.438720277280758,
      "rev_growth_yoy": 0.03028370685557269,
      "rev_growth_yoy_accel": -0.18543305865867582,
      "fcf_margin_change": -0.24764872253084524
    },
    {
      "date": "2025-06-30T00:00:00",
      "quarter_label": "2025-06 (Q2)",
      "revenue": 87719000,
      "gross_profit": 71844000,
      "operating_income": null,
      "net_income": 29132000,
      "opex": null,
      "cogs": 15875000,
      "rd": null,
      "sga": null,
      "fcf": 44292000,
      "ocf": 44292000,
      "capex": null,
      "gross_margin": 0.819024384682908,
      "op_margin": null,
      "fcf_margin": 0.504930516763757,
      "rev_growth_yoy": 0.022532814212109203,
      "rev_growth_yoy_accel": -0.007750892643463486,
      "fcf_margin_change": 0.06621023948299898
    },
    {
      "date": "2025-09-30T00:00:00",
      "quarter_label": "2025-09 (Q3)",
      "revenue": 86902000,
      "gross_profit": 71556000,
      "operating_income": null,
      "net_income": 36279000,
      "opex": null,
      "cogs": 15346000,
      "rd": null,
      "sga": null,
      "fcf": 63498000,
      "ocf": 63498000,
      "capex": null,
      "gross_margin": 0.8234102782444592,
      "op_margin": null,
      "fcf_margin": 0.7306851395825182,
      "rev_growth_yoy": 0.015566203108566086,
      "rev_growth_yoy_accel": -0.006966611103543118,
      "fcf_margin_change": 0.22575462281876124
    }
  ],
  "signals": [
    {
      "quarter": "2025-09 (Q3)",
      "signal": "FCF MARGIN EXPANSION",
      "detail": "FCF margin: +50.5% -> +73.1% (+22.6%)",
      "severity": "MEDIUM"
    },
    {
      "quarter": "2025-06 (Q2)",
      "signal": "FCF MARGIN EXPANSION",
      "detail": "FCF margin: +43.9% -> +50.5% (+6.6%)",
      "severity": "MEDIUM"
    },
    {
      "quarter": "2025-03 (Q1)",
      "signal": "YoY REVENUE GROWTH DECELERATION",
      "detail": "YoY growth: +3.0% vs prior quarter YoY: +21.6% (decel: -18.5%)",
      "severity": "WARNING"
    },
    {
      "quarter": "2024-12 (Q4)",
      "signal": "YoY REVENUE GROWTH ACCELERATION",
      "detail": "YoY growth: +21.6% vs prior quarter YoY: +0.2% (accel: +21.4%)",
      "severity": "HIGH"
    },
    {
      "quarter": "2024-09 (Q3)",
      "signal": "FCF MARGIN EXPANSION",
      "detail": "FCF margin: +44.8% -> +75.5% (+30.7%)",
      "severity": "MEDIUM"
    },
    {
      "quarter": "2023-09 (Q3)",
      "signal": "FCF MARGIN EXPANSION",
      "detail": "FCF margin: +63.3% -> +71.3% (+8.0%)",
      "severity": "MEDIUM"
    },
    {
      "quarter": "2023-06 (Q2)",
      "signal": "FCF MARGIN EXPANSION",
      "detail": "FCF margin: +44.1% -> +63.3% (+19.2%)",
      "severity": "MEDIUM"
    },
    {
      "quarter": "2023-03 (Q1)",
      "signal": "YoY REVENUE GROWTH ACCELERATION",
      "detail": "YoY growth: +6.0% vs prior quarter YoY: -6.2% (accel: +12.2%)",
      "severity": "MEDIUM"
    },
    {
      "quarter": "2022-09 (Q3)",
      "signal": "FCF MARGIN EXPANSION",
      "detail": "FCF margin: +66.6% -> +73.6% (+7.0%)",
      "severity": "MEDIUM"
    },
    {
      "quarter": "2022-06 (Q2)",
      "signal": "FCF MARGIN EXPANSION",
      "detail": "FCF margin: +52.4% -> +66.6% (+14.2%)",
      "severity": "MEDIUM"
    },
    {
      "quarter": "2022-06 (Q2)",
      "signal": "YoY REVENUE GROWTH ACCELERATION",
      "detail": "YoY growth: -2.2% vs prior quarter YoY: -13.3% (accel: +11.1%)",
      "severity": "MEDIUM"
    },
    {
      "quarter": "2022-03 (Q1)",
      "signal": "YoY REVENUE GROWTH DECELERATION",
      "detail": "YoY growth: -13.3% vs prior quarter YoY: +3.8% (decel: -17.1%)",
      "severity": "WARNING"
    },
    {
      "quarter": "2021-09 (Q3)",
      "signal": "FCF MARGIN EXPANSION",
      "detail": "FCF margin: +62.9% -> +70.4% (+7.5%)",
      "severity": "MEDIUM"
    }
  ],
  "data_quality": {
    "n_quarters": 20,
    "coverage": {
      "revenue": [
        20,
        20
      ],
      "gross_profit": [
        13,
        20
      ],
      "op_income": [
        0,
        20
      ],
      "fcf": [
        20,
        20
      ]
    },
    "gaps": [],
    "warnings": [
      "gross_profit: 13/20Q",
      "op_income: no data"
    ]
  },
  "market_cap": null,
  "source": "SEC EDGAR",
  "last_updated": "2026-02-02T21:23:28.463201",
  "sector": "Real Estate",
  "industry": "REIT - Industrial"
}