{
  "ticker": "LYV",
  "name": "LIVE NATION ENTERTAINMENT, INC.",
  "quarters": [
    {
      "date": "2020-12-31T00:00:00",
      "quarter_label": "2020-12 (Q4)",
      "revenue": 237383000,
      "gross_profit": null,
      "operating_income": -388014000,
      "net_income": -443332000,
      "opex": null,
      "cogs": null,
      "rd": null,
      "sga": 281035000,
      "fcf": -153195000,
      "ocf": -126485000,
      "capex": -26710000,
      "gross_margin": null,
      "op_margin": -1.6345483880480067,
      "fcf_margin": -0.6453494984897823
    },
    {
      "date": "2021-03-31T00:00:00",
      "quarter_label": "2021-03 (Q1)",
      "revenue": 290609000,
      "gross_profit": null,
      "operating_income": -303172000,
      "net_income": -307193000,
      "opex": null,
      "cogs": null,
      "rd": null,
      "sga": 322853000,
      "fcf": 50811000,
      "ocf": 74574000,
      "capex": -23763000,
      "gross_margin": null,
      "op_margin": -1.0432299068507858,
      "fcf_margin": 0.17484317416184633,
      "fcf_margin_change": 0.8201926726516287
    },
    {
      "date": "2021-06-30T00:00:00",
      "quarter_label": "2021-06 (Q2)",
      "revenue": 575946000,
      "gross_profit": null,
      "operating_income": -127285000,
      "net_income": -195665000,
      "opex": null,
      "cogs": null,
      "rd": null,
      "sga": 328894000,
      "fcf": 1061112000,
      "ocf": 1095415000,
      "capex": -34303000,
      "gross_margin": null,
      "op_margin": -0.22100162167981027,
      "fcf_margin": 1.8423810565573855,
      "fcf_margin_change": 1.6675378823955391
    },
    {
      "date": "2021-09-30T00:00:00",
      "quarter_label": "2021-09 (Q3)",
      "revenue": 2698722000,
      "gross_profit": null,
      "operating_income": 137145000,
      "net_income": 46878000,
      "opex": null,
      "cogs": null,
      "rd": null,
      "sga": 446929000,
      "fcf": -191140000,
      "ocf": -145292000,
      "capex": -45848000,
      "gross_margin": null,
      "op_margin": 0.05081849853375042,
      "fcf_margin": -0.07082611695461778,
      "fcf_margin_change": -1.9132071735120033
    },
    {
      "date": "2021-12-31T00:00:00",
      "quarter_label": "2021-12 (Q4)",
      "revenue": 2703170000,
      "gross_profit": null,
      "operating_income": -124546000,
      "net_income": -194924000,
      "opex": null,
      "cogs": null,
      "rd": null,
      "sga": 656146000,
      "fcf": 707051000,
      "ocf": 755871000,
      "capex": -48820000,
      "gross_margin": null,
      "op_margin": -0.046074053796098656,
      "fcf_margin": 0.26156364564566786,
      "incr_op_margin_yoy": 0.10684945617768282,
      "rev_growth_yoy": 10.387378203156924,
      "fcf_margin_change": 0.33238976260028563
    },
    {
      "date": "2022-03-31T00:00:00",
      "quarter_label": "2022-03 (Q1)",
      "revenue": 1802808000,
      "gross_profit": null,
      "operating_income": 27060000,
      "net_income": -50182000,
      "opex": null,
      "cogs": null,
      "rd": null,
      "sga": 570182000,
      "fcf": 1135775000,
      "ocf": 1198300000,
      "capex": -62525000,
      "gross_margin": null,
      "op_margin": 0.01500991786146944,
      "fcf_margin": 0.6300033059538231,
      "incr_op_margin_yoy": 0.218378665770841,
      "rev_growth_yoy": 5.203551851456768,
      "rev_growth_yoy_accel": -5.183826351700156,
      "fcf_margin_change": 0.3684396603081553
    },
    {
      "date": "2022-06-30T00:00:00",
      "quarter_label": "2022-06 (Q2)",
      "revenue": 4434174000,
      "gross_profit": null,
      "operating_income": 318699000,
      "net_income": 187800000,
      "opex": null,
      "cogs": null,
      "rd": null,
      "sga": 672213000,
      "fcf": 281385000,
      "ocf": 349138000,
      "capex": -67753000,
      "gross_margin": null,
      "op_margin": 0.07187336356218768,
      "fcf_margin": 0.06345826753753912,
      "incr_op_margin_yoy": 0.1155929613283611,
      "rev_growth_yoy": 6.698940525674282,
      "rev_growth_yoy_accel": 1.495388674217514,
      "fcf_margin_change": -0.566545038416284
    },
    {
      "date": "2022-09-30T00:00:00",
      "quarter_label": "2022-09 (Q3)",
      "revenue": 6153535000,
      "gross_profit": null,
      "operating_income": 506249000,
      "net_income": 361402000,
      "opex": null,
      "cogs": null,
      "rd": null,
      "sga": 805910000,
      "fcf": -694790000,
      "ocf": -619081000,
      "capex": -75709000,
      "gross_margin": null,
      "op_margin": 0.08226962225777541,
      "fcf_margin": -0.112909083965558,
      "incr_op_margin_yoy": 0.10683762044429032,
      "rev_growth_yoy": 1.28016631575983,
      "rev_growth_yoy_accel": -5.418774209914452,
      "fcf_margin_change": -0.17636735150309713
    },
    {
      "date": "2022-12-31T00:00:00",
      "quarter_label": "2022-12 (Q4)",
      "revenue": 4290737000,
      "gross_profit": null,
      "operating_income": -119890000,
      "net_income": -203034000,
      "opex": null,
      "cogs": null,
      "rd": null,
      "sga": 907579000,
      "fcf": 765471000,
      "ocf": 906690000,
      "capex": -141219000,
      "gross_margin": null,
      "op_margin": -0.027941586725077766,
      "fcf_margin": 0.17840082018543668,
      "incr_op_margin_yoy": 0.0029327896082496046,
      "rev_growth_yoy": 0.5872982461332436,
      "rev_growth_yoy_accel": -0.6928680696265864,
      "fcf_margin_change": 0.29130990415099467
    },
    {
      "date": "2023-03-31T00:00:00",
      "quarter_label": "2023-03 (Q1)",
      "revenue": 3127390000,
      "gross_profit": null,
      "operating_income": 142776000,
      "net_income": -3169000,
      "opex": null,
      "cogs": null,
      "rd": null,
      "sga": 690321000,
      "fcf": 1038962000,
      "ocf": 1155848000,
      "capex": -116886000,
      "gross_margin": null,
      "op_margin": 0.045653404276409404,
      "fcf_margin": 0.3322137629141233,
      "incr_op_margin_yoy": 0.0873603899192349,
      "rev_growth_yoy": 0.7347327058677352,
      "rev_growth_yoy_accel": 0.14743445973449165,
      "fcf_margin_change": 0.15381294272868662
    },
    {
      "date": "2023-06-30T00:00:00",
      "quarter_label": "2023-06 (Q2)",
      "revenue": 5630723000,
      "gross_profit": null,
      "operating_income": 386371000,
      "net_income": 293682000,
      "opex": null,
      "cogs": null,
      "rd": null,
      "sga": 868595000,
      "fcf": 405356000,
      "ocf": 491001000,
      "capex": -85645000,
      "gross_margin": null,
      "op_margin": 0.06861836392946341,
      "fcf_margin": 0.07199004461771606,
      "incr_op_margin_yoy": 0.056555978902660904,
      "rev_growth_yoy": 0.26984710117374733,
      "rev_growth_yoy_accel": -0.4648856046939879,
      "fcf_margin_change": -0.2602237182964072
    },
    {
      "date": "2023-09-30T00:00:00",
      "quarter_label": "2023-09 (Q3)",
      "revenue": 8152019000,
      "gross_profit": null,
      "operating_income": 618532000,
      "net_income": 483495000,
      "opex": null,
      "cogs": null,
      "rd": null,
      "sga": 974150000,
      "fcf": -994579000,
      "ocf": -892228000,
      "capex": -102351000,
      "gross_margin": null,
      "op_margin": 0.07587470048830848,
      "fcf_margin": -0.12200400906818298,
      "incr_op_margin_yoy": 0.05618408753835407,
      "rev_growth_yoy": 0.32477007118672435,
      "rev_growth_yoy_accel": 0.054922970012977024,
      "fcf_margin_change": -0.19399405368589906
    },
    {
      "date": "2023-12-31T00:00:00",
      "quarter_label": "2023-12 (Q4)",
      "revenue": 5838941000,
      "gross_profit": null,
      "operating_income": -81476000,
      "net_income": -210728000,
      "opex": null,
      "cogs": null,
      "rd": null,
      "sga": 1024101000,
      "fcf": 474631000,
      "ocf": 608353000,
      "capex": -133722000,
      "gross_margin": null,
      "op_margin": -0.013953900202108568,
      "fcf_margin": 0.08128717176625008,
      "incr_op_margin_yoy": 0.024811975682791157,
      "rev_growth_yoy": 0.3608247254492643,
      "rev_growth_yoy_accel": 0.036054654262539954,
      "fcf_margin_change": 0.20329118083443307
    },
    {
      "date": "2024-03-31T00:00:00",
      "quarter_label": "2024-03 (Q1)",
      "revenue": 3799529000,
      "gross_profit": null,
      "operating_income": -36507000,
      "net_income": -46733000,
      "opex": null,
      "cogs": null,
      "rd": null,
      "sga": 981559000,
      "fcf": 854817000,
      "ocf": 988870000,
      "capex": -134053000,
      "gross_margin": null,
      "op_margin": -0.009608296186185182,
      "fcf_margin": 0.2249797277504659,
      "incr_op_margin_yoy": -0.26673500570566505,
      "rev_growth_yoy": 0.2149201091005599,
      "rev_growth_yoy_accel": -0.1459046163487044,
      "fcf_margin_change": 0.14369255598421582
    },
    {
      "date": "2024-06-30T00:00:00",
      "quarter_label": "2024-06 (Q2)",
      "revenue": 6023416000,
      "gross_profit": null,
      "operating_income": 465819000,
      "net_income": 297970000,
      "opex": null,
      "cogs": null,
      "rd": null,
      "sga": 926222000,
      "fcf": 212448000,
      "ocf": 412084000,
      "capex": -199636000,
      "gross_margin": null,
      "op_margin": 0.07733468848905671,
      "fcf_margin": 0.03527035157458824,
      "incr_op_margin_yoy": 0.20231580394863163,
      "rev_growth_yoy": 0.0697411327106661,
      "rev_growth_yoy_accel": -0.1451789763898938,
      "fcf_margin_change": -0.18970937617587766
    },
    {
      "date": "2024-09-30T00:00:00",
      "quarter_label": "2024-09 (Q3)",
      "revenue": 7651087000,
      "gross_profit": null,
      "operating_income": 639525000,
      "net_income": 451805000,
      "opex": null,
      "cogs": null,
      "rd": null,
      "sga": 1005418000,
      "fcf": -878963000,
      "ocf": -720902000,
      "capex": -158061000,
      "gross_margin": null,
      "op_margin": 0.08358616233222808,
      "fcf_margin": -0.11488080059735303,
      "incr_op_margin_yoy": -0.0419078837047743,
      "rev_growth_yoy": -0.06144882635823101,
      "rev_growth_yoy_accel": -0.13118995906889713,
      "fcf_margin_change": -0.15015115217194128
    },
    {
      "date": "2024-12-31T00:00:00",
      "quarter_label": "2024-12 (Q4)",
      "revenue": 5681593000,
      "gross_profit": null,
      "operating_income": -239444000,
      "net_income": 200987000,
      "opex": null,
      "cogs": null,
      "rd": null,
      "sga": 1183225000,
      "fcf": 890239000,
      "ocf": 1045123000,
      "capex": -154884000,
      "gross_margin": null,
      "op_margin": -0.042143814243646105,
      "fcf_margin": 0.15668827386967,
      "incr_op_margin_yoy": 1.0039403106490072,
      "rev_growth_yoy": -0.02694803732389144,
      "rev_growth_yoy_accel": 0.03450078903433958,
      "fcf_margin_change": 0.27156907446702305
    },
    {
      "date": "2025-03-31T00:00:00",
      "quarter_label": "2025-03 (Q1)",
      "revenue": 3382117000,
      "gross_profit": null,
      "operating_income": 114769000,
      "net_income": 23203000,
      "opex": null,
      "cogs": null,
      "rd": null,
      "sga": 778922000,
      "fcf": 1150460000,
      "ocf": 1321251000,
      "capex": -170791000,
      "gross_margin": null,
      "op_margin": 0.033934071470620324,
      "fcf_margin": 0.3401597283594861,
      "incr_op_margin_yoy": -0.3624141136335323,
      "rev_growth_yoy": -0.10985887987695317,
      "rev_growth_yoy_accel": -0.08291084255306173,
      "fcf_margin_change": 0.1834714544898161
    },
    {
      "date": "2025-06-30T00:00:00",
      "quarter_label": "2025-06 (Q2)",
      "revenue": 7006641000,
      "gross_profit": null,
      "operating_income": 486653000,
      "net_income": 243411000,
      "opex": null,
      "cogs": null,
      "rd": null,
      "sga": 1003344000,
      "fcf": -39945000,
      "ocf": 223471000,
      "capex": -263416000,
      "gross_margin": null,
      "op_margin": 0.069455963278267,
      "fcf_margin": -0.005701019932375585,
      "incr_op_margin_yoy": 0.02118945307533881,
      "rev_growth_yoy": 0.16323378627675725,
      "rev_growth_yoy_accel": 0.2730926661537104,
      "fcf_margin_change": -0.3458607482918617
    },
    {
      "date": "2025-09-30T00:00:00",
      "quarter_label": "2025-09 (Q3)",
      "revenue": 8499143000,
      "gross_profit": null,
      "operating_income": 792451000,
      "net_income": 431458000,
      "opex": null,
      "cogs": null,
      "rd": null,
      "sga": 1008038000,
      "fcf": -371266000,
      "ocf": -95676000,
      "capex": -275590000,
      "gross_margin": null,
      "op_margin": 0.09323893008977494,
      "fcf_margin": -0.0436827571909309,
      "incr_op_margin_yoy": 0.18032535587272538,
      "rev_growth_yoy": 0.11084124386508741,
      "rev_growth_yoy_accel": -0.05239254241166984,
      "fcf_margin_change": -0.03798173725855532
    }
  ],
  "signals": [
    {
      "quarter": "2025-09 (Q3)",
      "signal": "YoY REVENUE GROWTH DECELERATION",
      "detail": "YoY growth: +11.1% vs prior quarter YoY: +16.3% (decel: -5.2%)",
      "severity": "WARNING"
    },
    {
      "quarter": "2025-06 (Q2)",
      "signal": "YoY REVENUE GROWTH ACCELERATION",
      "detail": "YoY growth: +16.3% vs prior quarter YoY: -11.0% (accel: +27.3%)",
      "severity": "HIGH"
    },
    {
      "quarter": "2025-03 (Q1)",
      "signal": "FCF MARGIN EXPANSION",
      "detail": "FCF margin: +15.7% -> +34.0% (+18.3%)",
      "severity": "MEDIUM"
    },
    {
      "quarter": "2025-03 (Q1)",
      "signal": "YoY REVENUE GROWTH DECELERATION",
      "detail": "YoY growth: -11.0% vs prior quarter YoY: -2.7% (decel: -8.3%)",
      "severity": "WARNING"
    },
    {
      "quarter": "2025-03 (Q1)",
      "signal": "OP MARGIN TURNED POSITIVE (YoY)",
      "detail": "Op margin: -1.0% (year-ago) -> +3.4%",
      "severity": "HIGH"
    },
    {
      "quarter": "2025-03 (Q1)",
      "signal": "OP MARGIN TURNED POSITIVE (QoQ)",
      "detail": "Op margin: -4.2% -> +3.4%",
      "severity": "HIGH"
    },
    {
      "quarter": "2024-12 (Q4)",
      "signal": "FCF TURNED POSITIVE",
      "detail": "FCF margin: -11.5% -> +15.7%",
      "severity": "HIGH"
    },
    {
      "quarter": "2024-09 (Q3)",
      "signal": "YoY REVENUE GROWTH DECELERATION",
      "detail": "YoY growth: -6.1% vs prior quarter YoY: +7.0% (decel: -13.1%)",
      "severity": "WARNING"
    },
    {
      "quarter": "2024-06 (Q2)",
      "signal": "YoY REVENUE GROWTH DECELERATION",
      "detail": "YoY growth: +7.0% vs prior quarter YoY: +21.5% (decel: -14.5%)",
      "severity": "WARNING"
    },
    {
      "quarter": "2024-06 (Q2)",
      "signal": "INCREMENTAL MARGIN (YoY)",
      "detail": "YoY Incr OPM: +20.2% vs year-ago OPM: +6.9%",
      "severity": "MEDIUM"
    },
    {
      "quarter": "2024-06 (Q2)",
      "signal": "OP MARGIN TURNED POSITIVE (QoQ)",
      "detail": "Op margin: -1.0% -> +7.7%",
      "severity": "HIGH"
    },
    {
      "quarter": "2024-03 (Q1)",
      "signal": "FCF MARGIN EXPANSION",
      "detail": "FCF margin: +8.1% -> +22.5% (+14.4%)",
      "severity": "MEDIUM"
    },
    {
      "quarter": "2024-03 (Q1)",
      "signal": "YoY REVENUE GROWTH DECELERATION",
      "detail": "YoY growth: +21.5% vs prior quarter YoY: +36.1% (decel: -14.6%)",
      "severity": "WARNING"
    },
    {
      "quarter": "2023-12 (Q4)",
      "signal": "FCF TURNED POSITIVE",
      "detail": "FCF margin: -12.2% -> +8.1%",
      "severity": "HIGH"
    },
    {
      "quarter": "2023-09 (Q3)",
      "signal": "YoY REVENUE GROWTH ACCELERATION",
      "detail": "YoY growth: +32.5% vs prior quarter YoY: +27.0% (accel: +5.5%)",
      "severity": "MEDIUM"
    },
    {
      "quarter": "2023-06 (Q2)",
      "signal": "YoY REVENUE GROWTH DECELERATION",
      "detail": "YoY growth: +27.0% vs prior quarter YoY: +73.5% (decel: -46.5%)",
      "severity": "WARNING"
    },
    {
      "quarter": "2023-03 (Q1)",
      "signal": "FCF MARGIN EXPANSION",
      "detail": "FCF margin: +17.8% -> +33.2% (+15.4%)",
      "severity": "MEDIUM"
    },
    {
      "quarter": "2023-03 (Q1)",
      "signal": "YoY REVENUE GROWTH ACCELERATION",
      "detail": "YoY growth: +73.5% vs prior quarter YoY: +58.7% (accel: +14.7%)",
      "severity": "MEDIUM"
    },
    {
      "quarter": "2023-03 (Q1)",
      "signal": "OP MARGIN TURNED POSITIVE (QoQ)",
      "detail": "Op margin: -2.8% -> +4.6%",
      "severity": "HIGH"
    },
    {
      "quarter": "2022-12 (Q4)",
      "signal": "FCF TURNED POSITIVE",
      "detail": "FCF margin: -11.3% -> +17.8%",
      "severity": "HIGH"
    },
    {
      "quarter": "2022-12 (Q4)",
      "signal": "YoY REVENUE GROWTH DECELERATION",
      "detail": "YoY growth: +58.7% vs prior quarter YoY: +128.0% (decel: -69.3%)",
      "severity": "WARNING"
    },
    {
      "quarter": "2022-09 (Q3)",
      "signal": "YoY REVENUE GROWTH DECELERATION",
      "detail": "YoY growth: +128.0% vs prior quarter YoY: +669.9% (decel: -541.9%)",
      "severity": "WARNING"
    },
    {
      "quarter": "2022-06 (Q2)",
      "signal": "YoY REVENUE GROWTH ACCELERATION",
      "detail": "YoY growth: +669.9% vs prior quarter YoY: +520.4% (accel: +149.5%)",
      "severity": "HIGH"
    },
    {
      "quarter": "2022-06 (Q2)",
      "signal": "OP MARGIN TURNED POSITIVE (YoY)",
      "detail": "Op margin: -22.1% (year-ago) -> +7.2%",
      "severity": "HIGH"
    },
    {
      "quarter": "2022-03 (Q1)",
      "signal": "FCF MARGIN EXPANSION",
      "detail": "FCF margin: +26.2% -> +63.0% (+36.8%)",
      "severity": "MEDIUM"
    },
    {
      "quarter": "2022-03 (Q1)",
      "signal": "YoY REVENUE GROWTH DECELERATION",
      "detail": "YoY growth: +520.4% vs prior quarter YoY: +1038.7% (decel: -518.4%)",
      "severity": "WARNING"
    },
    {
      "quarter": "2022-03 (Q1)",
      "signal": "OP MARGIN TURNED POSITIVE (YoY)",
      "detail": "Op margin: -104.3% (year-ago) -> +1.5%",
      "severity": "HIGH"
    },
    {
      "quarter": "2022-03 (Q1)",
      "signal": "OP MARGIN TURNED POSITIVE (QoQ)",
      "detail": "Op margin: -4.6% -> +1.5%",
      "severity": "HIGH"
    },
    {
      "quarter": "2021-12 (Q4)",
      "signal": "FCF TURNED POSITIVE",
      "detail": "FCF margin: -7.1% -> +26.2%",
      "severity": "HIGH"
    },
    {
      "quarter": "2021-09 (Q3)",
      "signal": "OP MARGIN TURNED POSITIVE (QoQ)",
      "detail": "Op margin: -22.1% -> +5.1%",
      "severity": "HIGH"
    },
    {
      "quarter": "2021-06 (Q2)",
      "signal": "FCF MARGIN EXPANSION",
      "detail": "FCF margin: +17.5% -> +184.2% (+166.8%)",
      "severity": "MEDIUM"
    },
    {
      "quarter": "2021-03 (Q1)",
      "signal": "FCF TURNED POSITIVE",
      "detail": "FCF margin: -64.5% -> +17.5%",
      "severity": "HIGH"
    }
  ],
  "data_quality": {
    "n_quarters": 20,
    "coverage": {
      "revenue": [
        20,
        20
      ],
      "gross_profit": [
        0,
        20
      ],
      "op_income": [
        20,
        20
      ],
      "fcf": [
        20,
        20
      ]
    },
    "gaps": [],
    "warnings": [
      "gross_profit: no data"
    ]
  },
  "market_cap": null,
  "source": "SEC EDGAR",
  "last_updated": "2026-02-02T20:06:56.995575",
  "sector": "Communication Services",
  "industry": "Entertainment"
}