{
  "ticker": "MA",
  "name": "Mastercard Incorporated",
  "quarters": [
    {
      "date": "2020-12-31T00:00:00",
      "quarter_label": "2020-12 (Q4)",
      "revenue": 4120000000,
      "gross_profit": null,
      "operating_income": 2058000000,
      "net_income": null,
      "opex": 2062000000,
      "cogs": null,
      "rd": null,
      "sga": null,
      "fcf": 2194000000,
      "ocf": 2253000000,
      "capex": -59000000,
      "gross_margin": null,
      "op_margin": 0.4995145631067961,
      "fcf_margin": 0.5325242718446602
    },
    {
      "date": "2021-03-31T00:00:00",
      "quarter_label": "2021-03 (Q1)",
      "revenue": 4155000000,
      "gross_profit": null,
      "operating_income": 2197000000,
      "net_income": null,
      "opex": 1958000000,
      "cogs": null,
      "rd": null,
      "sga": null,
      "fcf": 1398000000,
      "ocf": 1463000000,
      "capex": -65000000,
      "gross_margin": null,
      "op_margin": 0.5287605294825511,
      "fcf_margin": 0.3364620938628159,
      "fcf_margin_change": -0.19606217798184433
    },
    {
      "date": "2021-06-30T00:00:00",
      "quarter_label": "2021-06 (Q2)",
      "revenue": 4528000000,
      "gross_profit": null,
      "operating_income": 2341000000,
      "net_income": null,
      "opex": 2187000000,
      "cogs": null,
      "rd": null,
      "sga": null,
      "fcf": 2187000000,
      "ocf": 2268000000,
      "capex": -81000000,
      "gross_margin": null,
      "op_margin": 0.5170053003533569,
      "fcf_margin": 0.4829946996466431,
      "op_leverage_ratio": 0.7675647270873729,
      "fcf_margin_change": 0.1465326057838272
    },
    {
      "date": "2021-09-30T00:00:00",
      "quarter_label": "2021-09 (Q3)",
      "revenue": 4985000000,
      "gross_profit": null,
      "operating_income": 2717000000,
      "net_income": null,
      "opex": 2268000000,
      "cogs": null,
      "rd": null,
      "sga": null,
      "fcf": 2404000000,
      "ocf": 2543000000,
      "capex": -139000000,
      "gross_margin": null,
      "op_margin": 0.5450351053159479,
      "fcf_margin": 0.482246740220662,
      "op_leverage_ratio": 2.7250441696113072,
      "fcf_margin_change": -0.000747959425981104
    },
    {
      "date": "2021-12-31T00:00:00",
      "quarter_label": "2021-12 (Q4)",
      "revenue": 5216000000,
      "gross_profit": null,
      "operating_income": 2827000000,
      "net_income": null,
      "opex": 2389000000,
      "cogs": null,
      "rd": null,
      "sga": null,
      "fcf": 3067000000,
      "ocf": 3189000000,
      "capex": -122000000,
      "gross_margin": null,
      "op_margin": 0.5419861963190185,
      "fcf_margin": 0.5879984662576687,
      "incr_op_margin_yoy": 0.7016423357664233,
      "rev_growth_yoy": 0.26601941747572816,
      "op_leverage_ratio": 0.8685693443968269,
      "fcf_margin_change": 0.10575172603700672
    },
    {
      "date": "2022-03-31T00:00:00",
      "quarter_label": "2022-03 (Q1)",
      "revenue": 5167000000,
      "gross_profit": null,
      "operating_income": 2950000000,
      "net_income": null,
      "opex": 2217000000,
      "cogs": null,
      "rd": null,
      "sga": null,
      "fcf": 1636000000,
      "ocf": 1782000000,
      "capex": -146000000,
      "gross_margin": null,
      "op_margin": 0.5709309076833753,
      "fcf_margin": 0.3166247338881362,
      "incr_op_margin_yoy": 0.7440711462450593,
      "rev_growth_yoy": 0.24356197352587244,
      "rev_growth_yoy_accel": -0.022457443949855715,
      "fcf_margin_change": -0.2713737323695325
    },
    {
      "date": "2022-06-30T00:00:00",
      "quarter_label": "2022-06 (Q2)",
      "revenue": 5497000000,
      "gross_profit": null,
      "operating_income": 3018000000,
      "net_income": null,
      "opex": 2479000000,
      "cogs": null,
      "rd": null,
      "sga": null,
      "fcf": 2402000000,
      "ocf": 2457000000,
      "capex": -55000000,
      "gross_margin": null,
      "op_margin": 0.549026741859196,
      "fcf_margin": 0.43696561760960523,
      "incr_op_margin_yoy": 0.6986584107327142,
      "rev_growth_yoy": 0.2140017667844523,
      "rev_growth_yoy_accel": -0.029560206741420153,
      "op_leverage_ratio": 0.5404305361239929,
      "fcf_margin_change": 0.120340883721469
    },
    {
      "date": "2022-09-30T00:00:00",
      "quarter_label": "2022-09 (Q3)",
      "revenue": 5756000000,
      "gross_profit": null,
      "operating_income": 3112000000,
      "net_income": null,
      "opex": 2644000000,
      "cogs": null,
      "rd": null,
      "sga": null,
      "fcf": 3745000000,
      "ocf": 3856000000,
      "capex": -111000000,
      "gross_margin": null,
      "op_margin": 0.5406532314107019,
      "fcf_margin": 0.6506254343293955,
      "incr_op_margin_yoy": 0.5123216601815823,
      "rev_growth_yoy": 0.15466399197592778,
      "rev_growth_yoy_accel": -0.05933777480852451,
      "op_leverage_ratio": 0.7078913567179895,
      "fcf_margin_change": 0.21365981671979023
    },
    {
      "date": "2022-12-31T00:00:00",
      "quarter_label": "2022-12 (Q4)",
      "revenue": 5817000000,
      "gross_profit": null,
      "operating_income": 3184000000,
      "net_income": null,
      "opex": 2633000000,
      "cogs": null,
      "rd": null,
      "sga": null,
      "fcf": 2970000000,
      "ocf": 3100000000,
      "capex": -130000000,
      "gross_margin": null,
      "op_margin": 0.5473611827402441,
      "fcf_margin": 0.5105724600309438,
      "incr_op_margin_yoy": 0.5940099833610649,
      "rev_growth_yoy": 0.11522239263803681,
      "rev_growth_yoy_accel": -0.03944159933789097,
      "op_leverage_ratio": Infinity,
      "fcf_margin_change": -0.14005297429845165
    },
    {
      "date": "2023-03-31T00:00:00",
      "quarter_label": "2023-03 (Q1)",
      "revenue": 5748000000,
      "gross_profit": null,
      "operating_income": 3136000000,
      "net_income": null,
      "opex": 2612000000,
      "cogs": null,
      "rd": null,
      "sga": null,
      "fcf": 1809000000,
      "ocf": 1919000000,
      "capex": -110000000,
      "gross_margin": null,
      "op_margin": 0.5455810716771051,
      "fcf_margin": 0.3147181628392484,
      "incr_op_margin_yoy": 0.32013769363166955,
      "rev_growth_yoy": 0.11244435842848849,
      "rev_growth_yoy_accel": -0.002778034209548322,
      "fcf_margin_change": -0.1958542971916954
    },
    {
      "date": "2023-06-30T00:00:00",
      "quarter_label": "2023-06 (Q2)",
      "revenue": 6269000000,
      "gross_profit": null,
      "operating_income": 3656000000,
      "net_income": null,
      "opex": 2613000000,
      "cogs": null,
      "rd": null,
      "sga": null,
      "fcf": 2618000000,
      "ocf": 2698000000,
      "capex": -80000000,
      "gross_margin": null,
      "op_margin": 0.5831871111820067,
      "fcf_margin": 0.4176104641888658,
      "incr_op_margin_yoy": 0.8264248704663213,
      "rev_growth_yoy": 0.14044024013098053,
      "rev_growth_yoy_accel": 0.027995881702492037,
      "op_leverage_ratio": Infinity,
      "fcf_margin_change": 0.10289230134961741
    },
    {
      "date": "2023-09-30T00:00:00",
      "quarter_label": "2023-09 (Q3)",
      "revenue": 6533000000,
      "gross_profit": null,
      "operating_income": 3844000000,
      "net_income": null,
      "opex": 2689000000,
      "cogs": null,
      "rd": null,
      "sga": null,
      "fcf": 3129000000,
      "ocf": 3233000000,
      "capex": -104000000,
      "gross_margin": null,
      "op_margin": 0.5883973672126129,
      "fcf_margin": 0.4789530078065207,
      "incr_op_margin_yoy": 0.9420849420849421,
      "rev_growth_yoy": 0.13498957609451007,
      "rev_growth_yoy_accel": -0.0054506640364704595,
      "op_leverage_ratio": 1.447876350630924,
      "fcf_margin_change": 0.0613425436176549
    },
    {
      "date": "2023-12-31T00:00:00",
      "quarter_label": "2023-12 (Q4)",
      "revenue": 6548000000,
      "gross_profit": null,
      "operating_income": 3372000000,
      "net_income": null,
      "opex": 3176000000,
      "cogs": null,
      "rd": null,
      "sga": null,
      "fcf": 4053000000,
      "ocf": 4130000000,
      "capex": -77000000,
      "gross_margin": null,
      "op_margin": 0.5149664019547954,
      "fcf_margin": 0.6189676237018937,
      "incr_op_margin_yoy": 0.25718194254445964,
      "rev_growth_yoy": 0.12566615093690905,
      "rev_growth_yoy_accel": -0.009323425157601012,
      "fcf_margin_change": 0.140014615895373
    },
    {
      "date": "2024-03-31T00:00:00",
      "quarter_label": "2024-03 (Q1)",
      "revenue": 6348000000,
      "gross_profit": null,
      "operating_income": 3604000000,
      "net_income": null,
      "opex": 2744000000,
      "cogs": null,
      "rd": null,
      "sga": null,
      "fcf": 1515000000,
      "ocf": 1672000000,
      "capex": -157000000,
      "gross_margin": null,
      "op_margin": 0.5677378701953372,
      "fcf_margin": 0.2386578449905482,
      "incr_op_margin_yoy": 0.78,
      "rev_growth_yoy": 0.10438413361169102,
      "rev_growth_yoy_accel": -0.021282017325218033,
      "fcf_margin_change": -0.3803097787113455
    },
    {
      "date": "2024-06-30T00:00:00",
      "quarter_label": "2024-06 (Q2)",
      "revenue": 6961000000,
      "gross_profit": null,
      "operating_income": 4036000000,
      "net_income": null,
      "opex": 2925000000,
      "cogs": null,
      "rd": null,
      "sga": null,
      "fcf": 3023000000,
      "ocf": 3138000000,
      "capex": -115000000,
      "gross_margin": null,
      "op_margin": 0.5798017526217497,
      "fcf_margin": 0.4342766843844275,
      "incr_op_margin_yoy": 0.5491329479768786,
      "rev_growth_yoy": 0.11038443132876057,
      "rev_growth_yoy_accel": 0.006000297717069544,
      "op_leverage_ratio": 1.4639595887859576,
      "fcf_margin_change": 0.1956188393938793
    },
    {
      "date": "2024-09-30T00:00:00",
      "quarter_label": "2024-09 (Q3)",
      "revenue": 7369000000,
      "gross_profit": null,
      "operating_income": 4004000000,
      "net_income": null,
      "opex": 3365000000,
      "cogs": null,
      "rd": null,
      "sga": null,
      "fcf": 5029000000,
      "ocf": 5136000000,
      "capex": -107000000,
      "gross_margin": null,
      "op_margin": 0.543357307640114,
      "fcf_margin": 0.6824535215090243,
      "incr_op_margin_yoy": 0.19138755980861244,
      "rev_growth_yoy": 0.1279657125363539,
      "rev_growth_yoy_accel": 0.01758128120759332,
      "op_leverage_ratio": 0.38963837484165026,
      "fcf_margin_change": 0.24817683712459676
    },
    {
      "date": "2024-12-31T00:00:00",
      "quarter_label": "2024-12 (Q4)",
      "revenue": 7489000000,
      "gross_profit": null,
      "operating_income": 3938000000,
      "net_income": null,
      "opex": 3551000000,
      "cogs": null,
      "rd": null,
      "sga": null,
      "fcf": 4739000000,
      "ocf": 4834000000,
      "capex": -95000000,
      "gross_margin": null,
      "op_margin": 0.5258378955801842,
      "fcf_margin": 0.6327947656562959,
      "incr_op_margin_yoy": 0.6014877789585548,
      "rev_growth_yoy": 0.1437080024434942,
      "rev_growth_yoy_accel": 0.0157422899071403,
      "op_leverage_ratio": 0.29460818861928134,
      "fcf_margin_change": -0.04965875585272839
    },
    {
      "date": "2025-03-31T00:00:00",
      "quarter_label": "2025-03 (Q1)",
      "revenue": 7250000000,
      "gross_profit": null,
      "operating_income": 4149000000,
      "net_income": null,
      "opex": 3101000000,
      "cogs": null,
      "rd": null,
      "sga": null,
      "fcf": 2221000000,
      "ocf": 2380000000,
      "capex": -159000000,
      "gross_margin": null,
      "op_margin": 0.5722758620689655,
      "fcf_margin": 0.3063448275862069,
      "incr_op_margin_yoy": 0.6042128603104213,
      "rev_growth_yoy": 0.14209199747952111,
      "rev_growth_yoy_accel": -0.0016160049639730723,
      "fcf_margin_change": -0.326449938070089
    },
    {
      "date": "2025-06-30T00:00:00",
      "quarter_label": "2025-06 (Q2)",
      "revenue": 8133000000,
      "gross_profit": null,
      "operating_income": 4777000000,
      "net_income": null,
      "opex": 3356000000,
      "cogs": null,
      "rd": null,
      "sga": null,
      "fcf": 4563000000,
      "ocf": 4603000000,
      "capex": -40000000,
      "gross_margin": null,
      "op_margin": 0.587360137710562,
      "fcf_margin": 0.5610475839173736,
      "incr_op_margin_yoy": 0.6322525597269625,
      "rev_growth_yoy": 0.16836661399224248,
      "rev_growth_yoy_accel": 0.026274616512721366,
      "op_leverage_ratio": 1.481099661933739,
      "fcf_margin_change": 0.25470275633116674
    },
    {
      "date": "2025-09-30T00:00:00",
      "quarter_label": "2025-09 (Q3)",
      "revenue": 8602000000,
      "gross_profit": null,
      "operating_income": 5061000000,
      "net_income": null,
      "opex": 3541000000,
      "cogs": null,
      "rd": null,
      "sga": null,
      "fcf": 5485000000,
      "ocf": 5663000000,
      "capex": -178000000,
      "gross_margin": null,
      "op_margin": 0.5883515461520576,
      "fcf_margin": 0.6376424087421529,
      "incr_op_margin_yoy": 0.8572587185725872,
      "rev_growth_yoy": 0.1673225675125526,
      "rev_growth_yoy_accel": -0.0010440464796898918,
      "op_leverage_ratio": 1.0460978130472782,
      "fcf_margin_change": 0.0765948248247793
    }
  ],
  "signals": [
    {
      "quarter": "2025-09 (Q3)",
      "signal": "FCF MARGIN EXPANSION",
      "detail": "FCF margin: +56.1% -> +63.8% (+7.7%)",
      "severity": "MEDIUM"
    },
    {
      "quarter": "2025-09 (Q3)",
      "signal": "INCREMENTAL MARGIN (YoY)",
      "detail": "YoY Incr OPM: +85.7% vs year-ago OPM: +54.3%",
      "severity": "HIGH"
    },
    {
      "quarter": "2025-06 (Q2)",
      "signal": "FCF MARGIN EXPANSION",
      "detail": "FCF margin: +30.6% -> +56.1% (+25.5%)",
      "severity": "MEDIUM"
    },
    {
      "quarter": "2024-09 (Q3)",
      "signal": "FCF MARGIN EXPANSION",
      "detail": "FCF margin: +43.4% -> +68.2% (+24.8%)",
      "severity": "MEDIUM"
    },
    {
      "quarter": "2024-06 (Q2)",
      "signal": "FCF MARGIN EXPANSION",
      "detail": "FCF margin: +23.9% -> +43.4% (+19.6%)",
      "severity": "MEDIUM"
    },
    {
      "quarter": "2024-03 (Q1)",
      "signal": "INCREMENTAL MARGIN (YoY)",
      "detail": "YoY Incr OPM: +78.0% vs year-ago OPM: +54.6%",
      "severity": "HIGH"
    },
    {
      "quarter": "2023-12 (Q4)",
      "signal": "FCF MARGIN EXPANSION",
      "detail": "FCF margin: +47.9% -> +61.9% (+14.0%)",
      "severity": "MEDIUM"
    },
    {
      "quarter": "2023-09 (Q3)",
      "signal": "FCF MARGIN EXPANSION",
      "detail": "FCF margin: +41.8% -> +47.9% (+6.1%)",
      "severity": "MEDIUM"
    },
    {
      "quarter": "2023-09 (Q3)",
      "signal": "INCREMENTAL MARGIN (YoY)",
      "detail": "YoY Incr OPM: +94.2% vs year-ago OPM: +54.1%",
      "severity": "HIGH"
    },
    {
      "quarter": "2023-06 (Q2)",
      "signal": "FCF MARGIN EXPANSION",
      "detail": "FCF margin: +31.5% -> +41.8% (+10.3%)",
      "severity": "MEDIUM"
    },
    {
      "quarter": "2023-06 (Q2)",
      "signal": "OPERATING LEVERAGE",
      "detail": "Rev growth +9.1% vs OpEx growth +0.0% (leverage: 236.8x)",
      "severity": "MEDIUM"
    },
    {
      "quarter": "2023-06 (Q2)",
      "signal": "INCREMENTAL MARGIN (YoY)",
      "detail": "YoY Incr OPM: +82.6% vs year-ago OPM: +54.9%",
      "severity": "HIGH"
    },
    {
      "quarter": "2022-09 (Q3)",
      "signal": "FCF MARGIN EXPANSION",
      "detail": "FCF margin: +43.7% -> +65.1% (+21.4%)",
      "severity": "MEDIUM"
    },
    {
      "quarter": "2022-09 (Q3)",
      "signal": "YoY REVENUE GROWTH DECELERATION",
      "detail": "YoY growth: +15.5% vs prior quarter YoY: +21.4% (decel: -5.9%)",
      "severity": "WARNING"
    },
    {
      "quarter": "2022-06 (Q2)",
      "signal": "FCF MARGIN EXPANSION",
      "detail": "FCF margin: +31.7% -> +43.7% (+12.0%)",
      "severity": "MEDIUM"
    },
    {
      "quarter": "2022-06 (Q2)",
      "signal": "INCREMENTAL MARGIN (YoY)",
      "detail": "YoY Incr OPM: +69.9% vs year-ago OPM: +51.7%",
      "severity": "MEDIUM"
    },
    {
      "quarter": "2022-03 (Q1)",
      "signal": "INCREMENTAL MARGIN (YoY)",
      "detail": "YoY Incr OPM: +74.4% vs year-ago OPM: +52.9%",
      "severity": "HIGH"
    },
    {
      "quarter": "2021-12 (Q4)",
      "signal": "FCF MARGIN EXPANSION",
      "detail": "FCF margin: +48.2% -> +58.8% (+10.6%)",
      "severity": "MEDIUM"
    },
    {
      "quarter": "2021-12 (Q4)",
      "signal": "INCREMENTAL MARGIN (YoY)",
      "detail": "YoY Incr OPM: +70.2% vs year-ago OPM: +50.0%",
      "severity": "HIGH"
    },
    {
      "quarter": "2021-09 (Q3)",
      "signal": "OPERATING LEVERAGE",
      "detail": "Rev growth +10.1% vs OpEx growth +3.7% (leverage: 2.7x)",
      "severity": "MEDIUM"
    },
    {
      "quarter": "2021-06 (Q2)",
      "signal": "FCF MARGIN EXPANSION",
      "detail": "FCF margin: +33.6% -> +48.3% (+14.7%)",
      "severity": "MEDIUM"
    }
  ],
  "data_quality": {
    "n_quarters": 20,
    "coverage": {
      "revenue": [
        20,
        20
      ],
      "gross_profit": [
        0,
        20
      ],
      "op_income": [
        20,
        20
      ],
      "fcf": [
        20,
        20
      ]
    },
    "gaps": [],
    "warnings": [
      "gross_profit: no data"
    ]
  },
  "market_cap": null,
  "source": "SEC EDGAR",
  "last_updated": "2026-02-02T19:46:04.819531",
  "sector": "Financial Services",
  "industry": "Credit Services"
}