{
  "ticker": "MAA",
  "name": "MID-AMERICA APARTMENT COMMUNITIES, INC.",
  "quarters": [
    {
      "date": "2020-12-31T00:00:00",
      "quarter_label": "2020-12 (Q4)",
      "revenue": 423661000,
      "gross_profit": null,
      "operating_income": null,
      "net_income": 83342000,
      "opex": null,
      "cogs": null,
      "rd": null,
      "sga": null,
      "fcf": 180064000,
      "ocf": 180064000,
      "capex": null,
      "gross_margin": null,
      "op_margin": null,
      "fcf_margin": 0.42501906005037043
    },
    {
      "date": "2021-03-31T00:00:00",
      "quarter_label": "2021-03 (Q1)",
      "revenue": 425005000,
      "gross_profit": null,
      "operating_income": null,
      "net_income": 47193000,
      "opex": null,
      "cogs": null,
      "rd": null,
      "sga": null,
      "fcf": 148111000,
      "ocf": 148111000,
      "capex": null,
      "gross_margin": null,
      "op_margin": null,
      "fcf_margin": 0.34849237067799205,
      "fcf_margin_change": -0.07652668937237839
    },
    {
      "date": "2021-06-30T00:00:00",
      "quarter_label": "2021-06 (Q2)",
      "revenue": 436927000,
      "gross_profit": null,
      "operating_income": null,
      "net_income": 216478000,
      "opex": null,
      "cogs": null,
      "rd": null,
      "sga": null,
      "fcf": 249207000,
      "ocf": 249207000,
      "capex": null,
      "gross_margin": null,
      "op_margin": null,
      "fcf_margin": 0.5703630125856264,
      "fcf_margin_change": 0.22187064190763434
    },
    {
      "date": "2021-09-30T00:00:00",
      "quarter_label": "2021-09 (Q3)",
      "revenue": 452575000,
      "gross_profit": null,
      "operating_income": null,
      "net_income": 84479000,
      "opex": null,
      "cogs": null,
      "rd": null,
      "sga": null,
      "fcf": 280932000,
      "ocf": 280932000,
      "capex": null,
      "gross_margin": null,
      "op_margin": null,
      "fcf_margin": 0.6207413135944319,
      "fcf_margin_change": 0.05037830100880547
    },
    {
      "date": "2021-12-31T00:00:00",
      "quarter_label": "2021-12 (Q4)",
      "revenue": 463575000,
      "gross_profit": null,
      "operating_income": null,
      "net_income": 185641000,
      "opex": null,
      "cogs": null,
      "rd": null,
      "sga": null,
      "fcf": 216717000,
      "ocf": 216717000,
      "capex": null,
      "gross_margin": null,
      "op_margin": null,
      "fcf_margin": 0.46749069729817183,
      "rev_growth_yoy": 0.09421211770731788,
      "fcf_margin_change": -0.15325061629626002
    },
    {
      "date": "2022-03-31T00:00:00",
      "quarter_label": "2022-03 (Q1)",
      "revenue": 476078000,
      "gross_profit": null,
      "operating_income": null,
      "net_income": 110802000,
      "opex": null,
      "cogs": null,
      "rd": null,
      "sga": null,
      "fcf": 179623000,
      "ocf": 179623000,
      "capex": null,
      "gross_margin": null,
      "op_margin": null,
      "fcf_margin": 0.3772974176500489,
      "rev_growth_yoy": 0.1201703509370478,
      "rev_growth_yoy_accel": 0.025958233229729913,
      "fcf_margin_change": -0.0901932796481229
    },
    {
      "date": "2022-06-30T00:00:00",
      "quarter_label": "2022-06 (Q2)",
      "revenue": 495040000,
      "gross_profit": null,
      "operating_income": null,
      "net_income": 210702000,
      "opex": null,
      "cogs": null,
      "rd": null,
      "sga": null,
      "fcf": 284284000,
      "ocf": 284284000,
      "capex": null,
      "gross_margin": null,
      "op_margin": null,
      "fcf_margin": 0.5742647058823529,
      "rev_growth_yoy": 0.13300391140854192,
      "rev_growth_yoy_accel": 0.01283356047149413,
      "fcf_margin_change": 0.19696728823230397
    },
    {
      "date": "2022-09-30T00:00:00",
      "quarter_label": "2022-09 (Q3)",
      "revenue": 520783000,
      "gross_profit": null,
      "operating_income": null,
      "net_income": 122311000,
      "opex": null,
      "cogs": null,
      "rd": null,
      "sga": null,
      "fcf": 343408000,
      "ocf": 343408000,
      "capex": null,
      "gross_margin": null,
      "op_margin": null,
      "fcf_margin": 0.6594070851007041,
      "rev_growth_yoy": 0.15071093188974202,
      "rev_growth_yoy_accel": 0.017707020481200098,
      "fcf_margin_change": 0.08514237921835122
    },
    {
      "date": "2022-12-31T00:00:00",
      "quarter_label": "2022-12 (Q4)",
      "revenue": 527965000,
      "gross_profit": null,
      "operating_income": null,
      "net_income": 193621000,
      "opex": null,
      "cogs": null,
      "rd": null,
      "sga": null,
      "fcf": 251164000,
      "ocf": 251164000,
      "capex": null,
      "gross_margin": null,
      "op_margin": null,
      "fcf_margin": 0.47572092847063724,
      "rev_growth_yoy": 0.13889877581836813,
      "rev_growth_yoy_accel": -0.011812156071373897,
      "fcf_margin_change": -0.18368615663006688
    },
    {
      "date": "2023-03-31T00:00:00",
      "quarter_label": "2023-03 (Q1)",
      "revenue": 529033000,
      "gross_profit": null,
      "operating_income": null,
      "net_income": 135910000,
      "opex": null,
      "cogs": null,
      "rd": null,
      "sga": null,
      "fcf": 218310000,
      "ocf": 218310000,
      "capex": null,
      "gross_margin": null,
      "op_margin": null,
      "fcf_margin": 0.4126585676129845,
      "rev_growth_yoy": 0.11123177294476956,
      "rev_growth_yoy_accel": -0.027667002873598565,
      "fcf_margin_change": -0.06306236085765277
    },
    {
      "date": "2023-06-30T00:00:00",
      "quarter_label": "2023-06 (Q2)",
      "revenue": 535146000,
      "gross_profit": null,
      "operating_income": null,
      "net_income": 145688000,
      "opex": null,
      "cogs": null,
      "rd": null,
      "sga": null,
      "fcf": 335773000,
      "ocf": 335773000,
      "capex": null,
      "gross_margin": null,
      "op_margin": null,
      "fcf_margin": 0.6274418569885601,
      "rev_growth_yoy": 0.08101567550096962,
      "rev_growth_yoy_accel": -0.03021609744379994,
      "fcf_margin_change": 0.21478328937557567
    },
    {
      "date": "2023-09-30T00:00:00",
      "quarter_label": "2023-09 (Q3)",
      "revenue": 542042000,
      "gross_profit": null,
      "operating_income": null,
      "net_income": 110732000,
      "opex": null,
      "cogs": null,
      "rd": null,
      "sga": null,
      "fcf": 318173000,
      "ocf": 318173000,
      "capex": null,
      "gross_margin": null,
      "op_margin": null,
      "fcf_margin": 0.5869895690739831,
      "rev_growth_yoy": 0.04082122496318044,
      "rev_growth_yoy_accel": -0.04019445053778918,
      "fcf_margin_change": -0.040452287914577
    },
    {
      "date": "2023-12-31T00:00:00",
      "quarter_label": "2023-12 (Q4)",
      "revenue": 542247000,
      "gross_profit": null,
      "operating_income": null,
      "net_income": 160476000,
      "opex": null,
      "cogs": null,
      "rd": null,
      "sga": null,
      "fcf": 264931000,
      "ocf": 264931000,
      "capex": null,
      "gross_margin": null,
      "op_margin": null,
      "fcf_margin": 0.48857992759757085,
      "rev_growth_yoy": 0.027051035580010038,
      "rev_growth_yoy_accel": -0.013770189383170404,
      "fcf_margin_change": -0.09840964147641229
    },
    {
      "date": "2024-03-31T00:00:00",
      "quarter_label": "2024-03 (Q1)",
      "revenue": 543622000,
      "gross_profit": null,
      "operating_income": null,
      "net_income": 143749000,
      "opex": 197802000,
      "cogs": null,
      "rd": null,
      "sga": null,
      "fcf": 200257000,
      "ocf": 200257000,
      "capex": null,
      "gross_margin": null,
      "op_margin": null,
      "fcf_margin": 0.36837545206043903,
      "rev_growth_yoy": 0.027576729618001145,
      "rev_growth_yoy_accel": 0.000525694037991107,
      "fcf_margin_change": -0.12020447553713182
    },
    {
      "date": "2024-06-30T00:00:00",
      "quarter_label": "2024-06 (Q2)",
      "revenue": 546435000,
      "gross_profit": null,
      "operating_income": null,
      "net_income": 101953000,
      "opex": 205796000,
      "cogs": null,
      "rd": null,
      "sga": null,
      "fcf": 349370000,
      "ocf": 349370000,
      "capex": null,
      "gross_margin": null,
      "op_margin": null,
      "fcf_margin": 0.6393624127297849,
      "rev_growth_yoy": 0.02109517776457266,
      "rev_growth_yoy_accel": -0.006481551853428486,
      "fcf_margin_change": 0.27098696066934586
    },
    {
      "date": "2024-09-30T00:00:00",
      "quarter_label": "2024-09 (Q3)",
      "revenue": 551126000,
      "gross_profit": null,
      "operating_income": null,
      "net_income": 115195000,
      "opex": 211561000,
      "cogs": null,
      "rd": null,
      "sga": null,
      "fcf": 309538000,
      "ocf": 309538000,
      "capex": null,
      "gross_margin": null,
      "op_margin": null,
      "fcf_margin": 0.5616465200335313,
      "rev_growth_yoy": 0.016758848945284684,
      "rev_growth_yoy_accel": -0.004336328819287975,
      "fcf_margin_change": -0.07771589269625356
    },
    {
      "date": "2024-12-31T00:00:00",
      "quarter_label": "2024-12 (Q4)",
      "revenue": 549832000,
      "gross_profit": null,
      "operating_income": null,
      "net_income": 166646000,
      "opex": 204933000,
      "cogs": null,
      "rd": null,
      "sga": null,
      "fcf": 239127000,
      "ocf": 239127000,
      "capex": null,
      "gross_margin": null,
      "op_margin": null,
      "fcf_margin": 0.434909208631,
      "rev_growth_yoy": 0.013988090298332678,
      "rev_growth_yoy_accel": -0.0027707586469520058,
      "fcf_margin_change": -0.1267373114025313
    },
    {
      "date": "2025-03-31T00:00:00",
      "quarter_label": "2025-03 (Q1)",
      "revenue": 549295000,
      "gross_profit": null,
      "operating_income": null,
      "net_income": 181673000,
      "opex": 201353000,
      "cogs": null,
      "rd": null,
      "sga": null,
      "fcf": 196618000,
      "ocf": 196618000,
      "capex": null,
      "gross_margin": null,
      "op_margin": null,
      "fcf_margin": 0.3579460945393641,
      "rev_growth_yoy": 0.010435560003090382,
      "rev_growth_yoy_accel": -0.003552530295242296,
      "fcf_margin_change": -0.07696311409163592
    },
    {
      "date": "2025-06-30T00:00:00",
      "quarter_label": "2025-06 (Q2)",
      "revenue": 549902000,
      "gross_profit": null,
      "operating_income": null,
      "net_income": 108127000,
      "opex": 214654000,
      "cogs": null,
      "rd": null,
      "sga": null,
      "fcf": 353449000,
      "ocf": 353449000,
      "capex": null,
      "gross_margin": null,
      "op_margin": null,
      "fcf_margin": 0.6427490716527672,
      "rev_growth_yoy": 0.0063447619570488716,
      "rev_growth_yoy_accel": -0.0040907980460415105,
      "fcf_margin_change": 0.2848029771134031
    },
    {
      "date": "2025-09-30T00:00:00",
      "quarter_label": "2025-09 (Q3)",
      "revenue": 554373000,
      "gross_profit": null,
      "operating_income": null,
      "net_income": 99538000,
      "opex": 216064000,
      "cogs": null,
      "rd": null,
      "sga": null,
      "fcf": 266436000,
      "ocf": 266436000,
      "capex": null,
      "gross_margin": null,
      "op_margin": null,
      "fcf_margin": 0.48060782180950373,
      "rev_growth_yoy": 0.005891574703425351,
      "rev_growth_yoy_accel": -0.0004531872536235205,
      "fcf_margin_change": -0.16214124984326345
    }
  ],
  "signals": [
    {
      "quarter": "2025-06 (Q2)",
      "signal": "FCF MARGIN EXPANSION",
      "detail": "FCF margin: +35.8% -> +64.3% (+28.5%)",
      "severity": "MEDIUM"
    },
    {
      "quarter": "2024-06 (Q2)",
      "signal": "FCF MARGIN EXPANSION",
      "detail": "FCF margin: +36.8% -> +63.9% (+27.1%)",
      "severity": "MEDIUM"
    },
    {
      "quarter": "2023-06 (Q2)",
      "signal": "FCF MARGIN EXPANSION",
      "detail": "FCF margin: +41.3% -> +62.7% (+21.5%)",
      "severity": "MEDIUM"
    },
    {
      "quarter": "2022-09 (Q3)",
      "signal": "FCF MARGIN EXPANSION",
      "detail": "FCF margin: +57.4% -> +65.9% (+8.5%)",
      "severity": "MEDIUM"
    },
    {
      "quarter": "2022-06 (Q2)",
      "signal": "FCF MARGIN EXPANSION",
      "detail": "FCF margin: +37.7% -> +57.4% (+19.7%)",
      "severity": "MEDIUM"
    },
    {
      "quarter": "2021-09 (Q3)",
      "signal": "FCF MARGIN EXPANSION",
      "detail": "FCF margin: +57.0% -> +62.1% (+5.0%)",
      "severity": "MEDIUM"
    },
    {
      "quarter": "2021-06 (Q2)",
      "signal": "FCF MARGIN EXPANSION",
      "detail": "FCF margin: +34.8% -> +57.0% (+22.2%)",
      "severity": "MEDIUM"
    }
  ],
  "data_quality": {
    "n_quarters": 20,
    "coverage": {
      "revenue": [
        20,
        20
      ],
      "gross_profit": [
        0,
        20
      ],
      "op_income": [
        0,
        20
      ],
      "fcf": [
        20,
        20
      ]
    },
    "gaps": [],
    "warnings": [
      "gross_profit: no data",
      "op_income: no data"
    ]
  },
  "market_cap": null,
  "source": "SEC EDGAR",
  "last_updated": "2026-02-02T20:24:09.421732"
}