{
  "ticker": "MAC",
  "name": "MACERICH CO",
  "quarters": [
    {
      "date": "2020-12-31T00:00:00",
      "quarter_label": "2020-12 (Q4)",
      "revenue": 194643000,
      "gross_profit": null,
      "operating_income": null,
      "net_income": -190418000,
      "opex": 186574000,
      "cogs": null,
      "rd": null,
      "sga": null,
      "fcf": 59710000,
      "ocf": 59710000,
      "capex": null,
      "gross_margin": null,
      "op_margin": null,
      "fcf_margin": 0.3067667473271579
    },
    {
      "date": "2021-03-31T00:00:00",
      "quarter_label": "2021-03 (Q1)",
      "revenue": 190424000,
      "gross_profit": null,
      "operating_income": null,
      "net_income": -63604000,
      "opex": 236543000,
      "cogs": null,
      "rd": null,
      "sga": null,
      "fcf": 52219000,
      "ocf": 52219000,
      "capex": null,
      "gross_margin": null,
      "op_margin": null,
      "fcf_margin": 0.27422488761920766,
      "fcf_margin_change": -0.03254185970795026
    },
    {
      "date": "2021-06-30T00:00:00",
      "quarter_label": "2021-06 (Q2)",
      "revenue": 215473000,
      "gross_profit": null,
      "operating_income": null,
      "net_income": -11765000,
      "opex": 228536000,
      "cogs": null,
      "rd": null,
      "sga": null,
      "fcf": 60808000,
      "ocf": 60808000,
      "capex": null,
      "gross_margin": null,
      "op_margin": null,
      "fcf_margin": 0.2822070514635244,
      "op_leverage_ratio": Infinity,
      "fcf_margin_change": 0.00798216384431677
    },
    {
      "date": "2021-09-30T00:00:00",
      "quarter_label": "2021-09 (Q3)",
      "revenue": 212137000,
      "gross_profit": null,
      "operating_income": null,
      "net_income": 106702000,
      "opex": 215904000,
      "cogs": null,
      "rd": null,
      "sga": null,
      "fcf": 98606000,
      "ocf": 98606000,
      "capex": null,
      "gross_margin": null,
      "op_margin": null,
      "fcf_margin": 0.46482226108599634,
      "fcf_margin_change": 0.1826152096224719
    },
    {
      "date": "2021-12-31T00:00:00",
      "quarter_label": "2021-12 (Q4)",
      "revenue": 229403000,
      "gross_profit": null,
      "operating_income": null,
      "net_income": -17070000,
      "opex": 234772000,
      "cogs": null,
      "rd": null,
      "sga": null,
      "fcf": 74735000,
      "ocf": 74735000,
      "capex": null,
      "gross_margin": null,
      "op_margin": null,
      "fcf_margin": 0.325780395199714,
      "rev_growth_yoy": 0.1785833551681797,
      "op_leverage_ratio": 0.9313440291033002,
      "fcf_margin_change": -0.1390418658862823
    },
    {
      "date": "2022-03-31T00:00:00",
      "quarter_label": "2022-03 (Q1)",
      "revenue": 216144000,
      "gross_profit": null,
      "operating_income": null,
      "net_income": -37182000,
      "opex": 229055000,
      "cogs": null,
      "rd": null,
      "sga": null,
      "fcf": 65444000,
      "ocf": 65444000,
      "capex": null,
      "gross_margin": null,
      "op_margin": null,
      "fcf_margin": 0.30277962839588424,
      "rev_growth_yoy": 0.13506700836029073,
      "rev_growth_yoy_accel": -0.04351634680788896,
      "fcf_margin_change": -0.023000766803829786
    },
    {
      "date": "2022-06-30T00:00:00",
      "quarter_label": "2022-06 (Q2)",
      "revenue": 204091000,
      "gross_profit": null,
      "operating_income": null,
      "net_income": -15384000,
      "opex": 227710000,
      "cogs": null,
      "rd": null,
      "sga": null,
      "fcf": 49978000,
      "ocf": 49978000,
      "capex": null,
      "gross_margin": null,
      "op_margin": null,
      "fcf_margin": 0.24488095996393766,
      "rev_growth_yoy": -0.05282332357186283,
      "rev_growth_yoy_accel": -0.18789033193215357,
      "fcf_margin_change": -0.057898668431946576
    },
    {
      "date": "2022-09-30T00:00:00",
      "quarter_label": "2022-09 (Q3)",
      "revenue": 210704000,
      "gross_profit": null,
      "operating_income": null,
      "net_income": -15193000,
      "opex": 232099000,
      "cogs": null,
      "rd": null,
      "sga": null,
      "fcf": 169566000,
      "ocf": 169566000,
      "capex": null,
      "gross_margin": null,
      "op_margin": null,
      "fcf_margin": 0.8047592831650088,
      "rev_growth_yoy": -0.006755068658461277,
      "rev_growth_yoy_accel": 0.04606825491340156,
      "op_leverage_ratio": 1.681090877801117,
      "fcf_margin_change": 0.5598783232010711
    },
    {
      "date": "2022-12-31T00:00:00",
      "quarter_label": "2022-12 (Q4)",
      "revenue": 228225000,
      "gross_profit": null,
      "operating_income": null,
      "net_income": 1689000,
      "opex": 237118000,
      "cogs": null,
      "rd": null,
      "sga": null,
      "fcf": 52522000,
      "ocf": 52522000,
      "capex": null,
      "gross_margin": null,
      "op_margin": null,
      "fcf_margin": 0.23013254463796692,
      "rev_growth_yoy": -0.005135067980802343,
      "rev_growth_yoy_accel": 0.001620000677658934,
      "op_leverage_ratio": 3.8454058522863326,
      "fcf_margin_change": -0.5746267385270418
    },
    {
      "date": "2023-03-31T00:00:00",
      "quarter_label": "2023-03 (Q1)",
      "revenue": 214854000,
      "gross_profit": null,
      "operating_income": null,
      "net_income": -58733000,
      "opex": 216899000,
      "cogs": null,
      "rd": null,
      "sga": null,
      "fcf": 80730000,
      "ocf": 80730000,
      "capex": null,
      "gross_margin": null,
      "op_margin": null,
      "fcf_margin": 0.3757435281633109,
      "rev_growth_yoy": -0.00596824339329336,
      "rev_growth_yoy_accel": -0.0008331754124910173,
      "fcf_margin_change": 0.145610983525344
    },
    {
      "date": "2023-06-30T00:00:00",
      "quarter_label": "2023-06 (Q2)",
      "revenue": 212374000,
      "gross_profit": null,
      "operating_income": null,
      "net_income": -14964000,
      "opex": 229728000,
      "cogs": null,
      "rd": null,
      "sga": null,
      "fcf": 57991000,
      "ocf": 57991000,
      "capex": null,
      "gross_margin": null,
      "op_margin": null,
      "fcf_margin": 0.2730607324813772,
      "rev_growth_yoy": 0.04058483715597454,
      "rev_growth_yoy_accel": 0.0465530805492679,
      "fcf_margin_change": -0.10268279568193373
    },
    {
      "date": "2023-09-30T00:00:00",
      "quarter_label": "2023-09 (Q3)",
      "revenue": 218152000,
      "gross_profit": null,
      "operating_income": null,
      "net_income": -262547000,
      "opex": 231693000,
      "cogs": null,
      "rd": null,
      "sga": null,
      "fcf": 107398000,
      "ocf": 107398000,
      "capex": null,
      "gross_margin": null,
      "op_margin": null,
      "fcf_margin": 0.4923081154424438,
      "rev_growth_yoy": 0.03534816614777128,
      "rev_growth_yoy_accel": -0.005236671008203256,
      "op_leverage_ratio": 3.180735584070073,
      "fcf_margin_change": 0.2192473829610666
    },
    {
      "date": "2023-12-31T00:00:00",
      "quarter_label": "2023-12 (Q4)",
      "revenue": 238688000,
      "gross_profit": null,
      "operating_income": null,
      "net_income": 62179000,
      "opex": 192881000,
      "cogs": null,
      "rd": null,
      "sga": null,
      "fcf": 49383000,
      "ocf": 49383000,
      "capex": null,
      "gross_margin": null,
      "op_margin": null,
      "fcf_margin": 0.20689351789784152,
      "rev_growth_yoy": 0.045845108993318,
      "rev_growth_yoy_accel": 0.010496942845546718,
      "op_leverage_ratio": Infinity,
      "fcf_margin_change": -0.2854145975446023
    },
    {
      "date": "2024-03-31T00:00:00",
      "quarter_label": "2024-03 (Q1)",
      "revenue": 208783000,
      "gross_profit": null,
      "operating_income": null,
      "net_income": -126728000,
      "opex": 232092000,
      "cogs": null,
      "rd": null,
      "sga": null,
      "fcf": 61095000,
      "ocf": 61095000,
      "capex": null,
      "gross_margin": null,
      "op_margin": null,
      "fcf_margin": 0.29262439949612756,
      "rev_growth_yoy": -0.028256397367514684,
      "rev_growth_yoy_accel": -0.07410150636083268,
      "fcf_margin_change": 0.08573088159828604
    },
    {
      "date": "2024-06-30T00:00:00",
      "quarter_label": "2024-06 (Q2)",
      "revenue": 215521000,
      "gross_profit": null,
      "operating_income": null,
      "net_income": 252007000,
      "opex": 217923000,
      "cogs": null,
      "rd": null,
      "sga": null,
      "fcf": 67431000,
      "ocf": 67431000,
      "capex": null,
      "gross_margin": null,
      "op_margin": null,
      "fcf_margin": 0.31287438347075225,
      "rev_growth_yoy": 0.014818198084511286,
      "rev_growth_yoy_accel": 0.04307459545202597,
      "op_leverage_ratio": Infinity,
      "fcf_margin_change": 0.020249983974624686
    },
    {
      "date": "2024-09-30T00:00:00",
      "quarter_label": "2024-09 (Q3)",
      "revenue": 220224000,
      "gross_profit": null,
      "operating_income": null,
      "net_income": -108189000,
      "opex": 240241000,
      "cogs": null,
      "rd": null,
      "sga": null,
      "fcf": 100047000,
      "ocf": 100047000,
      "capex": null,
      "gross_margin": null,
      "op_margin": null,
      "fcf_margin": 0.4542965344376635,
      "rev_growth_yoy": 0.009497964721845319,
      "rev_growth_yoy_accel": -0.005320233362665967,
      "op_leverage_ratio": 0.21307533550123267,
      "fcf_margin_change": 0.14142215096691124
    },
    {
      "date": "2024-12-31T00:00:00",
      "quarter_label": "2024-12 (Q4)",
      "revenue": 273676000,
      "gross_profit": null,
      "operating_income": null,
      "net_income": -211210000,
      "opex": 268520000,
      "cogs": null,
      "rd": null,
      "sga": null,
      "fcf": 54872000,
      "ocf": 54872000,
      "capex": null,
      "gross_margin": null,
      "op_margin": null,
      "fcf_margin": 0.20049986114968063,
      "rev_growth_yoy": 0.14658466282343477,
      "rev_growth_yoy_accel": 0.13708669810158944,
      "op_leverage_ratio": 2.061970236472446,
      "fcf_margin_change": -0.25379667328798283
    },
    {
      "date": "2025-03-31T00:00:00",
      "quarter_label": "2025-03 (Q1)",
      "revenue": 249224000,
      "gross_profit": null,
      "operating_income": null,
      "net_income": -50123000,
      "opex": 286413000,
      "cogs": null,
      "rd": null,
      "sga": null,
      "fcf": 88491000,
      "ocf": 88491000,
      "capex": null,
      "gross_margin": null,
      "op_margin": null,
      "fcf_margin": 0.35506612525278464,
      "rev_growth_yoy": 0.19369872068128152,
      "rev_growth_yoy_accel": 0.04711405785784675,
      "fcf_margin_change": 0.154566264103104
    },
    {
      "date": "2025-06-30T00:00:00",
      "quarter_label": "2025-06 (Q2)",
      "revenue": 249793000,
      "gross_profit": null,
      "operating_income": null,
      "net_income": -40905000,
      "opex": 280566000,
      "cogs": null,
      "rd": null,
      "sga": null,
      "fcf": 70519000,
      "ocf": 70519000,
      "capex": null,
      "gross_margin": null,
      "op_margin": null,
      "fcf_margin": 0.28230975247504936,
      "rev_growth_yoy": 0.1590193067032911,
      "rev_growth_yoy_accel": -0.03467941397799043,
      "fcf_margin_change": -0.07275637277773528
    },
    {
      "date": "2025-09-30T00:00:00",
      "quarter_label": "2025-09 (Q3)",
      "revenue": 253262000,
      "gross_profit": null,
      "operating_income": null,
      "net_income": -87360000,
      "opex": 281092000,
      "cogs": null,
      "rd": null,
      "sga": null,
      "fcf": 112390000,
      "ocf": 112390000,
      "capex": null,
      "gross_margin": null,
      "op_margin": null,
      "fcf_margin": 0.4437696930451469,
      "rev_growth_yoy": 0.15001997965707642,
      "rev_growth_yoy_accel": -0.008999327046214672,
      "op_leverage_ratio": 7.407528521067916,
      "fcf_margin_change": 0.16145994057009755
    }
  ],
  "signals": [
    {
      "quarter": "2025-09 (Q3)",
      "signal": "FCF MARGIN EXPANSION",
      "detail": "FCF margin: +28.2% -> +44.4% (+16.1%)",
      "severity": "MEDIUM"
    },
    {
      "quarter": "2025-09 (Q3)",
      "signal": "OPERATING LEVERAGE",
      "detail": "Rev growth +1.4% vs OpEx growth +0.2% (leverage: 7.4x)",
      "severity": "MEDIUM"
    },
    {
      "quarter": "2025-03 (Q1)",
      "signal": "FCF MARGIN EXPANSION",
      "detail": "FCF margin: +20.0% -> +35.5% (+15.5%)",
      "severity": "MEDIUM"
    },
    {
      "quarter": "2024-12 (Q4)",
      "signal": "OPERATING LEVERAGE",
      "detail": "Rev growth +24.3% vs OpEx growth +11.8% (leverage: 2.1x)",
      "severity": "MEDIUM"
    },
    {
      "quarter": "2024-12 (Q4)",
      "signal": "YoY REVENUE GROWTH ACCELERATION",
      "detail": "YoY growth: +14.7% vs prior quarter YoY: +0.9% (accel: +13.7%)",
      "severity": "MEDIUM"
    },
    {
      "quarter": "2024-09 (Q3)",
      "signal": "FCF MARGIN EXPANSION",
      "detail": "FCF margin: +31.3% -> +45.4% (+14.1%)",
      "severity": "MEDIUM"
    },
    {
      "quarter": "2024-03 (Q1)",
      "signal": "FCF MARGIN EXPANSION",
      "detail": "FCF margin: +20.7% -> +29.3% (+8.6%)",
      "severity": "MEDIUM"
    },
    {
      "quarter": "2024-03 (Q1)",
      "signal": "YoY REVENUE GROWTH DECELERATION",
      "detail": "YoY growth: -2.8% vs prior quarter YoY: +4.6% (decel: -7.4%)",
      "severity": "WARNING"
    },
    {
      "quarter": "2023-09 (Q3)",
      "signal": "FCF MARGIN EXPANSION",
      "detail": "FCF margin: +27.3% -> +49.2% (+21.9%)",
      "severity": "MEDIUM"
    },
    {
      "quarter": "2023-09 (Q3)",
      "signal": "OPERATING LEVERAGE",
      "detail": "Rev growth +2.7% vs OpEx growth +0.9% (leverage: 3.2x)",
      "severity": "MEDIUM"
    },
    {
      "quarter": "2023-03 (Q1)",
      "signal": "FCF MARGIN EXPANSION",
      "detail": "FCF margin: +23.0% -> +37.6% (+14.6%)",
      "severity": "MEDIUM"
    },
    {
      "quarter": "2022-12 (Q4)",
      "signal": "OPERATING LEVERAGE",
      "detail": "Rev growth +8.3% vs OpEx growth +2.2% (leverage: 3.8x)",
      "severity": "MEDIUM"
    },
    {
      "quarter": "2022-09 (Q3)",
      "signal": "FCF MARGIN EXPANSION",
      "detail": "FCF margin: +24.5% -> +80.5% (+56.0%)",
      "severity": "MEDIUM"
    },
    {
      "quarter": "2022-09 (Q3)",
      "signal": "OPERATING LEVERAGE",
      "detail": "Rev growth +3.2% vs OpEx growth +1.9% (leverage: 1.7x)",
      "severity": "MEDIUM"
    },
    {
      "quarter": "2022-06 (Q2)",
      "signal": "YoY REVENUE GROWTH DECELERATION",
      "detail": "YoY growth: -5.3% vs prior quarter YoY: +13.5% (decel: -18.8%)",
      "severity": "WARNING"
    },
    {
      "quarter": "2021-09 (Q3)",
      "signal": "FCF MARGIN EXPANSION",
      "detail": "FCF margin: +28.2% -> +46.5% (+18.3%)",
      "severity": "MEDIUM"
    }
  ],
  "data_quality": {
    "n_quarters": 20,
    "coverage": {
      "revenue": [
        20,
        20
      ],
      "gross_profit": [
        0,
        20
      ],
      "op_income": [
        0,
        20
      ],
      "fcf": [
        20,
        20
      ]
    },
    "gaps": [],
    "warnings": [
      "gross_profit: no data",
      "op_income: no data"
    ]
  },
  "market_cap": null,
  "source": "SEC EDGAR",
  "last_updated": "2026-02-02T21:06:42.226563",
  "sector": "Real Estate",
  "industry": "REIT - Retail"
}