{
  "ticker": "MAN",
  "name": "MANPOWERGROUP INC.",
  "quarters": [
    {
      "date": "2020-12-31T00:00:00",
      "quarter_label": "2020-12 (Q4)",
      "revenue": 5054900000,
      "gross_profit": 798900000,
      "operating_income": 138300000,
      "net_income": null,
      "opex": 660600000,
      "cogs": 4256000000,
      "rd": null,
      "sga": 660600000,
      "fcf": 220700000,
      "ocf": 220700000,
      "capex": null,
      "gross_margin": 0.15804466952857624,
      "op_margin": 0.027359591683317176,
      "fcf_margin": 0.043660606540188725
    },
    {
      "date": "2021-03-31T00:00:00",
      "quarter_label": "2021-03 (Q1)",
      "revenue": 4924400000,
      "gross_profit": 768100000,
      "operating_income": 98400000,
      "net_income": null,
      "opex": 669700000,
      "cogs": 4156300000,
      "rd": null,
      "sga": 669700000,
      "fcf": 140900000,
      "ocf": 140900000,
      "capex": null,
      "gross_margin": 0.1559783933067988,
      "op_margin": 0.019982129802615548,
      "fcf_margin": 0.028612622857607017,
      "fcf_margin_change": -0.015047983682581707
    },
    {
      "date": "2021-06-30T00:00:00",
      "quarter_label": "2021-06 (Q2)",
      "revenue": 5277100000,
      "gross_profit": 860100000,
      "operating_income": 169900000,
      "net_income": null,
      "opex": 690200000,
      "cogs": 4417000000,
      "rd": null,
      "sga": 690200000,
      "fcf": 54500000,
      "ocf": 54500000,
      "capex": null,
      "gross_margin": 0.16298724678327112,
      "op_margin": 0.03219571355479335,
      "fcf_margin": 0.010327642076140304,
      "op_leverage_ratio": 2.339799128679289,
      "fcf_margin_change": -0.018284980781466714
    },
    {
      "date": "2021-09-30T00:00:00",
      "quarter_label": "2021-09 (Q3)",
      "revenue": 5140600000,
      "gross_profit": 853000000,
      "operating_income": 150500000,
      "net_income": null,
      "opex": 702500000,
      "cogs": 4287600000,
      "rd": null,
      "sga": 702500000,
      "fcf": 187500000,
      "ocf": 187500000,
      "capex": null,
      "gross_margin": 0.16593393767264522,
      "op_margin": 0.029276738123954402,
      "fcf_margin": 0.03647434151655449,
      "fcf_margin_change": 0.026146699440414183
    },
    {
      "date": "2021-12-31T00:00:00",
      "quarter_label": "2021-12 (Q4)",
      "revenue": 5382300000,
      "gross_profit": 926300000,
      "operating_income": 166600000,
      "net_income": null,
      "opex": 759700000,
      "cogs": 4456000000,
      "rd": null,
      "sga": 759700000,
      "fcf": 261900000,
      "ocf": 261900000,
      "capex": null,
      "gross_margin": 0.1721011463500734,
      "op_margin": 0.030953309923267006,
      "fcf_margin": 0.04865949501142634,
      "incr_op_margin_yoy": 0.08643860720830789,
      "rev_growth_yoy": 0.06476883815703574,
      "op_leverage_ratio": 0.5774483414496253,
      "fcf_margin_change": 0.012185153494871856
    },
    {
      "date": "2022-03-31T00:00:00",
      "quarter_label": "2022-03 (Q1)",
      "revenue": 5143300000,
      "gross_profit": 897100000,
      "operating_income": 138700000,
      "net_income": null,
      "opex": 758400000,
      "cogs": 4246200000,
      "rd": null,
      "sga": 758400000,
      "fcf": 70600000,
      "ocf": 70600000,
      "capex": null,
      "gross_margin": 0.17442109151711935,
      "op_margin": 0.026967122275581824,
      "fcf_margin": 0.01372659576536465,
      "incr_op_margin_yoy": 0.18410232983097305,
      "rev_growth_yoy": 0.04445211599382666,
      "rev_growth_yoy_accel": -0.02031672216320908,
      "fcf_margin_change": -0.034932899246061695
    },
    {
      "date": "2022-06-30T00:00:00",
      "quarter_label": "2022-06 (Q2)",
      "revenue": 5074100000,
      "gross_profit": 921200000,
      "operating_income": 180700000,
      "net_income": null,
      "opex": 740500000,
      "cogs": 4152900000,
      "rd": null,
      "sga": 740500000,
      "fcf": -49300000,
      "ocf": -49300000,
      "capex": null,
      "gross_margin": 0.18154943733864135,
      "op_margin": 0.03561222679884117,
      "fcf_margin": -0.009716008750320254,
      "incr_op_margin_yoy": -0.053201970443349754,
      "rev_growth_yoy": -0.03846809800837581,
      "rev_growth_yoy_accel": -0.08292021400220248,
      "fcf_margin_change": -0.023442604515684903
    },
    {
      "date": "2022-09-30T00:00:00",
      "quarter_label": "2022-09 (Q3)",
      "revenue": 4800900000,
      "gross_profit": 878500000,
      "operating_income": 161500000,
      "net_income": null,
      "opex": 717000000,
      "cogs": 3922400000,
      "rd": null,
      "sga": 717000000,
      "fcf": 267900000,
      "ocf": 267900000,
      "capex": null,
      "gross_margin": 0.1829865233602033,
      "op_margin": 0.03363952592222292,
      "fcf_margin": 0.05580203711804037,
      "incr_op_margin_yoy": -0.03238151309979394,
      "rev_growth_yoy": -0.06608178033692565,
      "rev_growth_yoy_accel": -0.027613682328549834,
      "fcf_margin_change": 0.06551804586836062
    },
    {
      "date": "2022-12-31T00:00:00",
      "quarter_label": "2022-12 (Q4)",
      "revenue": 4809200000,
      "gross_profit": 875600000,
      "operating_income": 100800000,
      "net_income": null,
      "opex": 774800000,
      "cogs": 3933600000,
      "rd": null,
      "sga": 774800000,
      "fcf": 134100000,
      "ocf": 134100000,
      "capex": null,
      "gross_margin": 0.18206770356816102,
      "op_margin": 0.02095982699825335,
      "fcf_margin": 0.02788405556017633,
      "incr_op_margin_yoy": 0.11481416855697087,
      "rev_growth_yoy": -0.10647864295932966,
      "rev_growth_yoy_accel": -0.04039686262240401,
      "fcf_margin_change": -0.027917981557864038
    },
    {
      "date": "2023-03-31T00:00:00",
      "quarter_label": "2023-03 (Q1)",
      "revenue": 4752300000,
      "gross_profit": 863100000,
      "operating_income": 117900000,
      "net_income": null,
      "opex": 745200000,
      "cogs": 3889200000,
      "rd": null,
      "sga": 745200000,
      "fcf": 124600000,
      "ocf": 124600000,
      "capex": null,
      "gross_margin": 0.18161732213875387,
      "op_margin": 0.024809039833343854,
      "fcf_margin": 0.026218883487995285,
      "incr_op_margin_yoy": 0.05319693094629156,
      "rev_growth_yoy": -0.07602123150506485,
      "rev_growth_yoy_accel": 0.03045741145426481,
      "fcf_margin_change": -0.0016651720721810453
    },
    {
      "date": "2023-06-30T00:00:00",
      "quarter_label": "2023-06 (Q2)",
      "revenue": 4856100000,
      "gross_profit": 862300000,
      "operating_income": 107600000,
      "net_income": null,
      "opex": 754700000,
      "cogs": 3993800000,
      "rd": null,
      "sga": 754700000,
      "fcf": -155800000,
      "ocf": -155800000,
      "capex": null,
      "gross_margin": 0.1775704783674142,
      "op_margin": 0.02215769856469183,
      "fcf_margin": -0.032083359074154154,
      "incr_op_margin_yoy": 0.33532110091743117,
      "rev_growth_yoy": -0.04296328412920518,
      "rev_growth_yoy_accel": 0.03305794737585967,
      "op_leverage_ratio": 1.7133368108738485,
      "fcf_margin_change": -0.05830224256214944
    },
    {
      "date": "2023-09-30T00:00:00",
      "quarter_label": "2023-09 (Q3)",
      "revenue": 4675600000,
      "gross_profit": 821900000,
      "operating_income": 69800000,
      "net_income": null,
      "opex": 752100000,
      "cogs": 3853700000,
      "rd": null,
      "sga": 752100000,
      "fcf": 265700000,
      "ocf": 265700000,
      "capex": null,
      "gross_margin": 0.1757849259988023,
      "op_margin": 0.014928565317820173,
      "fcf_margin": 0.05682693130293438,
      "incr_op_margin_yoy": 0.7318435754189944,
      "rev_growth_yoy": -0.026099273052969236,
      "rev_growth_yoy_accel": 0.016864011076235943,
      "fcf_margin_change": 0.08891029037708853
    },
    {
      "date": "2023-12-31T00:00:00",
      "quarter_label": "2023-12 (Q4)",
      "revenue": 4630500000,
      "gross_profit": 810700000,
      "operating_income": -39500000,
      "net_income": null,
      "opex": 850200000,
      "cogs": 3819800000,
      "rd": null,
      "sga": 850200000,
      "fcf": 113700000,
      "ocf": 113700000,
      "capex": null,
      "gross_margin": 0.1750782852823669,
      "op_margin": -0.008530396285498325,
      "fcf_margin": 0.024554583738257207,
      "incr_op_margin_yoy": 0.7851147174034695,
      "rev_growth_yoy": -0.037157947267736836,
      "rev_growth_yoy_accel": -0.0110586742147676,
      "fcf_margin_change": -0.03227234756467717
    },
    {
      "date": "2024-03-31T00:00:00",
      "quarter_label": "2024-03 (Q1)",
      "revenue": 4403300000,
      "gross_profit": 763700000,
      "operating_income": 65900000,
      "net_income": null,
      "opex": 697800000,
      "cogs": 3639600000,
      "rd": null,
      "sga": 697800000,
      "fcf": 116000000,
      "ocf": 116000000,
      "capex": null,
      "gross_margin": 0.17343810324075126,
      "op_margin": 0.01496604819112938,
      "fcf_margin": 0.02634387845479527,
      "incr_op_margin_yoy": 0.1489971346704871,
      "rev_growth_yoy": -0.07343812469751489,
      "rev_growth_yoy_accel": -0.03628017742977805,
      "fcf_margin_change": 0.0017892947165380618
    },
    {
      "date": "2024-06-30T00:00:00",
      "quarter_label": "2024-06 (Q2)",
      "revenue": 4520700000,
      "gross_profit": 785900000,
      "operating_income": 101100000,
      "net_income": null,
      "opex": 684800000,
      "cogs": 3734800000,
      "rd": null,
      "sga": 684800000,
      "fcf": -137900000,
      "ocf": -137900000,
      "capex": null,
      "gross_margin": 0.17384475855509102,
      "op_margin": 0.02236379321786449,
      "fcf_margin": -0.030504125467294887,
      "incr_op_margin_yoy": 0.01937984496124031,
      "rev_growth_yoy": -0.06906777043306357,
      "rev_growth_yoy_accel": 0.004370354264451315,
      "op_leverage_ratio": Infinity,
      "fcf_margin_change": -0.056848003922090155
    },
    {
      "date": "2024-09-30T00:00:00",
      "quarter_label": "2024-09 (Q3)",
      "revenue": 4530200000,
      "gross_profit": 782100000,
      "operating_income": 70800000,
      "net_income": null,
      "opex": 711300000,
      "cogs": 3748100000,
      "rd": null,
      "sga": 711300000,
      "fcf": 83500000,
      "ocf": 83500000,
      "capex": null,
      "gross_margin": 0.17264138448633615,
      "op_margin": 0.015628449075096022,
      "fcf_margin": 0.018431857313142907,
      "incr_op_margin_yoy": -0.0068775790921595595,
      "rev_growth_yoy": -0.0310976131405595,
      "rev_growth_yoy_accel": 0.03797015729250407,
      "fcf_margin_change": 0.048935982780437794
    },
    {
      "date": "2024-12-31T00:00:00",
      "quarter_label": "2024-12 (Q4)",
      "revenue": 4399700000,
      "gross_profit": 755100000,
      "operating_income": 68200000,
      "net_income": null,
      "opex": 686900000,
      "cogs": 3644600000,
      "rd": null,
      "sga": 686900000,
      "fcf": 247600000,
      "ocf": 247600000,
      "capex": null,
      "gross_margin": 0.17162533809123348,
      "op_margin": 0.015501056890242516,
      "fcf_margin": 0.05627656431120304,
      "incr_op_margin_yoy": -0.4666377816291161,
      "rev_growth_yoy": -0.04984342943526617,
      "rev_growth_yoy_accel": -0.01874581629470667,
      "fcf_margin_change": 0.037844706998060126
    },
    {
      "date": "2025-03-31T00:00:00",
      "quarter_label": "2025-03 (Q1)",
      "revenue": 4090300000,
      "gross_profit": 698300000,
      "operating_income": 28200000,
      "net_income": null,
      "opex": 670100000,
      "cogs": 3392000000,
      "rd": null,
      "sga": 670100000,
      "fcf": -153200000,
      "ocf": -153200000,
      "capex": null,
      "gross_margin": 0.17072097401168618,
      "op_margin": 0.006894359826907562,
      "fcf_margin": -0.03745446544263257,
      "incr_op_margin_yoy": 0.12044728434504792,
      "rev_growth_yoy": -0.07108305134785274,
      "rev_growth_yoy_accel": -0.02123962191258657,
      "fcf_margin_change": -0.0937310297538356
    },
    {
      "date": "2025-06-30T00:00:00",
      "quarter_label": "2025-06 (Q2)",
      "revenue": 4519300000,
      "gross_profit": 763700000,
      "operating_income": -25300000,
      "net_income": null,
      "opex": 789000000,
      "cogs": 3755600000,
      "rd": null,
      "sga": 789000000,
      "fcf": -189600000,
      "ocf": -189600000,
      "capex": null,
      "gross_margin": 0.1689863474431881,
      "op_margin": -0.005598212112495298,
      "fcf_margin": -0.04195339986281061,
      "incr_op_margin_yoy": 90.28571428571429,
      "rev_growth_yoy": -0.0003096865529674608,
      "rev_growth_yoy_accel": 0.07077336479488527,
      "op_leverage_ratio": 0.5910985490771239,
      "fcf_margin_change": -0.004498934420178041
    },
    {
      "date": "2025-09-30T00:00:00",
      "quarter_label": "2025-09 (Q3)",
      "revenue": 4634400000,
      "gross_profit": 768900000,
      "operating_income": 66600000,
      "net_income": null,
      "opex": 702300000,
      "cogs": 3865500000,
      "rd": null,
      "sga": 702300000,
      "fcf": 59800000,
      "ocf": 59800000,
      "capex": null,
      "gross_margin": 0.16591144484722942,
      "op_margin": 0.01437079233557742,
      "fcf_margin": 0.01290350422924219,
      "incr_op_margin_yoy": -0.04030710172744722,
      "rev_growth_yoy": 0.023001192000353186,
      "rev_growth_yoy_accel": 0.023310878553320646,
      "op_leverage_ratio": Infinity,
      "fcf_margin_change": 0.0548569040920528
    }
  ],
  "signals": [
    {
      "quarter": "2025-09 (Q3)",
      "signal": "FCF TURNED POSITIVE",
      "detail": "FCF margin: -4.2% -> +1.3%",
      "severity": "HIGH"
    },
    {
      "quarter": "2025-09 (Q3)",
      "signal": "OP MARGIN TURNED POSITIVE (QoQ)",
      "detail": "Op margin: -0.6% -> +1.4%",
      "severity": "HIGH"
    },
    {
      "quarter": "2025-06 (Q2)",
      "signal": "YoY REVENUE GROWTH ACCELERATION",
      "detail": "YoY growth: -0.0% vs prior quarter YoY: -7.1% (accel: +7.1%)",
      "severity": "MEDIUM"
    },
    {
      "quarter": "2025-03 (Q1)",
      "signal": "INCREMENTAL MARGIN (YoY)",
      "detail": "YoY Incr OPM: +12.0% vs year-ago OPM: +1.5%",
      "severity": "MEDIUM"
    },
    {
      "quarter": "2024-12 (Q4)",
      "signal": "OP MARGIN TURNED POSITIVE (YoY)",
      "detail": "Op margin: -0.9% (year-ago) -> +1.6%",
      "severity": "HIGH"
    },
    {
      "quarter": "2024-09 (Q3)",
      "signal": "FCF TURNED POSITIVE",
      "detail": "FCF margin: -3.1% -> +1.8%",
      "severity": "HIGH"
    },
    {
      "quarter": "2024-03 (Q1)",
      "signal": "INCREMENTAL MARGIN (YoY)",
      "detail": "YoY Incr OPM: +14.9% vs year-ago OPM: +2.5%",
      "severity": "MEDIUM"
    },
    {
      "quarter": "2024-03 (Q1)",
      "signal": "OP MARGIN TURNED POSITIVE (QoQ)",
      "detail": "Op margin: -0.9% -> +1.5%",
      "severity": "HIGH"
    },
    {
      "quarter": "2023-09 (Q3)",
      "signal": "FCF TURNED POSITIVE",
      "detail": "FCF margin: -3.2% -> +5.7%",
      "severity": "HIGH"
    },
    {
      "quarter": "2023-09 (Q3)",
      "signal": "INCREMENTAL MARGIN (YoY)",
      "detail": "YoY Incr OPM: +73.2% vs year-ago OPM: +3.4%",
      "severity": "HIGH"
    },
    {
      "quarter": "2023-06 (Q2)",
      "signal": "OPERATING LEVERAGE",
      "detail": "Rev growth +2.2% vs OpEx growth +1.3% (leverage: 1.7x)",
      "severity": "MEDIUM"
    },
    {
      "quarter": "2023-06 (Q2)",
      "signal": "INCREMENTAL MARGIN (YoY)",
      "detail": "YoY Incr OPM: +33.5% vs year-ago OPM: +3.6%",
      "severity": "HIGH"
    },
    {
      "quarter": "2022-09 (Q3)",
      "signal": "FCF TURNED POSITIVE",
      "detail": "FCF margin: -1.0% -> +5.6%",
      "severity": "HIGH"
    },
    {
      "quarter": "2022-06 (Q2)",
      "signal": "YoY REVENUE GROWTH DECELERATION",
      "detail": "YoY growth: -3.8% vs prior quarter YoY: +4.4% (decel: -8.3%)",
      "severity": "WARNING"
    },
    {
      "quarter": "2022-03 (Q1)",
      "signal": "INCREMENTAL MARGIN (YoY)",
      "detail": "YoY Incr OPM: +18.4% vs year-ago OPM: +2.0%",
      "severity": "MEDIUM"
    },
    {
      "quarter": "2021-06 (Q2)",
      "signal": "OPERATING LEVERAGE",
      "detail": "Rev growth +7.2% vs OpEx growth +3.1% (leverage: 2.3x)",
      "severity": "MEDIUM"
    }
  ],
  "data_quality": {
    "n_quarters": 20,
    "coverage": {
      "revenue": [
        20,
        20
      ],
      "gross_profit": [
        20,
        20
      ],
      "op_income": [
        20,
        20
      ],
      "fcf": [
        20,
        20
      ]
    },
    "gaps": [],
    "warnings": []
  },
  "market_cap": null,
  "source": "SEC EDGAR",
  "last_updated": "2026-02-02T21:51:13.331839"
}