{
  "ticker": "MAR",
  "name": "MARRIOTT INTERNATIONAL INC /MD/",
  "sector": "Consumer Cyclical",
  "industry": "Lodging",
  "quarters": [
    {
      "date": "2021-03-31T00:00:00",
      "quarter_label": "2021-03 (Q1)",
      "revenue": 2316000000,
      "gross_profit": null,
      "operating_income": 84000000,
      "net_income": -11000000,
      "opex": 2232000000,
      "cogs": null,
      "rd": null,
      "sga": null,
      "fcf": -3000000,
      "ocf": 27000000,
      "capex": -30000000,
      "gross_margin": null,
      "op_margin": 0.03626943005181347,
      "fcf_margin": -0.0012953367875647669
    },
    {
      "date": "2021-06-30T00:00:00",
      "quarter_label": "2021-06 (Q2)",
      "revenue": 3149000000,
      "gross_profit": null,
      "operating_income": 486000000,
      "net_income": 422000000,
      "opex": 2663000000,
      "cogs": null,
      "rd": null,
      "sga": null,
      "fcf": 59000000,
      "ocf": 99000000,
      "capex": -40000000,
      "gross_margin": null,
      "op_margin": 0.15433470943156558,
      "fcf_margin": 0.018736106700539854,
      "op_leverage_ratio": 1.8626161595518314,
      "fcf_margin_change": 0.020031443488104622
    },
    {
      "date": "2021-09-30T00:00:00",
      "quarter_label": "2021-09 (Q3)",
      "revenue": 3946000000,
      "gross_profit": null,
      "operating_income": 545000000,
      "net_income": 220000000,
      "opex": 3401000000,
      "cogs": null,
      "rd": null,
      "sga": null,
      "fcf": 575000000,
      "ocf": 619000000,
      "capex": -44000000,
      "gross_margin": null,
      "op_margin": 0.13811454637607704,
      "fcf_margin": 0.14571718195641156,
      "op_leverage_ratio": 0.9132726782968053,
      "fcf_margin_change": 0.1269810752558717
    },
    {
      "date": "2021-12-31T00:00:00",
      "quarter_label": "2021-12 (Q4)",
      "revenue": 4446000000,
      "gross_profit": null,
      "operating_income": 635000000,
      "net_income": 468000000,
      "opex": 3811000000,
      "cogs": null,
      "rd": null,
      "sga": null,
      "fcf": 363000000,
      "ocf": 432000000,
      "capex": -69000000,
      "gross_margin": null,
      "op_margin": 0.14282501124606387,
      "fcf_margin": 0.0816464237516869,
      "op_leverage_ratio": 1.051079821492589,
      "fcf_margin_change": -0.06407075820472466
    },
    {
      "date": "2022-03-31T00:00:00",
      "quarter_label": "2022-03 (Q1)",
      "revenue": 4199000000,
      "gross_profit": null,
      "operating_income": 558000000,
      "net_income": 377000000,
      "opex": 3641000000,
      "cogs": null,
      "rd": null,
      "sga": null,
      "fcf": 349000000,
      "ocf": 398000000,
      "capex": -49000000,
      "gross_margin": null,
      "op_margin": 0.13288878304358182,
      "fcf_margin": 0.08311502738747321,
      "incr_op_margin_yoy": 0.25172596919808815,
      "rev_growth_yoy": 0.8130397236614854,
      "fcf_margin_change": 0.0014686036357863114
    },
    {
      "date": "2022-06-30T00:00:00",
      "quarter_label": "2022-06 (Q2)",
      "revenue": 5338000000,
      "gross_profit": null,
      "operating_income": 950000000,
      "net_income": 678000000,
      "opex": 4388000000,
      "cogs": null,
      "rd": null,
      "sga": null,
      "fcf": 580000000,
      "ocf": 650000000,
      "capex": -70000000,
      "gross_margin": null,
      "op_margin": 0.17796927688272762,
      "fcf_margin": 0.10865492693892843,
      "incr_op_margin_yoy": 0.21196893558702604,
      "rev_growth_yoy": 0.6951413147030804,
      "rev_growth_yoy_accel": -0.11789840895840498,
      "op_leverage_ratio": 1.322141467353896,
      "fcf_margin_change": 0.02553989955145522
    },
    {
      "date": "2022-09-30T00:00:00",
      "quarter_label": "2022-09 (Q3)",
      "revenue": 5313000000,
      "gross_profit": null,
      "operating_income": 958000000,
      "net_income": 630000000,
      "opex": 4355000000,
      "cogs": null,
      "rd": null,
      "sga": null,
      "fcf": 801000000,
      "ocf": 874000000,
      "capex": -73000000,
      "gross_margin": null,
      "op_margin": 0.1803124411820064,
      "fcf_margin": 0.1507622811970638,
      "incr_op_margin_yoy": 0.302121433796635,
      "rev_growth_yoy": 0.34642676127724276,
      "rev_growth_yoy_accel": -0.3487145534258376,
      "fcf_margin_change": 0.042107354258135374
    },
    {
      "date": "2022-12-31T00:00:00",
      "quarter_label": "2022-12 (Q4)",
      "revenue": 5923000000,
      "gross_profit": null,
      "operating_income": 996000000,
      "net_income": 673000000,
      "opex": 4927000000,
      "cogs": null,
      "rd": null,
      "sga": null,
      "fcf": 301000000,
      "ocf": 441000000,
      "capex": -140000000,
      "gross_margin": null,
      "op_margin": 0.168158028026338,
      "fcf_margin": 0.0508188418031403,
      "incr_op_margin_yoy": 0.24441435341909276,
      "rev_growth_yoy": 0.3322087269455691,
      "rev_growth_yoy_accel": -0.014218034331673679,
      "op_leverage_ratio": 0.8741423267114967,
      "fcf_margin_change": -0.0999434393939235
    },
    {
      "date": "2023-03-31T00:00:00",
      "quarter_label": "2023-03 (Q1)",
      "revenue": 5615000000,
      "gross_profit": null,
      "operating_income": 951000000,
      "net_income": 757000000,
      "opex": 4664000000,
      "cogs": null,
      "rd": null,
      "sga": null,
      "fcf": 792000000,
      "ocf": 887000000,
      "capex": -95000000,
      "gross_margin": null,
      "op_margin": 0.16936776491540517,
      "fcf_margin": 0.14105075690115762,
      "incr_op_margin_yoy": 0.2775423728813559,
      "rev_growth_yoy": 0.3372231483686592,
      "rev_growth_yoy_accel": 0.00501442142309011,
      "fcf_margin_change": 0.09023191509801731
    },
    {
      "date": "2023-06-30T00:00:00",
      "quarter_label": "2023-06 (Q2)",
      "revenue": 6075000000,
      "gross_profit": null,
      "operating_income": 1096000000,
      "net_income": 726000000,
      "opex": 4979000000,
      "cogs": null,
      "rd": null,
      "sga": null,
      "fcf": 552000000,
      "ocf": 651000000,
      "capex": -99000000,
      "gross_margin": null,
      "op_margin": 0.18041152263374485,
      "fcf_margin": 0.0908641975308642,
      "incr_op_margin_yoy": 0.19810040705563092,
      "rev_growth_yoy": 0.13806669164481078,
      "rev_growth_yoy_accel": -0.1991564567238484,
      "op_leverage_ratio": 1.212986755996551,
      "fcf_margin_change": -0.050186559370293427
    },
    {
      "date": "2023-09-30T00:00:00",
      "quarter_label": "2023-09 (Q3)",
      "revenue": 5928000000,
      "gross_profit": null,
      "operating_income": 1099000000,
      "net_income": 752000000,
      "opex": 4829000000,
      "cogs": null,
      "rd": null,
      "sga": null,
      "fcf": 757000000,
      "ocf": 881000000,
      "capex": -124000000,
      "gross_margin": null,
      "op_margin": 0.18539136302294196,
      "fcf_margin": 0.12769905533063428,
      "incr_op_margin_yoy": 0.22926829268292684,
      "rev_growth_yoy": 0.11575381140598531,
      "rev_growth_yoy_accel": -0.022312880238825467,
      "fcf_margin_change": 0.03683485779977008
    },
    {
      "date": "2023-12-31T00:00:00",
      "quarter_label": "2023-12 (Q4)",
      "revenue": 6095000000,
      "gross_profit": null,
      "operating_income": 718000000,
      "net_income": 848000000,
      "opex": 5377000000,
      "cogs": null,
      "rd": null,
      "sga": null,
      "fcf": 617000000,
      "ocf": 751000000,
      "capex": -134000000,
      "gross_margin": null,
      "op_margin": 0.11780147662018048,
      "fcf_margin": 0.10123051681706316,
      "incr_op_margin_yoy": -1.6162790697674418,
      "rev_growth_yoy": 0.029039338173223028,
      "rev_growth_yoy_accel": -0.08671447323276228,
      "op_leverage_ratio": 0.2482475225824246,
      "fcf_margin_change": -0.026468538513571116
    },
    {
      "date": "2024-03-31T00:00:00",
      "quarter_label": "2024-03 (Q1)",
      "revenue": 5977000000,
      "gross_profit": null,
      "operating_income": 876000000,
      "net_income": 564000000,
      "opex": 5101000000,
      "cogs": null,
      "rd": null,
      "sga": null,
      "fcf": 670000000,
      "ocf": 779000000,
      "capex": -109000000,
      "gross_margin": null,
      "op_margin": 0.14656182031119291,
      "fcf_margin": 0.11209636941609503,
      "incr_op_margin_yoy": -0.20718232044198895,
      "rev_growth_yoy": 0.06447016918967052,
      "rev_growth_yoy_accel": 0.03543083101644749,
      "fcf_margin_change": 0.010865852599031875
    },
    {
      "date": "2024-06-30T00:00:00",
      "quarter_label": "2024-06 (Q2)",
      "revenue": 6439000000,
      "gross_profit": null,
      "operating_income": 1195000000,
      "net_income": 772000000,
      "opex": 5244000000,
      "cogs": null,
      "rd": null,
      "sga": null,
      "fcf": 647000000,
      "ocf": 772000000,
      "capex": -125000000,
      "gross_margin": null,
      "op_margin": 0.18558782419630376,
      "fcf_margin": 0.10048144121758038,
      "incr_op_margin_yoy": 0.27197802197802196,
      "rev_growth_yoy": 0.05991769547325103,
      "rev_growth_yoy_accel": -0.0045524737164194945,
      "op_leverage_ratio": 2.7572618113022997,
      "fcf_margin_change": -0.01161492819851466
    },
    {
      "date": "2024-09-30T00:00:00",
      "quarter_label": "2024-09 (Q3)",
      "revenue": 6255000000,
      "gross_profit": null,
      "operating_income": 944000000,
      "net_income": 584000000,
      "opex": 5311000000,
      "cogs": null,
      "rd": null,
      "sga": null,
      "fcf": 706000000,
      "ocf": 880000000,
      "capex": -174000000,
      "gross_margin": null,
      "op_margin": 0.15091926458832933,
      "fcf_margin": 0.1128697042366107,
      "incr_op_margin_yoy": -0.4740061162079511,
      "rev_growth_yoy": 0.05516194331983806,
      "rev_growth_yoy_accel": -0.004755752153412972,
      "fcf_margin_change": 0.01238826301903033
    },
    {
      "date": "2024-12-31T00:00:00",
      "quarter_label": "2024-12 (Q4)",
      "revenue": 6429000000,
      "gross_profit": null,
      "operating_income": 752000000,
      "net_income": 455000000,
      "opex": 5677000000,
      "cogs": null,
      "rd": null,
      "sga": null,
      "fcf": -24000000,
      "ocf": 318000000,
      "capex": -342000000,
      "gross_margin": null,
      "op_margin": 0.11696997977912583,
      "fcf_margin": -0.003733084461035931,
      "incr_op_margin_yoy": 0.10179640718562874,
      "rev_growth_yoy": 0.05479901558654635,
      "rev_growth_yoy_accel": -0.00036292773329170414,
      "op_leverage_ratio": 0.4036613332284991,
      "fcf_margin_change": -0.11660278869764663
    },
    {
      "date": "2025-03-31T00:00:00",
      "quarter_label": "2025-03 (Q1)",
      "revenue": 6263000000,
      "gross_profit": null,
      "operating_income": 948000000,
      "net_income": 665000000,
      "opex": 5315000000,
      "cogs": null,
      "rd": null,
      "sga": null,
      "fcf": 512000000,
      "ocf": 647000000,
      "capex": -135000000,
      "gross_margin": null,
      "op_margin": 0.15136516046623025,
      "fcf_margin": 0.0817499600830273,
      "incr_op_margin_yoy": 0.2517482517482518,
      "rev_growth_yoy": 0.04785009201940773,
      "rev_growth_yoy_accel": -0.0069489235671386235,
      "fcf_margin_change": 0.08548304454406323
    },
    {
      "date": "2025-06-30T00:00:00",
      "quarter_label": "2025-06 (Q2)",
      "revenue": 6744000000,
      "gross_profit": null,
      "operating_income": 1236000000,
      "net_income": 763000000,
      "opex": 5508000000,
      "cogs": null,
      "rd": null,
      "sga": null,
      "fcf": 488000000,
      "ocf": 643000000,
      "capex": -155000000,
      "gross_margin": null,
      "op_margin": 0.18327402135231316,
      "fcf_margin": 0.07236061684460261,
      "incr_op_margin_yoy": 0.13442622950819672,
      "rev_growth_yoy": 0.047367603665165396,
      "rev_growth_yoy_accel": -0.00048248835424233305,
      "op_leverage_ratio": 2.114991491273281,
      "fcf_margin_change": -0.009389343238424691
    },
    {
      "date": "2025-09-30T00:00:00",
      "quarter_label": "2025-09 (Q3)",
      "revenue": 6489000000,
      "gross_profit": null,
      "operating_income": 1180000000,
      "net_income": 728000000,
      "opex": 5309000000,
      "cogs": null,
      "rd": null,
      "sga": null,
      "fcf": 951000000,
      "ocf": 1093000000,
      "capex": -142000000,
      "gross_margin": null,
      "op_margin": 0.18184620126367698,
      "fcf_margin": 0.14655570966250578,
      "incr_op_margin_yoy": 1.0085470085470085,
      "rev_growth_yoy": 0.03741007194244604,
      "rev_growth_yoy_accel": -0.009957531722719355,
      "fcf_margin_change": 0.07419509281790317
    },
    {
      "date": "2025-12-31T00:00:00",
      "quarter_label": "2025-12 (Q4)",
      "revenue": 6690000000,
      "gross_profit": null,
      "operating_income": 777000000,
      "net_income": 445000000,
      "opex": 5913000000,
      "cogs": null,
      "rd": null,
      "sga": null,
      "fcf": 829000000,
      "ocf": 829000000,
      "capex": null,
      "gross_margin": null,
      "op_margin": 0.11614349775784753,
      "fcf_margin": 0.12391629297458893,
      "incr_op_margin_yoy": 0.09578544061302682,
      "rev_growth_yoy": 0.04059729351376575,
      "rev_growth_yoy_accel": 0.003187221571319711,
      "op_leverage_ratio": 0.27226641315563066,
      "fcf_margin_change": -0.022639416687916844
    }
  ],
  "signals": [
    {
      "quarter": "2025-09 (Q3)",
      "signal": "FCF MARGIN EXPANSION",
      "detail": "FCF margin: +7.2% -> +14.7% (+7.4%)",
      "severity": "MEDIUM"
    },
    {
      "quarter": "2025-09 (Q3)",
      "signal": "INCREMENTAL MARGIN (YoY)",
      "detail": "YoY Incr OPM: +100.9% vs year-ago OPM: +15.1%",
      "severity": "HIGH"
    },
    {
      "quarter": "2025-06 (Q2)",
      "signal": "OPERATING LEVERAGE",
      "detail": "Rev growth +7.7% vs OpEx growth +3.6% (leverage: 2.1x)",
      "severity": "MEDIUM"
    },
    {
      "quarter": "2025-03 (Q1)",
      "signal": "FCF TURNED POSITIVE",
      "detail": "FCF margin: -0.4% -> +8.2%",
      "severity": "HIGH"
    },
    {
      "quarter": "2025-03 (Q1)",
      "signal": "INCREMENTAL MARGIN (YoY)",
      "detail": "YoY Incr OPM: +25.2% vs year-ago OPM: +14.7%",
      "severity": "MEDIUM"
    },
    {
      "quarter": "2024-06 (Q2)",
      "signal": "OPERATING LEVERAGE",
      "detail": "Rev growth +7.7% vs OpEx growth +2.8% (leverage: 2.8x)",
      "severity": "MEDIUM"
    },
    {
      "quarter": "2023-12 (Q4)",
      "signal": "YoY REVENUE GROWTH DECELERATION",
      "detail": "YoY growth: +2.9% vs prior quarter YoY: +11.6% (decel: -8.7%)",
      "severity": "WARNING"
    },
    {
      "quarter": "2023-06 (Q2)",
      "signal": "YoY REVENUE GROWTH DECELERATION",
      "detail": "YoY growth: +13.8% vs prior quarter YoY: +33.7% (decel: -19.9%)",
      "severity": "WARNING"
    },
    {
      "quarter": "2023-03 (Q1)",
      "signal": "FCF MARGIN EXPANSION",
      "detail": "FCF margin: +5.1% -> +14.1% (+9.0%)",
      "severity": "MEDIUM"
    },
    {
      "quarter": "2023-03 (Q1)",
      "signal": "INCREMENTAL MARGIN (YoY)",
      "detail": "YoY Incr OPM: +27.8% vs year-ago OPM: +13.3%",
      "severity": "MEDIUM"
    },
    {
      "quarter": "2022-12 (Q4)",
      "signal": "INCREMENTAL MARGIN (YoY)",
      "detail": "YoY Incr OPM: +24.4% vs year-ago OPM: +14.3%",
      "severity": "MEDIUM"
    },
    {
      "quarter": "2022-09 (Q3)",
      "signal": "YoY REVENUE GROWTH DECELERATION",
      "detail": "YoY growth: +34.6% vs prior quarter YoY: +69.5% (decel: -34.9%)",
      "severity": "WARNING"
    },
    {
      "quarter": "2022-09 (Q3)",
      "signal": "INCREMENTAL MARGIN (YoY)",
      "detail": "YoY Incr OPM: +30.2% vs year-ago OPM: +13.8%",
      "severity": "MEDIUM"
    },
    {
      "quarter": "2022-06 (Q2)",
      "signal": "YoY REVENUE GROWTH DECELERATION",
      "detail": "YoY growth: +69.5% vs prior quarter YoY: +81.3% (decel: -11.8%)",
      "severity": "WARNING"
    },
    {
      "quarter": "2022-03 (Q1)",
      "signal": "INCREMENTAL MARGIN (YoY)",
      "detail": "YoY Incr OPM: +25.2% vs year-ago OPM: +3.6%",
      "severity": "HIGH"
    },
    {
      "quarter": "2021-09 (Q3)",
      "signal": "FCF MARGIN EXPANSION",
      "detail": "FCF margin: +1.9% -> +14.6% (+12.7%)",
      "severity": "MEDIUM"
    },
    {
      "quarter": "2021-06 (Q2)",
      "signal": "FCF TURNED POSITIVE",
      "detail": "FCF margin: -0.1% -> +1.9%",
      "severity": "HIGH"
    },
    {
      "quarter": "2021-06 (Q2)",
      "signal": "OPERATING LEVERAGE",
      "detail": "Rev growth +36.0% vs OpEx growth +19.3% (leverage: 1.9x)",
      "severity": "MEDIUM"
    }
  ],
  "data_quality": {
    "n_quarters": 20,
    "coverage": {
      "revenue": [
        20,
        20
      ],
      "gross_profit": [
        0,
        20
      ],
      "op_income": [
        20,
        20
      ],
      "fcf": [
        20,
        20
      ]
    },
    "gaps": [],
    "warnings": [
      "gross_profit: no data"
    ]
  },
  "market_cap": null,
  "source": "SEC EDGAR",
  "last_updated": "2026-02-13T11:46:54.199984"
}