{
  "ticker": "MAS",
  "name": "Masco Corporation",
  "quarters": [
    {
      "date": "2020-12-31T00:00:00",
      "quarter_label": "2020-12 (Q4)",
      "revenue": 1860000000,
      "gross_profit": 660000000,
      "operating_income": 307000000,
      "net_income": 195000000,
      "opex": 353000000,
      "cogs": 1200000000,
      "rd": null,
      "sga": 353000000,
      "fcf": 380000000,
      "ocf": 380000000,
      "capex": null,
      "gross_margin": 0.3548387096774194,
      "op_margin": 0.1650537634408602,
      "fcf_margin": 0.20430107526881722
    },
    {
      "date": "2021-03-31T00:00:00",
      "quarter_label": "2021-03 (Q1)",
      "revenue": 1970000000,
      "gross_profit": 700000000,
      "operating_income": 365000000,
      "net_income": 94000000,
      "opex": 335000000,
      "cogs": 1270000000,
      "rd": null,
      "sga": 335000000,
      "fcf": -89000000,
      "ocf": -89000000,
      "capex": null,
      "gross_margin": 0.3553299492385787,
      "op_margin": 0.18527918781725888,
      "fcf_margin": -0.04517766497461929,
      "op_leverage_ratio": Infinity,
      "fcf_margin_change": -0.2494787402434365
    },
    {
      "date": "2021-06-30T00:00:00",
      "quarter_label": "2021-06 (Q2)",
      "revenue": 2179000000,
      "gross_profit": 791000000,
      "operating_income": 437000000,
      "net_income": -36000000,
      "opex": 354000000,
      "cogs": 1388000000,
      "rd": null,
      "sga": 354000000,
      "fcf": 328000000,
      "ocf": 328000000,
      "capex": null,
      "gross_margin": 0.3630105553005966,
      "op_margin": 0.200550711335475,
      "fcf_margin": 0.1505277650298302,
      "op_leverage_ratio": 1.8705583756345177,
      "fcf_margin_change": 0.19570543000444948
    },
    {
      "date": "2021-09-30T00:00:00",
      "quarter_label": "2021-09 (Q3)",
      "revenue": 2204000000,
      "gross_profit": 753000000,
      "operating_income": 385000000,
      "net_income": 220000000,
      "opex": 368000000,
      "cogs": 1451000000,
      "rd": null,
      "sga": 368000000,
      "fcf": 356000000,
      "ocf": 356000000,
      "capex": null,
      "gross_margin": 0.34165154264972775,
      "op_margin": 0.17468239564428312,
      "fcf_margin": 0.16152450090744103,
      "op_leverage_ratio": 0.29010686422343146,
      "fcf_margin_change": 0.010996735877610825
    },
    {
      "date": "2021-12-31T00:00:00",
      "quarter_label": "2021-12 (Q4)",
      "revenue": 2022000000,
      "gross_profit": 619000000,
      "operating_income": 218000000,
      "net_income": 132000000,
      "opex": 401000000,
      "cogs": 1403000000,
      "rd": null,
      "sga": 356000000,
      "fcf": 335000000,
      "ocf": 335000000,
      "capex": null,
      "gross_margin": 0.30613254203758655,
      "op_margin": 0.10781404549950543,
      "fcf_margin": 0.16567754698318496,
      "incr_op_margin_yoy": -0.5493827160493827,
      "rev_growth_yoy": 0.08709677419354839,
      "fcf_margin_change": 0.0041530460757439325
    },
    {
      "date": "2022-03-31T00:00:00",
      "quarter_label": "2022-03 (Q1)",
      "revenue": 2201000000,
      "gross_profit": 704000000,
      "operating_income": 353000000,
      "net_income": 233000000,
      "opex": 351000000,
      "cogs": 1497000000,
      "rd": null,
      "sga": 351000000,
      "fcf": -227000000,
      "ocf": -227000000,
      "capex": null,
      "gross_margin": 0.319854611540209,
      "op_margin": 0.16038164470695138,
      "fcf_margin": -0.10313493866424353,
      "incr_op_margin_yoy": -0.05194805194805195,
      "rev_growth_yoy": 0.11725888324873096,
      "rev_growth_yoy_accel": 0.030162109055182573,
      "op_leverage_ratio": Infinity,
      "fcf_margin_change": -0.2688124856474285
    },
    {
      "date": "2022-06-30T00:00:00",
      "quarter_label": "2022-06 (Q2)",
      "revenue": 2352000000,
      "gross_profit": 769000000,
      "operating_income": 408000000,
      "net_income": 278000000,
      "opex": 361000000,
      "cogs": 1583000000,
      "rd": null,
      "sga": 361000000,
      "fcf": 401000000,
      "ocf": 401000000,
      "capex": null,
      "gross_margin": 0.32695578231292516,
      "op_margin": 0.17346938775510204,
      "fcf_margin": 0.17049319727891157,
      "incr_op_margin_yoy": -0.1676300578034682,
      "rev_growth_yoy": 0.07939421753097751,
      "rev_growth_yoy_accel": -0.037864665717753446,
      "op_leverage_ratio": 2.4080417991821896,
      "fcf_margin_change": 0.2736281359431551
    },
    {
      "date": "2022-09-30T00:00:00",
      "quarter_label": "2022-09 (Q3)",
      "revenue": 2204000000,
      "gross_profit": 695000000,
      "operating_income": 351000000,
      "net_income": 218000000,
      "opex": 344000000,
      "cogs": 1509000000,
      "rd": null,
      "sga": 344000000,
      "fcf": 346000000,
      "ocf": 346000000,
      "capex": null,
      "gross_margin": 0.31533575317604357,
      "op_margin": 0.15925589836660617,
      "fcf_margin": 0.1569872958257713,
      "rev_growth_yoy": 0.0,
      "rev_growth_yoy_accel": -0.07939421753097751,
      "fcf_margin_change": -0.013505901453140262
    },
    {
      "date": "2022-12-31T00:00:00",
      "quarter_label": "2022-12 (Q4)",
      "revenue": 1923000000,
      "gross_profit": 545000000,
      "operating_income": 185000000,
      "net_income": 115000000,
      "opex": 360000000,
      "cogs": 1378000000,
      "rd": null,
      "sga": 334000000,
      "fcf": 320000000,
      "ocf": 320000000,
      "capex": null,
      "gross_margin": 0.2834113364534581,
      "op_margin": 0.09620384815392616,
      "fcf_margin": 0.16640665626625065,
      "incr_op_margin_yoy": 0.3333333333333333,
      "rev_growth_yoy": -0.04896142433234421,
      "rev_growth_yoy_accel": -0.04896142433234421,
      "fcf_margin_change": 0.009419360440479335
    },
    {
      "date": "2023-03-31T00:00:00",
      "quarter_label": "2023-03 (Q1)",
      "revenue": 1979000000,
      "gross_profit": 669000000,
      "operating_income": 315000000,
      "net_income": 205000000,
      "opex": 354000000,
      "cogs": 1310000000,
      "rd": null,
      "sga": 354000000,
      "fcf": 33000000,
      "ocf": 33000000,
      "capex": null,
      "gross_margin": 0.33804951995957555,
      "op_margin": 0.15917129863567459,
      "fcf_margin": 0.01667508842849924,
      "incr_op_margin_yoy": 0.17117117117117117,
      "rev_growth_yoy": -0.10086324398000909,
      "rev_growth_yoy_accel": -0.05190181964766488,
      "op_leverage_ratio": Infinity,
      "fcf_margin_change": -0.1497315678377514
    },
    {
      "date": "2023-06-30T00:00:00",
      "quarter_label": "2023-06 (Q2)",
      "revenue": 2127000000,
      "gross_profit": 769000000,
      "operating_income": 403000000,
      "net_income": 263000000,
      "opex": 366000000,
      "cogs": 1358000000,
      "rd": null,
      "sga": 366000000,
      "fcf": 415000000,
      "ocf": 415000000,
      "capex": null,
      "gross_margin": 0.3615420780441937,
      "op_margin": 0.18946873530794547,
      "fcf_margin": 0.19511048425011754,
      "incr_op_margin_yoy": 0.022222222222222223,
      "rev_growth_yoy": -0.09566326530612244,
      "rev_growth_yoy_accel": 0.005199978673886649,
      "op_leverage_ratio": 2.206164729661445,
      "fcf_margin_change": 0.1784353958216183
    },
    {
      "date": "2023-09-30T00:00:00",
      "quarter_label": "2023-09 (Q3)",
      "revenue": 1979000000,
      "gross_profit": 744000000,
      "operating_income": 383000000,
      "net_income": 249000000,
      "opex": 361000000,
      "cogs": 1235000000,
      "rd": null,
      "sga": 361000000,
      "fcf": 480000000,
      "ocf": 480000000,
      "capex": null,
      "gross_margin": 0.3759474482061647,
      "op_margin": 0.1935320869125821,
      "fcf_margin": 0.2425467407781708,
      "incr_op_margin_yoy": -0.14222222222222222,
      "rev_growth_yoy": -0.10208711433756806,
      "rev_growth_yoy_accel": -0.006423849031445619,
      "fcf_margin_change": 0.04743625652805325
    },
    {
      "date": "2023-12-31T00:00:00",
      "quarter_label": "2023-12 (Q4)",
      "revenue": 1882000000,
      "gross_profit": 654000000,
      "operating_income": 247000000,
      "net_income": 191000000,
      "opex": 407000000,
      "cogs": 1228000000,
      "rd": null,
      "sga": 392000000,
      "fcf": 485000000,
      "ocf": 485000000,
      "capex": null,
      "gross_margin": 0.3475026567481403,
      "op_margin": 0.1312433581296493,
      "fcf_margin": 0.25770456960680127,
      "incr_op_margin_yoy": -1.5121951219512195,
      "rev_growth_yoy": -0.021320852834113363,
      "rev_growth_yoy_accel": 0.0807662615034547,
      "fcf_margin_change": 0.015157828828630482
    },
    {
      "date": "2024-03-31T00:00:00",
      "quarter_label": "2024-03 (Q1)",
      "revenue": 1926000000,
      "gross_profit": 685000000,
      "operating_income": 318000000,
      "net_income": 215000000,
      "opex": 367000000,
      "cogs": 1241000000,
      "rd": null,
      "sga": 367000000,
      "fcf": -94000000,
      "ocf": -94000000,
      "capex": null,
      "gross_margin": 0.3556593977154725,
      "op_margin": 0.16510903426791276,
      "fcf_margin": -0.04880581516095535,
      "incr_op_margin_yoy": -0.05660377358490566,
      "rev_growth_yoy": -0.026781202627589692,
      "rev_growth_yoy_accel": -0.0054603497934763295,
      "op_leverage_ratio": Infinity,
      "fcf_margin_change": -0.3065103847677566
    },
    {
      "date": "2024-06-30T00:00:00",
      "quarter_label": "2024-06 (Q2)",
      "revenue": 2091000000,
      "gross_profit": 785000000,
      "operating_income": 397000000,
      "net_income": 258000000,
      "opex": 388000000,
      "cogs": 1306000000,
      "rd": null,
      "sga": 388000000,
      "fcf": 346000000,
      "ocf": 346000000,
      "capex": null,
      "gross_margin": 0.3754184600669536,
      "op_margin": 0.18986131037780965,
      "fcf_margin": 0.16547106647537063,
      "incr_op_margin_yoy": 0.16666666666666666,
      "rev_growth_yoy": -0.01692524682651622,
      "rev_growth_yoy_accel": 0.009855955801073471,
      "op_leverage_ratio": 1.497181427087969,
      "fcf_margin_change": 0.21427688163632597
    },
    {
      "date": "2024-09-30T00:00:00",
      "quarter_label": "2024-09 (Q3)",
      "revenue": 1983000000,
      "gross_profit": 725000000,
      "operating_income": 357000000,
      "net_income": 167000000,
      "opex": 368000000,
      "cogs": 1258000000,
      "rd": null,
      "sga": 368000000,
      "fcf": 416000000,
      "ocf": 416000000,
      "capex": null,
      "gross_margin": 0.3656076651538074,
      "op_margin": 0.1800302571860817,
      "fcf_margin": 0.20978315683308119,
      "incr_op_margin_yoy": -6.5,
      "rev_growth_yoy": 0.00202122283981809,
      "rev_growth_yoy_accel": 0.01894646966633431,
      "fcf_margin_change": 0.044312090357710554
    },
    {
      "date": "2024-12-31T00:00:00",
      "quarter_label": "2024-12 (Q4)",
      "revenue": 1828000000,
      "gross_profit": 636000000,
      "operating_income": 290000000,
      "net_income": 182000000,
      "opex": 346000000,
      "cogs": 1192000000,
      "rd": null,
      "sga": 345000000,
      "fcf": 407000000,
      "ocf": 407000000,
      "capex": null,
      "gross_margin": 0.3479212253829322,
      "op_margin": 0.1586433260393873,
      "fcf_margin": 0.22264770240700218,
      "incr_op_margin_yoy": -0.7962962962962963,
      "rev_growth_yoy": -0.028692879914984058,
      "rev_growth_yoy_accel": -0.030714102754802148,
      "fcf_margin_change": 0.012864545573920999
    },
    {
      "date": "2025-03-31T00:00:00",
      "quarter_label": "2025-03 (Q1)",
      "revenue": 1801000000,
      "gross_profit": 644000000,
      "operating_income": 286000000,
      "net_income": 186000000,
      "opex": 358000000,
      "cogs": 1157000000,
      "rd": null,
      "sga": 358000000,
      "fcf": -158000000,
      "ocf": -158000000,
      "capex": null,
      "gross_margin": 0.3575791227096058,
      "op_margin": 0.15880066629650194,
      "fcf_margin": -0.08772903942254304,
      "incr_op_margin_yoy": 0.256,
      "rev_growth_yoy": -0.06490134994807892,
      "rev_growth_yoy_accel": -0.03620847003309486,
      "fcf_margin_change": -0.3103767418295452
    },
    {
      "date": "2025-06-30T00:00:00",
      "quarter_label": "2025-06 (Q2)",
      "revenue": 2051000000,
      "gross_profit": 772000000,
      "operating_income": 412000000,
      "net_income": 270000000,
      "opex": 360000000,
      "cogs": 1278000000,
      "rd": null,
      "sga": 361000000,
      "fcf": 306000000,
      "ocf": 306000000,
      "capex": null,
      "gross_margin": 0.37640175524134567,
      "op_margin": 0.2008776206728425,
      "fcf_margin": 0.1491955143832277,
      "incr_op_margin_yoy": -0.375,
      "rev_growth_yoy": -0.01912960306073649,
      "rev_growth_yoy_accel": 0.045771746887342424,
      "op_leverage_ratio": 24.847307051637976,
      "fcf_margin_change": 0.23692455380577074
    },
    {
      "date": "2025-09-30T00:00:00",
      "quarter_label": "2025-09 (Q3)",
      "revenue": 1917000000,
      "gross_profit": 656000000,
      "operating_income": 303000000,
      "net_income": 189000000,
      "opex": 353000000,
      "cogs": 1261000000,
      "rd": null,
      "sga": 353000000,
      "fcf": 456000000,
      "ocf": 456000000,
      "capex": null,
      "gross_margin": 0.34220135628586335,
      "op_margin": 0.15805946791862285,
      "fcf_margin": 0.2378716744913928,
      "incr_op_margin_yoy": 0.8181818181818182,
      "rev_growth_yoy": -0.03328290468986384,
      "rev_growth_yoy_accel": -0.014153301629127351,
      "fcf_margin_change": 0.08867616010816509
    }
  ],
  "signals": [
    {
      "quarter": "2025-09 (Q3)",
      "signal": "FCF MARGIN EXPANSION",
      "detail": "FCF margin: +14.9% -> +23.8% (+8.9%)",
      "severity": "MEDIUM"
    },
    {
      "quarter": "2025-09 (Q3)",
      "signal": "INCREMENTAL MARGIN (YoY)",
      "detail": "YoY Incr OPM: +81.8% vs year-ago OPM: +18.0%",
      "severity": "HIGH"
    },
    {
      "quarter": "2025-06 (Q2)",
      "signal": "FCF TURNED POSITIVE",
      "detail": "FCF margin: -8.8% -> +14.9%",
      "severity": "HIGH"
    },
    {
      "quarter": "2025-06 (Q2)",
      "signal": "OPERATING LEVERAGE",
      "detail": "Rev growth +13.9% vs OpEx growth +0.6% (leverage: 24.8x)",
      "severity": "MEDIUM"
    },
    {
      "quarter": "2024-06 (Q2)",
      "signal": "FCF TURNED POSITIVE",
      "detail": "FCF margin: -4.9% -> +16.5%",
      "severity": "HIGH"
    },
    {
      "quarter": "2023-12 (Q4)",
      "signal": "YoY REVENUE GROWTH ACCELERATION",
      "detail": "YoY growth: -2.1% vs prior quarter YoY: -10.2% (accel: +8.1%)",
      "severity": "MEDIUM"
    },
    {
      "quarter": "2023-06 (Q2)",
      "signal": "FCF MARGIN EXPANSION",
      "detail": "FCF margin: +1.7% -> +19.5% (+17.8%)",
      "severity": "MEDIUM"
    },
    {
      "quarter": "2023-06 (Q2)",
      "signal": "OPERATING LEVERAGE",
      "detail": "Rev growth +7.5% vs OpEx growth +3.4% (leverage: 2.2x)",
      "severity": "MEDIUM"
    },
    {
      "quarter": "2023-03 (Q1)",
      "signal": "GROSS MARGIN INFLECTION",
      "detail": "GM: +31.5% -> +28.3% -> +33.8% (reversal +5.5%)",
      "severity": "HIGH"
    },
    {
      "quarter": "2023-03 (Q1)",
      "signal": "YoY REVENUE GROWTH DECELERATION",
      "detail": "YoY growth: -10.1% vs prior quarter YoY: -4.9% (decel: -5.2%)",
      "severity": "WARNING"
    },
    {
      "quarter": "2022-12 (Q4)",
      "signal": "INCREMENTAL MARGIN (YoY)",
      "detail": "YoY Incr OPM: +33.3% vs year-ago OPM: +10.8%",
      "severity": "HIGH"
    },
    {
      "quarter": "2022-09 (Q3)",
      "signal": "YoY REVENUE GROWTH DECELERATION",
      "detail": "YoY growth: +0.0% vs prior quarter YoY: +7.9% (decel: -7.9%)",
      "severity": "WARNING"
    },
    {
      "quarter": "2022-06 (Q2)",
      "signal": "FCF TURNED POSITIVE",
      "detail": "FCF margin: -10.3% -> +17.0%",
      "severity": "HIGH"
    },
    {
      "quarter": "2022-06 (Q2)",
      "signal": "OPERATING LEVERAGE",
      "detail": "Rev growth +6.9% vs OpEx growth +2.8% (leverage: 2.4x)",
      "severity": "MEDIUM"
    },
    {
      "quarter": "2021-06 (Q2)",
      "signal": "FCF TURNED POSITIVE",
      "detail": "FCF margin: -4.5% -> +15.1%",
      "severity": "HIGH"
    },
    {
      "quarter": "2021-06 (Q2)",
      "signal": "OPERATING LEVERAGE",
      "detail": "Rev growth +10.6% vs OpEx growth +5.7% (leverage: 1.9x)",
      "severity": "MEDIUM"
    }
  ],
  "data_quality": {
    "n_quarters": 20,
    "coverage": {
      "revenue": [
        20,
        20
      ],
      "gross_profit": [
        20,
        20
      ],
      "op_income": [
        20,
        20
      ],
      "fcf": [
        20,
        20
      ]
    },
    "gaps": [],
    "warnings": []
  },
  "market_cap": null,
  "source": "SEC EDGAR",
  "last_updated": "2026-02-02T20:28:19.570820"
}