{
  "ticker": "MATX",
  "name": "Matson, Inc.",
  "quarters": [
    {
      "date": "2020-12-31T00:00:00",
      "quarter_label": "2020-12 (Q4)",
      "revenue": 700100000,
      "gross_profit": null,
      "operating_income": 117700000,
      "net_income": 85600000,
      "opex": 582400000,
      "cogs": null,
      "rd": null,
      "sga": 59400000,
      "fcf": 159000000,
      "ocf": 159000000,
      "capex": null,
      "gross_margin": null,
      "op_margin": 0.16811884016569062,
      "fcf_margin": 0.22711041279817168
    },
    {
      "date": "2021-03-31T00:00:00",
      "quarter_label": "2021-03 (Q1)",
      "revenue": 711800000,
      "gross_profit": null,
      "operating_income": 120200000,
      "net_income": 87200000,
      "opex": 591600000,
      "cogs": null,
      "rd": null,
      "sga": 56100000,
      "fcf": 122900000,
      "ocf": 122900000,
      "capex": null,
      "gross_margin": null,
      "op_margin": 0.16886765945490306,
      "fcf_margin": 0.17266085979207643,
      "op_leverage_ratio": 1.057935822832763,
      "fcf_margin_change": -0.05444955300609525
    },
    {
      "date": "2021-06-30T00:00:00",
      "quarter_label": "2021-06 (Q2)",
      "revenue": 874900000,
      "gross_profit": null,
      "operating_income": 213900000,
      "net_income": 162500000,
      "opex": 661000000,
      "cogs": null,
      "rd": null,
      "sga": 58200000,
      "fcf": 115900000,
      "ocf": 115900000,
      "capex": null,
      "gross_margin": null,
      "op_margin": 0.2444850840096011,
      "fcf_margin": 0.13247228254657675,
      "op_leverage_ratio": 1.9532807599842263,
      "fcf_margin_change": -0.04018857724549968
    },
    {
      "date": "2021-09-30T00:00:00",
      "quarter_label": "2021-09 (Q3)",
      "revenue": 1071600000,
      "gross_profit": null,
      "operating_income": 377900000,
      "net_income": 283200000,
      "opex": 693700000,
      "cogs": null,
      "rd": null,
      "sga": 57400000,
      "fcf": 344500000,
      "ocf": 344500000,
      "capex": null,
      "gross_margin": null,
      "op_margin": 0.3526502426278462,
      "fcf_margin": 0.32148189622993656,
      "op_leverage_ratio": 4.544641711783226,
      "fcf_margin_change": 0.1890096136833598
    },
    {
      "date": "2021-12-31T00:00:00",
      "quarter_label": "2021-12 (Q4)",
      "revenue": 1267000000,
      "gross_profit": null,
      "operating_income": 475500000,
      "net_income": 394500000,
      "opex": 791500000,
      "cogs": null,
      "rd": null,
      "sga": 64800000,
      "fcf": 400800000,
      "ocf": 400800000,
      "capex": null,
      "gross_margin": null,
      "op_margin": 0.3752959747434886,
      "fcf_margin": 0.31633780584056825,
      "incr_op_margin_yoy": 0.6311518786382078,
      "rev_growth_yoy": 0.8097414655049279,
      "op_leverage_ratio": 1.2933756911095997,
      "fcf_margin_change": -0.005144090389368305
    },
    {
      "date": "2022-03-31T00:00:00",
      "quarter_label": "2022-03 (Q1)",
      "revenue": 1165500000,
      "gross_profit": null,
      "operating_income": 432600000,
      "net_income": 339200000,
      "opex": 732900000,
      "cogs": null,
      "rd": null,
      "sga": 63200000,
      "fcf": 273900000,
      "ocf": 273900000,
      "capex": null,
      "gross_margin": null,
      "op_margin": 0.37117117117117115,
      "fcf_margin": 0.235006435006435,
      "incr_op_margin_yoy": 0.6885607229446771,
      "rev_growth_yoy": 0.6373981455465019,
      "rev_growth_yoy_accel": -0.172343319958426,
      "fcf_margin_change": -0.08133137083413325
    },
    {
      "date": "2022-06-30T00:00:00",
      "quarter_label": "2022-06 (Q2)",
      "revenue": 1261100000,
      "gross_profit": null,
      "operating_income": 493100000,
      "net_income": 380700000,
      "opex": 768000000,
      "cogs": null,
      "rd": null,
      "sga": 64300000,
      "fcf": 417200000,
      "ocf": 417200000,
      "capex": null,
      "gross_margin": null,
      "op_margin": 0.39100785028942986,
      "fcf_margin": 0.3308222979938149,
      "incr_op_margin_yoy": 0.7229414810978767,
      "rev_growth_yoy": 0.4414218767859184,
      "rev_growth_yoy_accel": -0.1959762687605835,
      "op_leverage_ratio": 1.712707579374246,
      "fcf_margin_change": 0.0958158629873799
    },
    {
      "date": "2022-09-30T00:00:00",
      "quarter_label": "2022-09 (Q3)",
      "revenue": 1114800000,
      "gross_profit": null,
      "operating_income": 335300000,
      "net_income": 266000000,
      "opex": 779500000,
      "cogs": null,
      "rd": null,
      "sga": 64500000,
      "fcf": 411400000,
      "ocf": 411400000,
      "capex": null,
      "gross_margin": null,
      "op_margin": 0.3007714388231073,
      "fcf_margin": 0.36903480444922854,
      "incr_op_margin_yoy": -0.9861111111111112,
      "rev_growth_yoy": 0.040313549832026875,
      "rev_growth_yoy_accel": -0.4011083269538915,
      "fcf_margin_change": 0.03821250645541363
    },
    {
      "date": "2022-12-31T00:00:00",
      "quarter_label": "2022-12 (Q4)",
      "revenue": 801600000,
      "gross_profit": null,
      "operating_income": 92600000,
      "net_income": 78000000,
      "opex": 531100000,
      "cogs": null,
      "rd": null,
      "sga": 69000000,
      "fcf": 169400000,
      "ocf": 169400000,
      "capex": null,
      "gross_margin": null,
      "op_margin": 0.1155189620758483,
      "fcf_margin": 0.21132734530938124,
      "incr_op_margin_yoy": 0.8227331327889987,
      "rev_growth_yoy": -0.36732438831886344,
      "rev_growth_yoy_accel": -0.40763793815089033,
      "fcf_margin_change": -0.1577074591398473
    },
    {
      "date": "2023-03-31T00:00:00",
      "quarter_label": "2023-03 (Q1)",
      "revenue": 704800000,
      "gross_profit": null,
      "operating_income": 38700000,
      "net_income": 34000000,
      "opex": 666100000,
      "cogs": null,
      "rd": null,
      "sga": 66800000,
      "fcf": 96700000,
      "ocf": 96700000,
      "capex": null,
      "gross_margin": null,
      "op_margin": 0.05490919409761635,
      "fcf_margin": 0.13720204313280362,
      "incr_op_margin_yoy": 0.8550032559149121,
      "rev_growth_yoy": -0.3952809952809953,
      "rev_growth_yoy_accel": -0.02795660696213187,
      "fcf_margin_change": -0.07412530217657762
    },
    {
      "date": "2023-06-30T00:00:00",
      "quarter_label": "2023-06 (Q2)",
      "revenue": 773400000,
      "gross_profit": null,
      "operating_income": 96700000,
      "net_income": 80800000,
      "opex": 676700000,
      "cogs": null,
      "rd": null,
      "sga": 70600000,
      "fcf": 149800000,
      "ocf": 149800000,
      "capex": null,
      "gross_margin": null,
      "op_margin": 0.12503232479958623,
      "fcf_margin": 0.19369019912076546,
      "incr_op_margin_yoy": 0.8127947508714374,
      "rev_growth_yoy": -0.3867258742367774,
      "rev_growth_yoy_accel": 0.008555121044217906,
      "op_leverage_ratio": 6.116342385368257,
      "fcf_margin_change": 0.056488155987961836
    },
    {
      "date": "2023-09-30T00:00:00",
      "quarter_label": "2023-09 (Q3)",
      "revenue": 827500000,
      "gross_profit": null,
      "operating_income": 132100000,
      "net_income": 119900000,
      "opex": 695400000,
      "cogs": null,
      "rd": null,
      "sga": 72600000,
      "fcf": 152600000,
      "ocf": 152600000,
      "capex": null,
      "gross_margin": null,
      "op_margin": 0.15963746223564954,
      "fcf_margin": 0.1844108761329305,
      "incr_op_margin_yoy": 0.707274625826662,
      "rev_growth_yoy": -0.25771438823107284,
      "rev_growth_yoy_accel": 0.12901148600570456,
      "op_leverage_ratio": 2.531323595098523,
      "fcf_margin_change": -0.00927932298783496
    },
    {
      "date": "2023-12-31T00:00:00",
      "quarter_label": "2023-12 (Q4)",
      "revenue": 788900000,
      "gross_profit": null,
      "operating_income": 75300000,
      "net_income": 62400000,
      "opex": 432500000,
      "cogs": null,
      "rd": null,
      "sga": 73300000,
      "fcf": 111400000,
      "ocf": 111400000,
      "capex": null,
      "gross_margin": null,
      "op_margin": 0.09544935986817087,
      "fcf_margin": 0.14120927874255293,
      "incr_op_margin_yoy": 1.3622047244094488,
      "rev_growth_yoy": -0.015843313373253492,
      "rev_growth_yoy_accel": 0.24187107485781936,
      "fcf_margin_change": -0.04320159739037757
    },
    {
      "date": "2024-03-31T00:00:00",
      "quarter_label": "2024-03 (Q1)",
      "revenue": 722100000,
      "gross_profit": null,
      "operating_income": 36900000,
      "net_income": 36100000,
      "opex": 612200000,
      "cogs": null,
      "rd": null,
      "sga": 73400000,
      "fcf": 36600000,
      "ocf": 36600000,
      "capex": null,
      "gross_margin": null,
      "op_margin": 0.051100955546323226,
      "fcf_margin": 0.05068550062318238,
      "incr_op_margin_yoy": -0.10404624277456648,
      "rev_growth_yoy": 0.024545970488081725,
      "rev_growth_yoy_accel": 0.040389283861335216,
      "fcf_margin_change": -0.09052377811937054
    },
    {
      "date": "2024-06-30T00:00:00",
      "quarter_label": "2024-06 (Q2)",
      "revenue": 847400000,
      "gross_profit": null,
      "operating_income": 124600000,
      "net_income": 113200000,
      "opex": 646900000,
      "cogs": null,
      "rd": null,
      "sga": 77100000,
      "fcf": 307900000,
      "ocf": 307900000,
      "capex": null,
      "gross_margin": null,
      "op_margin": 0.1470379985839037,
      "fcf_margin": 0.3633467075761152,
      "incr_op_margin_yoy": 0.377027027027027,
      "rev_growth_yoy": 0.09568140677527799,
      "rev_growth_yoy_accel": 0.07113543628719626,
      "op_leverage_ratio": 3.0613823673906597,
      "fcf_margin_change": 0.3126612069529328
    },
    {
      "date": "2024-09-30T00:00:00",
      "quarter_label": "2024-09 (Q3)",
      "revenue": 962000000,
      "gross_profit": null,
      "operating_income": 242300000,
      "net_income": 199100000,
      "opex": -654300000,
      "cogs": null,
      "rd": null,
      "sga": 72300000,
      "fcf": 248600000,
      "ocf": 248600000,
      "capex": null,
      "gross_margin": null,
      "op_margin": 0.25187110187110184,
      "fcf_margin": 0.2584199584199584,
      "incr_op_margin_yoy": 0.8193308550185874,
      "rev_growth_yoy": 0.16253776435045317,
      "rev_growth_yoy_accel": 0.06685635757517518,
      "op_leverage_ratio": Infinity,
      "fcf_margin_change": -0.1049267491561568
    },
    {
      "date": "2024-12-31T00:00:00",
      "quarter_label": "2024-12 (Q4)",
      "revenue": 890300000,
      "gross_profit": null,
      "operating_income": 147500000,
      "net_income": 128000000,
      "opex": 4479300000,
      "cogs": null,
      "rd": null,
      "sga": null,
      "fcf": 174700000,
      "ocf": 174700000,
      "capex": null,
      "gross_margin": null,
      "op_margin": 0.16567449174435583,
      "fcf_margin": 0.19622599123890824,
      "incr_op_margin_yoy": 0.7120315581854043,
      "rev_growth_yoy": 0.12853340093801496,
      "rev_growth_yoy_accel": -0.034004363412438204,
      "fcf_margin_change": -0.062193967181050164
    },
    {
      "date": "2025-03-31T00:00:00",
      "quarter_label": "2025-03 (Q1)",
      "revenue": 782000000,
      "gross_profit": null,
      "operating_income": 82100000,
      "net_income": 72300000,
      "opex": 631100000,
      "cogs": null,
      "rd": null,
      "sga": null,
      "fcf": 89000000,
      "ocf": 89000000,
      "capex": null,
      "gross_margin": null,
      "op_margin": 0.10498721227621484,
      "fcf_margin": 0.11381074168797954,
      "incr_op_margin_yoy": 0.7545909849749582,
      "rev_growth_yoy": 0.08295249965378756,
      "rev_growth_yoy_accel": -0.0455809012842274,
      "fcf_margin_change": -0.0824152495509287
    },
    {
      "date": "2025-06-30T00:00:00",
      "quarter_label": "2025-06 (Q2)",
      "revenue": 830500000,
      "gross_profit": null,
      "operating_income": 113000000,
      "net_income": 94700000,
      "opex": 650400000,
      "cogs": null,
      "rd": null,
      "sga": null,
      "fcf": 105600000,
      "ocf": 105600000,
      "capex": null,
      "gross_margin": null,
      "op_margin": 0.13606261288380495,
      "fcf_margin": 0.1271523178807947,
      "incr_op_margin_yoy": 0.6863905325443787,
      "rev_growth_yoy": -0.01994335614821808,
      "rev_growth_yoy_accel": -0.10289585580200564,
      "op_leverage_ratio": 2.0280369187548866,
      "fcf_margin_change": 0.01334157619281516
    },
    {
      "date": "2025-09-30T00:00:00",
      "quarter_label": "2025-09 (Q3)",
      "revenue": 880100000,
      "gross_profit": null,
      "operating_income": 161000000,
      "net_income": 134700000,
      "opex": -661100000,
      "cogs": null,
      "rd": null,
      "sga": null,
      "fcf": 175600000,
      "ocf": 175600000,
      "capex": null,
      "gross_margin": null,
      "op_margin": 0.1829337575275537,
      "fcf_margin": 0.19952278150210204,
      "incr_op_margin_yoy": 0.9926739926739927,
      "rev_growth_yoy": -0.08513513513513514,
      "rev_growth_yoy_accel": -0.06519177898691705,
      "op_leverage_ratio": Infinity,
      "fcf_margin_change": 0.07237046362130733
    }
  ],
  "signals": [
    {
      "quarter": "2025-09 (Q3)",
      "signal": "FCF MARGIN EXPANSION",
      "detail": "FCF margin: +12.7% -> +20.0% (+7.2%)",
      "severity": "MEDIUM"
    },
    {
      "quarter": "2025-09 (Q3)",
      "signal": "YoY REVENUE GROWTH DECELERATION",
      "detail": "YoY growth: -8.5% vs prior quarter YoY: -2.0% (decel: -6.5%)",
      "severity": "WARNING"
    },
    {
      "quarter": "2025-09 (Q3)",
      "signal": "INCREMENTAL MARGIN (YoY)",
      "detail": "YoY Incr OPM: +99.3% vs year-ago OPM: +25.2%",
      "severity": "HIGH"
    },
    {
      "quarter": "2025-06 (Q2)",
      "signal": "OPERATING LEVERAGE",
      "detail": "Rev growth +6.2% vs OpEx growth +3.1% (leverage: 2.0x)",
      "severity": "MEDIUM"
    },
    {
      "quarter": "2025-06 (Q2)",
      "signal": "YoY REVENUE GROWTH DECELERATION",
      "detail": "YoY growth: -2.0% vs prior quarter YoY: +8.3% (decel: -10.3%)",
      "severity": "WARNING"
    },
    {
      "quarter": "2025-06 (Q2)",
      "signal": "INCREMENTAL MARGIN (YoY)",
      "detail": "YoY Incr OPM: +68.6% vs year-ago OPM: +14.7%",
      "severity": "HIGH"
    },
    {
      "quarter": "2025-03 (Q1)",
      "signal": "INCREMENTAL MARGIN (YoY)",
      "detail": "YoY Incr OPM: +75.5% vs year-ago OPM: +5.1%",
      "severity": "HIGH"
    },
    {
      "quarter": "2024-12 (Q4)",
      "signal": "INCREMENTAL MARGIN (YoY)",
      "detail": "YoY Incr OPM: +71.2% vs year-ago OPM: +9.5%",
      "severity": "HIGH"
    },
    {
      "quarter": "2024-09 (Q3)",
      "signal": "YoY REVENUE GROWTH ACCELERATION",
      "detail": "YoY growth: +16.3% vs prior quarter YoY: +9.6% (accel: +6.7%)",
      "severity": "MEDIUM"
    },
    {
      "quarter": "2024-09 (Q3)",
      "signal": "INCREMENTAL MARGIN (YoY)",
      "detail": "YoY Incr OPM: +81.9% vs year-ago OPM: +16.0%",
      "severity": "HIGH"
    },
    {
      "quarter": "2024-06 (Q2)",
      "signal": "FCF MARGIN EXPANSION",
      "detail": "FCF margin: +5.1% -> +36.3% (+31.3%)",
      "severity": "MEDIUM"
    },
    {
      "quarter": "2024-06 (Q2)",
      "signal": "OPERATING LEVERAGE",
      "detail": "Rev growth +17.4% vs OpEx growth +5.7% (leverage: 3.1x)",
      "severity": "MEDIUM"
    },
    {
      "quarter": "2024-06 (Q2)",
      "signal": "YoY REVENUE GROWTH ACCELERATION",
      "detail": "YoY growth: +9.6% vs prior quarter YoY: +2.5% (accel: +7.1%)",
      "severity": "MEDIUM"
    },
    {
      "quarter": "2024-06 (Q2)",
      "signal": "INCREMENTAL MARGIN (YoY)",
      "detail": "YoY Incr OPM: +37.7% vs year-ago OPM: +12.5%",
      "severity": "HIGH"
    },
    {
      "quarter": "2023-12 (Q4)",
      "signal": "YoY REVENUE GROWTH ACCELERATION",
      "detail": "YoY growth: -1.6% vs prior quarter YoY: -25.8% (accel: +24.2%)",
      "severity": "HIGH"
    },
    {
      "quarter": "2023-12 (Q4)",
      "signal": "INCREMENTAL MARGIN (YoY)",
      "detail": "YoY Incr OPM: +136.2% vs year-ago OPM: +11.6%",
      "severity": "HIGH"
    },
    {
      "quarter": "2023-09 (Q3)",
      "signal": "OPERATING LEVERAGE",
      "detail": "Rev growth +7.0% vs OpEx growth +2.8% (leverage: 2.5x)",
      "severity": "MEDIUM"
    },
    {
      "quarter": "2023-09 (Q3)",
      "signal": "YoY REVENUE GROWTH ACCELERATION",
      "detail": "YoY growth: -25.8% vs prior quarter YoY: -38.7% (accel: +12.9%)",
      "severity": "MEDIUM"
    },
    {
      "quarter": "2023-09 (Q3)",
      "signal": "INCREMENTAL MARGIN (YoY)",
      "detail": "YoY Incr OPM: +70.7% vs year-ago OPM: +30.1%",
      "severity": "HIGH"
    },
    {
      "quarter": "2023-06 (Q2)",
      "signal": "FCF MARGIN EXPANSION",
      "detail": "FCF margin: +13.7% -> +19.4% (+5.6%)",
      "severity": "MEDIUM"
    },
    {
      "quarter": "2023-06 (Q2)",
      "signal": "OPERATING LEVERAGE",
      "detail": "Rev growth +9.7% vs OpEx growth +1.6% (leverage: 6.1x)",
      "severity": "MEDIUM"
    },
    {
      "quarter": "2023-06 (Q2)",
      "signal": "INCREMENTAL MARGIN (YoY)",
      "detail": "YoY Incr OPM: +81.3% vs year-ago OPM: +39.1%",
      "severity": "HIGH"
    },
    {
      "quarter": "2023-03 (Q1)",
      "signal": "INCREMENTAL MARGIN (YoY)",
      "detail": "YoY Incr OPM: +85.5% vs year-ago OPM: +37.1%",
      "severity": "HIGH"
    },
    {
      "quarter": "2022-12 (Q4)",
      "signal": "YoY REVENUE GROWTH DECELERATION",
      "detail": "YoY growth: -36.7% vs prior quarter YoY: +4.0% (decel: -40.8%)",
      "severity": "WARNING"
    },
    {
      "quarter": "2022-12 (Q4)",
      "signal": "INCREMENTAL MARGIN (YoY)",
      "detail": "YoY Incr OPM: +82.3% vs year-ago OPM: +37.5%",
      "severity": "HIGH"
    },
    {
      "quarter": "2022-09 (Q3)",
      "signal": "YoY REVENUE GROWTH DECELERATION",
      "detail": "YoY growth: +4.0% vs prior quarter YoY: +44.1% (decel: -40.1%)",
      "severity": "WARNING"
    },
    {
      "quarter": "2022-06 (Q2)",
      "signal": "FCF MARGIN EXPANSION",
      "detail": "FCF margin: +23.5% -> +33.1% (+9.6%)",
      "severity": "MEDIUM"
    },
    {
      "quarter": "2022-06 (Q2)",
      "signal": "OPERATING LEVERAGE",
      "detail": "Rev growth +8.2% vs OpEx growth +4.8% (leverage: 1.7x)",
      "severity": "MEDIUM"
    },
    {
      "quarter": "2022-06 (Q2)",
      "signal": "YoY REVENUE GROWTH DECELERATION",
      "detail": "YoY growth: +44.1% vs prior quarter YoY: +63.7% (decel: -19.6%)",
      "severity": "WARNING"
    },
    {
      "quarter": "2022-06 (Q2)",
      "signal": "INCREMENTAL MARGIN (YoY)",
      "detail": "YoY Incr OPM: +72.3% vs year-ago OPM: +24.4%",
      "severity": "HIGH"
    },
    {
      "quarter": "2022-03 (Q1)",
      "signal": "YoY REVENUE GROWTH DECELERATION",
      "detail": "YoY growth: +63.7% vs prior quarter YoY: +81.0% (decel: -17.2%)",
      "severity": "WARNING"
    },
    {
      "quarter": "2022-03 (Q1)",
      "signal": "INCREMENTAL MARGIN (YoY)",
      "detail": "YoY Incr OPM: +68.9% vs year-ago OPM: +16.9%",
      "severity": "HIGH"
    },
    {
      "quarter": "2021-12 (Q4)",
      "signal": "INCREMENTAL MARGIN (YoY)",
      "detail": "YoY Incr OPM: +63.1% vs year-ago OPM: +16.8%",
      "severity": "HIGH"
    },
    {
      "quarter": "2021-09 (Q3)",
      "signal": "FCF MARGIN EXPANSION",
      "detail": "FCF margin: +13.2% -> +32.1% (+18.9%)",
      "severity": "MEDIUM"
    },
    {
      "quarter": "2021-09 (Q3)",
      "signal": "OPERATING LEVERAGE",
      "detail": "Rev growth +22.5% vs OpEx growth +4.9% (leverage: 4.5x)",
      "severity": "MEDIUM"
    },
    {
      "quarter": "2021-06 (Q2)",
      "signal": "OPERATING LEVERAGE",
      "detail": "Rev growth +22.9% vs OpEx growth +11.7% (leverage: 2.0x)",
      "severity": "MEDIUM"
    }
  ],
  "data_quality": {
    "n_quarters": 20,
    "coverage": {
      "revenue": [
        20,
        20
      ],
      "gross_profit": [
        0,
        20
      ],
      "op_income": [
        20,
        20
      ],
      "fcf": [
        20,
        20
      ]
    },
    "gaps": [],
    "warnings": [
      "gross_profit: no data"
    ]
  },
  "market_cap": null,
  "source": "SEC EDGAR",
  "last_updated": "2026-02-02T21:03:18.841774"
}