{
  "ticker": "MAYS",
  "name": "MAYS J W INC",
  "quarters": [
    {
      "date": "2021-01-31T00:00:00",
      "quarter_label": "2021-01 (Q1)",
      "revenue": 5046867,
      "gross_profit": null,
      "operating_income": -327852,
      "net_income": -54107,
      "opex": 5374719,
      "cogs": null,
      "rd": null,
      "sga": null,
      "fcf": -2008620,
      "ocf": -1043381,
      "capex": -965239,
      "gross_margin": null,
      "op_margin": -0.06496148996991599,
      "fcf_margin": -0.39799344821252475
    },
    {
      "date": "2021-04-30T00:00:00",
      "quarter_label": "2021-04 (Q2)",
      "revenue": 5161888,
      "gross_profit": null,
      "operating_income": -242236,
      "net_income": -41921,
      "opex": 5404124,
      "cogs": null,
      "rd": null,
      "sga": null,
      "fcf": 1075239,
      "ocf": 1362540,
      "capex": -287301,
      "gross_margin": null,
      "op_margin": -0.04692779076182978,
      "fcf_margin": 0.20830343471226032,
      "op_leverage_ratio": 4.165717923408594,
      "fcf_margin_change": 0.606296882924785
    },
    {
      "date": "2021-07-31T00:00:00",
      "quarter_label": "2021-07 (Q3)",
      "revenue": 5169130,
      "gross_profit": null,
      "operating_income": 93390,
      "net_income": 909484,
      "opex": 5075740,
      "cogs": null,
      "rd": null,
      "sga": null,
      "fcf": -901579,
      "ocf": -429094,
      "capex": -472485,
      "gross_margin": null,
      "op_margin": 0.01806687005356801,
      "fcf_margin": -0.17441600424055886,
      "fcf_margin_change": -0.3827194389528192
    },
    {
      "date": "2021-10-31T00:00:00",
      "quarter_label": "2021-10 (Q4)",
      "revenue": 5079547,
      "gross_profit": null,
      "operating_income": -405957,
      "net_income": -390750,
      "opex": 5485504,
      "cogs": null,
      "rd": null,
      "sga": null,
      "fcf": 846331,
      "ocf": 1309003,
      "capex": -462672,
      "gross_margin": null,
      "op_margin": -0.07991992199304387,
      "fcf_margin": 0.16661544818858848,
      "fcf_margin_change": 0.34103145242914734
    },
    {
      "date": "2022-01-31T00:00:00",
      "quarter_label": "2022-01 (Q1)",
      "revenue": 5328349,
      "gross_profit": null,
      "operating_income": -211540,
      "net_income": -195830,
      "opex": 5539889,
      "cogs": null,
      "rd": null,
      "sga": null,
      "fcf": -920669,
      "ocf": -511353,
      "capex": -409316,
      "gross_margin": null,
      "op_margin": -0.039700852928364866,
      "fcf_margin": -0.17278691767374849,
      "rev_growth_yoy": 0.05577361162875899,
      "op_leverage_ratio": 4.940447484264288,
      "fcf_margin_change": -0.33940236586233696
    },
    {
      "date": "2022-04-30T00:00:00",
      "quarter_label": "2022-04 (Q2)",
      "revenue": 5484082,
      "gross_profit": null,
      "operating_income": 17272,
      "net_income": -57037,
      "opex": 5466810,
      "cogs": null,
      "rd": null,
      "sga": null,
      "fcf": 1233923,
      "ocf": 1765256,
      "capex": -531333,
      "gross_margin": null,
      "op_margin": 0.0031494788006452127,
      "fcf_margin": 0.22500082967395454,
      "rev_growth_yoy": 0.062417859511868526,
      "rev_growth_yoy_accel": 0.006644247883109536,
      "op_leverage_ratio": Infinity,
      "fcf_margin_change": 0.39778774734770306
    },
    {
      "date": "2022-07-31T00:00:00",
      "quarter_label": "2022-07 (Q3)",
      "revenue": 5504057,
      "gross_profit": null,
      "operating_income": -56782,
      "net_income": -68754,
      "opex": 5560839,
      "cogs": null,
      "rd": null,
      "sga": null,
      "fcf": -1203854,
      "ocf": -873461,
      "capex": -330393,
      "gross_margin": null,
      "op_margin": -0.01031639025540615,
      "fcf_margin": -0.2187212087374822,
      "rev_growth_yoy": 0.06479368868649077,
      "rev_growth_yoy_accel": 0.002375829174622243,
      "fcf_margin_change": -0.44372203841143676
    },
    {
      "date": "2022-10-31T00:00:00",
      "quarter_label": "2022-10 (Q4)",
      "revenue": 5769734,
      "gross_profit": null,
      "operating_income": 315586,
      "net_income": 59517,
      "opex": 5454148,
      "cogs": null,
      "rd": null,
      "sga": null,
      "fcf": 1895373,
      "ocf": 2543488,
      "capex": -648115,
      "gross_margin": null,
      "op_margin": 0.05469680231359019,
      "fcf_margin": 0.3285026658074705,
      "rev_growth_yoy": 0.13587569915191255,
      "rev_growth_yoy_accel": 0.07108201046542179,
      "op_leverage_ratio": Infinity,
      "fcf_margin_change": 0.5472238745449527
    },
    {
      "date": "2023-01-31T00:00:00",
      "quarter_label": "2023-01 (Q1)",
      "revenue": 5837819,
      "gross_profit": null,
      "operating_income": 50005,
      "net_income": 44738,
      "opex": 5787814,
      "cogs": null,
      "rd": null,
      "sga": null,
      "fcf": -941737,
      "ocf": -768523,
      "capex": -173214,
      "gross_margin": null,
      "op_margin": 0.008565698936537773,
      "fcf_margin": -0.16131658072989244,
      "rev_growth_yoy": 0.09561498317771602,
      "rev_growth_yoy_accel": -0.04026071597419653,
      "op_leverage_ratio": 0.19289040002421345,
      "fcf_margin_change": -0.489819246537363
    },
    {
      "date": "2023-04-30T00:00:00",
      "quarter_label": "2023-04 (Q2)",
      "revenue": 5563396,
      "gross_profit": null,
      "operating_income": -24041,
      "net_income": -39160,
      "opex": 5587437,
      "cogs": null,
      "rd": null,
      "sga": null,
      "fcf": 1322793,
      "ocf": 1488568,
      "capex": -165775,
      "gross_margin": null,
      "op_margin": -0.004321281461898452,
      "fcf_margin": 0.23776718392866517,
      "rev_growth_yoy": 0.014462584622184716,
      "rev_growth_yoy_accel": -0.0811523985555313,
      "fcf_margin_change": 0.3990837646585576
    },
    {
      "date": "2023-07-31T00:00:00",
      "quarter_label": "2023-07 (Q3)",
      "revenue": 5405506,
      "gross_profit": null,
      "operating_income": -117883,
      "net_income": -148059,
      "opex": 5523389,
      "cogs": null,
      "rd": null,
      "sga": null,
      "fcf": -1100826,
      "ocf": -1041623,
      "capex": -59203,
      "gross_margin": null,
      "op_margin": -0.021807949154066242,
      "fcf_margin": -0.2036490200917361,
      "rev_growth_yoy": -0.01790515614209664,
      "rev_growth_yoy_accel": -0.03236774076428135,
      "fcf_margin_change": -0.44141620402040127
    },
    {
      "date": "2023-10-31T00:00:00",
      "quarter_label": "2023-10 (Q4)",
      "revenue": 5323801,
      "gross_profit": null,
      "operating_income": -51652,
      "net_income": -192544,
      "opex": 5375453,
      "cogs": null,
      "rd": null,
      "sga": null,
      "fcf": 1444669,
      "ocf": 1757396,
      "capex": -312727,
      "gross_margin": null,
      "op_margin": -0.009702090667926919,
      "fcf_margin": 0.27136044341251675,
      "rev_growth_yoy": -0.0772883117315287,
      "rev_growth_yoy_accel": -0.05938315558943206,
      "fcf_margin_change": 0.4750094635042529
    },
    {
      "date": "2024-01-31T00:00:00",
      "quarter_label": "2024-01 (Q1)",
      "revenue": 5414843,
      "gross_profit": null,
      "operating_income": -328045,
      "net_income": -98059,
      "opex": 5742888,
      "cogs": null,
      "rd": null,
      "sga": null,
      "fcf": -1445205,
      "ocf": -868946,
      "capex": -576259,
      "gross_margin": null,
      "op_margin": -0.060582550592879605,
      "fcf_margin": -0.2668969349619186,
      "rev_growth_yoy": -0.07245445602201782,
      "rev_growth_yoy_accel": 0.004833855709510879,
      "op_leverage_ratio": 0.25018111431570045,
      "fcf_margin_change": -0.5382573783744353
    },
    {
      "date": "2024-04-30T00:00:00",
      "quarter_label": "2024-04 (Q2)",
      "revenue": 5364324,
      "gross_profit": null,
      "operating_income": -156697,
      "net_income": -84880,
      "opex": 5521021,
      "cogs": null,
      "rd": null,
      "sga": null,
      "fcf": 789855,
      "ocf": 1963687,
      "capex": -1173832,
      "gross_margin": null,
      "op_margin": -0.0292109499724476,
      "fcf_margin": 0.14724222474257706,
      "rev_growth_yoy": -0.03578246092854077,
      "rev_growth_yoy_accel": 0.03667199509347705,
      "fcf_margin_change": 0.41413915970449566
    },
    {
      "date": "2024-07-31T00:00:00",
      "quarter_label": "2024-07 (Q3)",
      "revenue": 5490296,
      "gross_profit": null,
      "operating_income": -83711,
      "net_income": -31085,
      "opex": 5574007,
      "cogs": null,
      "rd": null,
      "sga": null,
      "fcf": -1838730,
      "ocf": -1417407,
      "capex": -421323,
      "gross_margin": null,
      "op_margin": -0.015247083217371157,
      "fcf_margin": -0.3349054404352698,
      "rev_growth_yoy": 0.015685858086181018,
      "rev_growth_yoy_accel": 0.051468319014721785,
      "op_leverage_ratio": 2.446906008944423,
      "fcf_margin_change": -0.4821476651778469
    },
    {
      "date": "2024-10-31T00:00:00",
      "quarter_label": "2024-10 (Q4)",
      "revenue": 5539129,
      "gross_profit": null,
      "operating_income": 52171,
      "net_income": 26657,
      "opex": 5486958,
      "cogs": null,
      "rd": null,
      "sga": null,
      "fcf": 1342537,
      "ocf": 1802641,
      "capex": -460104,
      "gross_margin": null,
      "op_margin": 0.009418628813302597,
      "fcf_margin": 0.24237330453939598,
      "rev_growth_yoy": 0.04044629015998156,
      "rev_growth_yoy_accel": 0.02476043207380054,
      "fcf_margin_change": 0.5772787449746658
    },
    {
      "date": "2025-01-31T00:00:00",
      "quarter_label": "2025-01 (Q1)",
      "revenue": 5643444,
      "gross_profit": null,
      "operating_income": -182120,
      "net_income": -157681,
      "opex": 5825564,
      "cogs": null,
      "rd": null,
      "sga": null,
      "fcf": -586177,
      "ocf": -383432,
      "capex": -202745,
      "gross_margin": null,
      "op_margin": -0.03227107418803128,
      "fcf_margin": -0.10386866601316501,
      "rev_growth_yoy": 0.04221747518810795,
      "rev_growth_yoy_accel": 0.0017711850281263916,
      "op_leverage_ratio": 0.3051703033476676,
      "fcf_margin_change": -0.346241970552561
    },
    {
      "date": "2025-04-30T00:00:00",
      "quarter_label": "2025-04 (Q2)",
      "revenue": 5632151,
      "gross_profit": null,
      "operating_income": 113110,
      "net_income": 86784,
      "opex": 5519041,
      "cogs": null,
      "rd": null,
      "sga": null,
      "fcf": 868415,
      "ocf": 1928642,
      "capex": -1060227,
      "gross_margin": null,
      "op_margin": 0.020082913259960537,
      "fcf_margin": 0.15418887029129724,
      "rev_growth_yoy": 0.04992744658972873,
      "rev_growth_yoy_accel": 0.007709971401620781,
      "fcf_margin_change": 0.25805753630446226
    },
    {
      "date": "2025-07-31T00:00:00",
      "quarter_label": "2025-07 (Q3)",
      "revenue": 5654986,
      "gross_profit": null,
      "operating_income": -137493,
      "net_income": -92000,
      "opex": 5792479,
      "cogs": null,
      "rd": null,
      "sga": null,
      "fcf": -1496427,
      "ocf": -827217,
      "capex": -669210,
      "gross_margin": null,
      "op_margin": -0.0243135880442498,
      "fcf_margin": -0.2646208142690362,
      "rev_growth_yoy": 0.029996561205443202,
      "rev_growth_yoy_accel": -0.01993088538428553,
      "fcf_margin_change": -0.41880968456033346
    },
    {
      "date": "2025-10-31T00:00:00",
      "quarter_label": "2025-10 (Q4)",
      "revenue": 5251414,
      "gross_profit": null,
      "operating_income": -488179,
      "net_income": -334027,
      "opex": 5739593,
      "cogs": null,
      "rd": null,
      "sga": null,
      "fcf": 1510917,
      "ocf": 1922263,
      "capex": -411346,
      "gross_margin": null,
      "op_margin": -0.09296143857635296,
      "fcf_margin": 0.287716222716396,
      "rev_growth_yoy": -0.0519422819002771,
      "rev_growth_yoy_accel": -0.0819388431057203,
      "fcf_margin_change": 0.5523370369854322
    }
  ],
  "signals": [
    {
      "quarter": "2025-10 (Q4)",
      "signal": "FCF TURNED POSITIVE",
      "detail": "FCF margin: -26.5% -> +28.8%",
      "severity": "HIGH"
    },
    {
      "quarter": "2025-10 (Q4)",
      "signal": "YoY REVENUE GROWTH DECELERATION",
      "detail": "YoY growth: -5.2% vs prior quarter YoY: +3.0% (decel: -8.2%)",
      "severity": "WARNING"
    },
    {
      "quarter": "2025-04 (Q2)",
      "signal": "FCF TURNED POSITIVE",
      "detail": "FCF margin: -10.4% -> +15.4%",
      "severity": "HIGH"
    },
    {
      "quarter": "2025-04 (Q2)",
      "signal": "OP MARGIN TURNED POSITIVE (YoY)",
      "detail": "Op margin: -2.9% (year-ago) -> +2.0%",
      "severity": "HIGH"
    },
    {
      "quarter": "2025-04 (Q2)",
      "signal": "OP MARGIN TURNED POSITIVE (QoQ)",
      "detail": "Op margin: -3.2% -> +2.0%",
      "severity": "HIGH"
    },
    {
      "quarter": "2024-10 (Q4)",
      "signal": "FCF TURNED POSITIVE",
      "detail": "FCF margin: -33.5% -> +24.2%",
      "severity": "HIGH"
    },
    {
      "quarter": "2024-10 (Q4)",
      "signal": "OP MARGIN TURNED POSITIVE (YoY)",
      "detail": "Op margin: -1.0% (year-ago) -> +0.9%",
      "severity": "HIGH"
    },
    {
      "quarter": "2024-10 (Q4)",
      "signal": "OP MARGIN TURNED POSITIVE (QoQ)",
      "detail": "Op margin: -1.5% -> +0.9%",
      "severity": "HIGH"
    },
    {
      "quarter": "2024-07 (Q3)",
      "signal": "OPERATING LEVERAGE",
      "detail": "Rev growth +2.3% vs OpEx growth +1.0% (leverage: 2.4x)",
      "severity": "MEDIUM"
    },
    {
      "quarter": "2024-07 (Q3)",
      "signal": "YoY REVENUE GROWTH ACCELERATION",
      "detail": "YoY growth: +1.6% vs prior quarter YoY: -3.6% (accel: +5.1%)",
      "severity": "MEDIUM"
    },
    {
      "quarter": "2024-04 (Q2)",
      "signal": "FCF TURNED POSITIVE",
      "detail": "FCF margin: -26.7% -> +14.7%",
      "severity": "HIGH"
    },
    {
      "quarter": "2023-10 (Q4)",
      "signal": "FCF TURNED POSITIVE",
      "detail": "FCF margin: -20.4% -> +27.1%",
      "severity": "HIGH"
    },
    {
      "quarter": "2023-10 (Q4)",
      "signal": "YoY REVENUE GROWTH DECELERATION",
      "detail": "YoY growth: -7.7% vs prior quarter YoY: -1.8% (decel: -5.9%)",
      "severity": "WARNING"
    },
    {
      "quarter": "2023-04 (Q2)",
      "signal": "FCF TURNED POSITIVE",
      "detail": "FCF margin: -16.1% -> +23.8%",
      "severity": "HIGH"
    },
    {
      "quarter": "2023-04 (Q2)",
      "signal": "YoY REVENUE GROWTH DECELERATION",
      "detail": "YoY growth: +1.4% vs prior quarter YoY: +9.6% (decel: -8.1%)",
      "severity": "WARNING"
    },
    {
      "quarter": "2023-01 (Q1)",
      "signal": "OP MARGIN TURNED POSITIVE (YoY)",
      "detail": "Op margin: -4.0% (year-ago) -> +0.9%",
      "severity": "HIGH"
    },
    {
      "quarter": "2022-10 (Q4)",
      "signal": "FCF TURNED POSITIVE",
      "detail": "FCF margin: -21.9% -> +32.9%",
      "severity": "HIGH"
    },
    {
      "quarter": "2022-10 (Q4)",
      "signal": "YoY REVENUE GROWTH ACCELERATION",
      "detail": "YoY growth: +13.6% vs prior quarter YoY: +6.5% (accel: +7.1%)",
      "severity": "MEDIUM"
    },
    {
      "quarter": "2022-10 (Q4)",
      "signal": "OP MARGIN TURNED POSITIVE (YoY)",
      "detail": "Op margin: -8.0% (year-ago) -> +5.5%",
      "severity": "HIGH"
    },
    {
      "quarter": "2022-10 (Q4)",
      "signal": "OP MARGIN TURNED POSITIVE (QoQ)",
      "detail": "Op margin: -1.0% -> +5.5%",
      "severity": "HIGH"
    },
    {
      "quarter": "2022-04 (Q2)",
      "signal": "FCF TURNED POSITIVE",
      "detail": "FCF margin: -17.3% -> +22.5%",
      "severity": "HIGH"
    },
    {
      "quarter": "2022-04 (Q2)",
      "signal": "OP MARGIN TURNED POSITIVE (YoY)",
      "detail": "Op margin: -4.7% (year-ago) -> +0.3%",
      "severity": "HIGH"
    },
    {
      "quarter": "2022-04 (Q2)",
      "signal": "OP MARGIN TURNED POSITIVE (QoQ)",
      "detail": "Op margin: -4.0% -> +0.3%",
      "severity": "HIGH"
    },
    {
      "quarter": "2022-01 (Q1)",
      "signal": "OPERATING LEVERAGE",
      "detail": "Rev growth +4.9% vs OpEx growth +1.0% (leverage: 4.9x)",
      "severity": "MEDIUM"
    },
    {
      "quarter": "2021-10 (Q4)",
      "signal": "FCF TURNED POSITIVE",
      "detail": "FCF margin: -17.4% -> +16.7%",
      "severity": "HIGH"
    },
    {
      "quarter": "2021-07 (Q3)",
      "signal": "OP MARGIN TURNED POSITIVE (QoQ)",
      "detail": "Op margin: -4.7% -> +1.8%",
      "severity": "HIGH"
    },
    {
      "quarter": "2021-04 (Q2)",
      "signal": "FCF TURNED POSITIVE",
      "detail": "FCF margin: -39.8% -> +20.8%",
      "severity": "HIGH"
    },
    {
      "quarter": "2021-04 (Q2)",
      "signal": "OPERATING LEVERAGE",
      "detail": "Rev growth +2.3% vs OpEx growth +0.5% (leverage: 4.2x)",
      "severity": "MEDIUM"
    }
  ],
  "data_quality": {
    "n_quarters": 20,
    "coverage": {
      "revenue": [
        20,
        20
      ],
      "gross_profit": [
        0,
        20
      ],
      "op_income": [
        20,
        20
      ],
      "fcf": [
        20,
        20
      ]
    },
    "gaps": [],
    "warnings": [
      "gross_profit: no data"
    ]
  },
  "market_cap": null,
  "source": "SEC EDGAR",
  "last_updated": "2026-02-02T23:27:51.489397",
  "sector": "Real Estate",
  "industry": "Real Estate Services"
}