{
  "ticker": "MBI",
  "name": "MBIA INC.",
  "quarters": [
    {
      "date": "2020-12-31T00:00:00",
      "quarter_label": "2020-12 (Q4)",
      "revenue": 103000000,
      "gross_profit": null,
      "operating_income": null,
      "net_income": -81000000,
      "opex": null,
      "cogs": null,
      "rd": null,
      "sga": 29000000,
      "fcf": -2000000,
      "ocf": -2000000,
      "capex": null,
      "gross_margin": null,
      "op_margin": null,
      "fcf_margin": -0.019417475728155338
    },
    {
      "date": "2021-03-31T00:00:00",
      "quarter_label": "2021-03 (Q1)",
      "revenue": 72000000,
      "gross_profit": null,
      "operating_income": null,
      "net_income": -106000000,
      "opex": null,
      "cogs": null,
      "rd": null,
      "sga": 28000000,
      "fcf": 529000000,
      "ocf": 529000000,
      "capex": null,
      "gross_margin": null,
      "op_margin": null,
      "fcf_margin": 7.347222222222222,
      "fcf_margin_change": 7.366639697950378
    },
    {
      "date": "2021-06-30T00:00:00",
      "quarter_label": "2021-06 (Q2)",
      "revenue": 18000000,
      "gross_profit": null,
      "operating_income": null,
      "net_income": -61000000,
      "opex": null,
      "cogs": null,
      "rd": null,
      "sga": 24000000,
      "fcf": 16000000,
      "ocf": 16000000,
      "capex": null,
      "gross_margin": null,
      "op_margin": null,
      "fcf_margin": 0.8888888888888888,
      "fcf_margin_change": -6.458333333333334
    },
    {
      "date": "2021-09-30T00:00:00",
      "quarter_label": "2021-09 (Q3)",
      "revenue": 72000000,
      "gross_profit": null,
      "operating_income": null,
      "net_income": -123000000,
      "opex": null,
      "cogs": null,
      "rd": null,
      "sga": 23000000,
      "fcf": -186000000,
      "ocf": -186000000,
      "capex": null,
      "gross_margin": null,
      "op_margin": null,
      "fcf_margin": -2.5833333333333335,
      "fcf_margin_change": -3.4722222222222223
    },
    {
      "date": "2021-12-31T00:00:00",
      "quarter_label": "2021-12 (Q4)",
      "revenue": 27000000,
      "gross_profit": null,
      "operating_income": null,
      "net_income": -155000000,
      "opex": null,
      "cogs": null,
      "rd": null,
      "sga": null,
      "fcf": 152000000,
      "ocf": 152000000,
      "capex": null,
      "gross_margin": null,
      "op_margin": null,
      "fcf_margin": 5.62962962962963,
      "rev_growth_yoy": -0.7378640776699029,
      "fcf_margin_change": 8.212962962962964
    },
    {
      "date": "2022-03-31T00:00:00",
      "quarter_label": "2022-03 (Q1)",
      "revenue": 40000000,
      "gross_profit": null,
      "operating_income": null,
      "net_income": -73000000,
      "opex": null,
      "cogs": null,
      "rd": null,
      "sga": null,
      "fcf": 273000000,
      "ocf": 273000000,
      "capex": null,
      "gross_margin": null,
      "op_margin": null,
      "fcf_margin": 6.825,
      "rev_growth_yoy": -0.4444444444444444,
      "rev_growth_yoy_accel": 0.2934196332254585,
      "fcf_margin_change": 1.1953703703703704
    },
    {
      "date": "2022-06-30T00:00:00",
      "quarter_label": "2022-06 (Q2)",
      "revenue": 40000000,
      "gross_profit": null,
      "operating_income": null,
      "net_income": -36000000,
      "opex": null,
      "cogs": null,
      "rd": null,
      "sga": null,
      "fcf": -41000000,
      "ocf": -41000000,
      "capex": null,
      "gross_margin": null,
      "op_margin": null,
      "fcf_margin": -1.025,
      "rev_growth_yoy": 1.2222222222222223,
      "rev_growth_yoy_accel": 1.6666666666666667,
      "fcf_margin_change": -7.85
    },
    {
      "date": "2022-09-30T00:00:00",
      "quarter_label": "2022-09 (Q3)",
      "revenue": 17000000,
      "gross_profit": null,
      "operating_income": null,
      "net_income": -34000000,
      "opex": null,
      "cogs": null,
      "rd": null,
      "sga": null,
      "fcf": -92000000,
      "ocf": -92000000,
      "capex": null,
      "gross_margin": null,
      "op_margin": null,
      "fcf_margin": -5.411764705882353,
      "rev_growth_yoy": -0.7638888888888888,
      "rev_growth_yoy_accel": -1.9861111111111112,
      "fcf_margin_change": -4.386764705882353
    },
    {
      "date": "2022-12-31T00:00:00",
      "quarter_label": "2022-12 (Q4)",
      "revenue": 57000000,
      "gross_profit": null,
      "operating_income": null,
      "net_income": -52000000,
      "opex": null,
      "cogs": null,
      "rd": null,
      "sga": null,
      "fcf": -558000000,
      "ocf": -558000000,
      "capex": null,
      "gross_margin": null,
      "op_margin": null,
      "fcf_margin": -9.789473684210526,
      "rev_growth_yoy": 1.1111111111111112,
      "rev_growth_yoy_accel": 1.875,
      "fcf_margin_change": -4.377708978328172
    },
    {
      "date": "2023-03-31T00:00:00",
      "quarter_label": "2023-03 (Q1)",
      "revenue": 2000000,
      "gross_profit": null,
      "operating_income": null,
      "net_income": -93000000,
      "opex": null,
      "cogs": null,
      "rd": null,
      "sga": null,
      "fcf": -36000000,
      "ocf": -36000000,
      "capex": null,
      "gross_margin": null,
      "op_margin": null,
      "fcf_margin": -18.0,
      "rev_growth_yoy": -0.95,
      "rev_growth_yoy_accel": -2.061111111111111,
      "fcf_margin_change": -8.210526315789474
    },
    {
      "date": "2023-06-30T00:00:00",
      "quarter_label": "2023-06 (Q2)",
      "revenue": 28000000,
      "gross_profit": null,
      "operating_income": null,
      "net_income": -74000000,
      "opex": null,
      "cogs": null,
      "rd": null,
      "sga": null,
      "fcf": -42000000,
      "ocf": -42000000,
      "capex": null,
      "gross_margin": null,
      "op_margin": null,
      "fcf_margin": -1.5,
      "rev_growth_yoy": -0.3,
      "rev_growth_yoy_accel": 0.6499999999999999,
      "fcf_margin_change": 16.5
    },
    {
      "date": "2023-09-30T00:00:00",
      "quarter_label": "2023-09 (Q3)",
      "revenue": 8000000,
      "gross_profit": null,
      "operating_income": null,
      "net_income": -185000000,
      "opex": null,
      "cogs": null,
      "rd": null,
      "sga": null,
      "fcf": -115000000,
      "ocf": -115000000,
      "capex": null,
      "gross_margin": null,
      "op_margin": null,
      "fcf_margin": -14.375,
      "rev_growth_yoy": -0.5294117647058824,
      "rev_growth_yoy_accel": -0.22941176470588237,
      "fcf_margin_change": -12.875
    },
    {
      "date": "2023-12-31T00:00:00",
      "quarter_label": "2023-12 (Q4)",
      "revenue": -31000000,
      "gross_profit": null,
      "operating_income": null,
      "net_income": -138000000,
      "opex": null,
      "cogs": null,
      "rd": null,
      "sga": null,
      "fcf": -2000000,
      "ocf": -2000000,
      "capex": null,
      "gross_margin": null,
      "op_margin": null,
      "fcf_margin": 0.06451612903225806,
      "rev_growth_yoy": -1.543859649122807,
      "rev_growth_yoy_accel": -1.0144478844169247,
      "fcf_margin_change": 14.439516129032258
    },
    {
      "date": "2024-03-31T00:00:00",
      "quarter_label": "2024-03 (Q1)",
      "revenue": 13000000,
      "gross_profit": null,
      "operating_income": null,
      "net_income": -86000000,
      "opex": null,
      "cogs": null,
      "rd": null,
      "sga": null,
      "fcf": -30000000,
      "ocf": -30000000,
      "capex": null,
      "gross_margin": null,
      "op_margin": null,
      "fcf_margin": -2.3076923076923075,
      "rev_growth_yoy": 5.5,
      "rev_growth_yoy_accel": 7.0438596491228065,
      "fcf_margin_change": -2.3722084367245655
    },
    {
      "date": "2024-06-30T00:00:00",
      "quarter_label": "2024-06 (Q2)",
      "revenue": -37000000,
      "gross_profit": null,
      "operating_income": null,
      "net_income": -254000000,
      "opex": null,
      "cogs": null,
      "rd": null,
      "sga": null,
      "fcf": -10000000,
      "ocf": -10000000,
      "capex": null,
      "gross_margin": null,
      "op_margin": null,
      "fcf_margin": 0.2702702702702703,
      "rev_growth_yoy": -2.3214285714285716,
      "rev_growth_yoy_accel": -7.821428571428571,
      "fcf_margin_change": 2.5779625779625777
    },
    {
      "date": "2024-09-30T00:00:00",
      "quarter_label": "2024-09 (Q3)",
      "revenue": 29000000,
      "gross_profit": null,
      "operating_income": null,
      "net_income": -56000000,
      "opex": null,
      "cogs": null,
      "rd": null,
      "sga": null,
      "fcf": -139000000,
      "ocf": -139000000,
      "capex": null,
      "gross_margin": null,
      "op_margin": null,
      "fcf_margin": -4.793103448275862,
      "rev_growth_yoy": 2.625,
      "rev_growth_yoy_accel": 4.946428571428571,
      "fcf_margin_change": -5.063373718546132
    },
    {
      "date": "2024-12-31T00:00:00",
      "quarter_label": "2024-12 (Q4)",
      "revenue": 37000000,
      "gross_profit": null,
      "operating_income": null,
      "net_income": -51000000,
      "opex": null,
      "cogs": null,
      "rd": null,
      "sga": null,
      "fcf": 3000000,
      "ocf": 3000000,
      "capex": null,
      "gross_margin": null,
      "op_margin": null,
      "fcf_margin": 0.08108108108108109,
      "fcf_margin_change": 4.874184529356943
    },
    {
      "date": "2025-03-31T00:00:00",
      "quarter_label": "2025-03 (Q1)",
      "revenue": 14000000,
      "gross_profit": null,
      "operating_income": null,
      "net_income": -62000000,
      "opex": null,
      "cogs": null,
      "rd": null,
      "sga": null,
      "fcf": -43000000,
      "ocf": -43000000,
      "capex": null,
      "gross_margin": null,
      "op_margin": null,
      "fcf_margin": -3.0714285714285716,
      "rev_growth_yoy": 0.07692307692307693,
      "fcf_margin_change": -3.1525096525096528
    },
    {
      "date": "2025-06-30T00:00:00",
      "quarter_label": "2025-06 (Q2)",
      "revenue": 23000000,
      "gross_profit": null,
      "operating_income": null,
      "net_income": -56000000,
      "opex": null,
      "cogs": null,
      "rd": null,
      "sga": null,
      "fcf": 1000000,
      "ocf": 1000000,
      "capex": null,
      "gross_margin": null,
      "op_margin": null,
      "fcf_margin": 0.043478260869565216,
      "fcf_margin_change": 3.114906832298137
    },
    {
      "date": "2025-09-30T00:00:00",
      "quarter_label": "2025-09 (Q3)",
      "revenue": 15000000,
      "gross_profit": null,
      "operating_income": null,
      "net_income": -8000000,
      "opex": null,
      "cogs": null,
      "rd": null,
      "sga": null,
      "fcf": 90000000,
      "ocf": 90000000,
      "capex": null,
      "gross_margin": null,
      "op_margin": null,
      "fcf_margin": 6.0,
      "rev_growth_yoy": -0.4827586206896552,
      "fcf_margin_change": 5.956521739130435
    }
  ],
  "signals": [
    {
      "quarter": "2025-09 (Q3)",
      "signal": "FCF MARGIN EXPANSION",
      "detail": "FCF margin: +4.3% -> +600.0% (+595.7%)",
      "severity": "MEDIUM"
    },
    {
      "quarter": "2025-06 (Q2)",
      "signal": "FCF TURNED POSITIVE",
      "detail": "FCF margin: -307.1% -> +4.3%",
      "severity": "HIGH"
    },
    {
      "quarter": "2024-12 (Q4)",
      "signal": "FCF TURNED POSITIVE",
      "detail": "FCF margin: -479.3% -> +8.1%",
      "severity": "HIGH"
    },
    {
      "quarter": "2024-09 (Q3)",
      "signal": "YoY REVENUE GROWTH ACCELERATION",
      "detail": "YoY growth: +262.5% vs prior quarter YoY: -232.1% (accel: +494.6%)",
      "severity": "HIGH"
    },
    {
      "quarter": "2024-06 (Q2)",
      "signal": "FCF TURNED POSITIVE",
      "detail": "FCF margin: -230.8% -> +27.0%",
      "severity": "HIGH"
    },
    {
      "quarter": "2024-06 (Q2)",
      "signal": "YoY REVENUE GROWTH DECELERATION",
      "detail": "YoY growth: -232.1% vs prior quarter YoY: +550.0% (decel: -782.1%)",
      "severity": "WARNING"
    },
    {
      "quarter": "2024-03 (Q1)",
      "signal": "YoY REVENUE GROWTH ACCELERATION",
      "detail": "YoY growth: +550.0% vs prior quarter YoY: -154.4% (accel: +704.4%)",
      "severity": "HIGH"
    },
    {
      "quarter": "2023-12 (Q4)",
      "signal": "FCF TURNED POSITIVE",
      "detail": "FCF margin: -1437.5% -> +6.5%",
      "severity": "HIGH"
    },
    {
      "quarter": "2023-12 (Q4)",
      "signal": "YoY REVENUE GROWTH DECELERATION",
      "detail": "YoY growth: -154.4% vs prior quarter YoY: -52.9% (decel: -101.4%)",
      "severity": "WARNING"
    },
    {
      "quarter": "2023-09 (Q3)",
      "signal": "YoY REVENUE GROWTH DECELERATION",
      "detail": "YoY growth: -52.9% vs prior quarter YoY: -30.0% (decel: -22.9%)",
      "severity": "WARNING"
    },
    {
      "quarter": "2023-06 (Q2)",
      "signal": "FCF MARGIN EXPANSION",
      "detail": "FCF margin: -1800.0% -> -150.0% (+1650.0%)",
      "severity": "MEDIUM"
    },
    {
      "quarter": "2023-06 (Q2)",
      "signal": "YoY REVENUE GROWTH ACCELERATION",
      "detail": "YoY growth: -30.0% vs prior quarter YoY: -95.0% (accel: +65.0%)",
      "severity": "HIGH"
    },
    {
      "quarter": "2023-03 (Q1)",
      "signal": "YoY REVENUE GROWTH DECELERATION",
      "detail": "YoY growth: -95.0% vs prior quarter YoY: +111.1% (decel: -206.1%)",
      "severity": "WARNING"
    },
    {
      "quarter": "2022-12 (Q4)",
      "signal": "YoY REVENUE GROWTH ACCELERATION",
      "detail": "YoY growth: +111.1% vs prior quarter YoY: -76.4% (accel: +187.5%)",
      "severity": "HIGH"
    },
    {
      "quarter": "2022-09 (Q3)",
      "signal": "YoY REVENUE GROWTH DECELERATION",
      "detail": "YoY growth: -76.4% vs prior quarter YoY: +122.2% (decel: -198.6%)",
      "severity": "WARNING"
    },
    {
      "quarter": "2022-06 (Q2)",
      "signal": "YoY REVENUE GROWTH ACCELERATION",
      "detail": "YoY growth: +122.2% vs prior quarter YoY: -44.4% (accel: +166.7%)",
      "severity": "HIGH"
    },
    {
      "quarter": "2022-03 (Q1)",
      "signal": "FCF MARGIN EXPANSION",
      "detail": "FCF margin: +563.0% -> +682.5% (+119.5%)",
      "severity": "MEDIUM"
    },
    {
      "quarter": "2022-03 (Q1)",
      "signal": "YoY REVENUE GROWTH ACCELERATION",
      "detail": "YoY growth: -44.4% vs prior quarter YoY: -73.8% (accel: +29.3%)",
      "severity": "HIGH"
    },
    {
      "quarter": "2021-12 (Q4)",
      "signal": "FCF TURNED POSITIVE",
      "detail": "FCF margin: -258.3% -> +563.0%",
      "severity": "HIGH"
    },
    {
      "quarter": "2021-03 (Q1)",
      "signal": "FCF TURNED POSITIVE",
      "detail": "FCF margin: -1.9% -> +734.7%",
      "severity": "HIGH"
    }
  ],
  "data_quality": {
    "n_quarters": 20,
    "coverage": {
      "revenue": [
        20,
        20
      ],
      "gross_profit": [
        0,
        20
      ],
      "op_income": [
        0,
        20
      ],
      "fcf": [
        20,
        20
      ]
    },
    "gaps": [],
    "warnings": [
      "gross_profit: no data",
      "op_income: no data"
    ]
  },
  "market_cap": null,
  "source": "SEC EDGAR",
  "last_updated": "2026-02-02T22:42:53.125609"
}