{
  "ticker": "MCD",
  "name": "McDONALD\u2019S CORPORATION",
  "quarters": [
    {
      "date": "2020-12-31T00:00:00",
      "quarter_label": "2020-12 (Q4)",
      "revenue": 5313800000,
      "gross_profit": null,
      "operating_income": 2142900000,
      "net_income": 1377200000,
      "opex": 3170900000,
      "cogs": null,
      "rd": null,
      "sga": null,
      "fcf": 1529700000,
      "ocf": 1992800000,
      "capex": -463100000,
      "gross_margin": null,
      "op_margin": 0.4032707290451278,
      "fcf_margin": 0.2878730851744514
    },
    {
      "date": "2021-03-31T00:00:00",
      "quarter_label": "2021-03 (Q1)",
      "revenue": 5124600000,
      "gross_profit": 4553100000,
      "operating_income": 2281300000,
      "net_income": 1537200000,
      "opex": 2843300000,
      "cogs": 571500000,
      "rd": null,
      "sga": null,
      "fcf": 1755300000,
      "ocf": 2124000000,
      "capex": -368700000,
      "gross_margin": 0.888479100807868,
      "op_margin": 0.4451664520157671,
      "fcf_margin": 0.3425242945790891,
      "fcf_margin_change": 0.05465120940463769
    },
    {
      "date": "2021-06-30T00:00:00",
      "quarter_label": "2021-06 (Q2)",
      "revenue": 5887900000,
      "gross_profit": 5308800000,
      "operating_income": 2691100000,
      "net_income": 2219300000,
      "opex": 3196800000,
      "cogs": 579100000,
      "rd": null,
      "sga": null,
      "fcf": 1250600000,
      "ocf": 1733200000,
      "capex": -482600000,
      "gross_margin": 0.9016457480595799,
      "op_margin": 0.45705599619558757,
      "fcf_margin": 0.21240170519200394,
      "op_leverage_ratio": 1.1980323823942434,
      "fcf_margin_change": -0.13012258938708518
    },
    {
      "date": "2021-09-30T00:00:00",
      "quarter_label": "2021-09 (Q3)",
      "revenue": 6201300000,
      "gross_profit": 5608700000,
      "operating_income": 2986500000,
      "net_income": 2149900000,
      "opex": 3214800000,
      "cogs": 592600000,
      "rd": null,
      "sga": null,
      "fcf": 2116300000,
      "ocf": 2617800000,
      "capex": -501500000,
      "gross_margin": 0.9044393917404415,
      "op_margin": 0.4815925692999855,
      "fcf_margin": 0.3412671536613291,
      "op_leverage_ratio": 9.453258377350158,
      "fcf_margin_change": 0.12886544846932516
    },
    {
      "date": "2021-12-31T00:00:00",
      "quarter_label": "2021-12 (Q4)",
      "revenue": 6009100000,
      "gross_profit": null,
      "operating_income": 2397100000,
      "net_income": 1638800000,
      "opex": 3612000000,
      "cogs": null,
      "rd": null,
      "sga": null,
      "fcf": 1979300000,
      "ocf": 2666500000,
      "capex": -687200000,
      "gross_margin": null,
      "op_margin": 0.39891165066316087,
      "fcf_margin": 0.3293837679519396,
      "incr_op_margin_yoy": 0.36559758377678697,
      "rev_growth_yoy": 0.1308479807294215,
      "fcf_margin_change": -0.011883385709389516
    },
    {
      "date": "2022-03-31T00:00:00",
      "quarter_label": "2022-03 (Q1)",
      "revenue": 5665600000,
      "gross_profit": 5081600000,
      "operating_income": 2312600000,
      "net_income": 1104400000,
      "opex": 3353000000,
      "cogs": 584000000,
      "rd": null,
      "sga": null,
      "fcf": 1732100000,
      "ocf": 2133300000,
      "capex": -401200000,
      "gross_margin": 0.8969217735103078,
      "op_margin": 0.4081827167466817,
      "fcf_margin": 0.3057222536006778,
      "incr_op_margin_yoy": 0.05785582255083179,
      "rev_growth_yoy": 0.10556921515825625,
      "rev_growth_yoy_accel": -0.02527876557116525,
      "fcf_margin_change": -0.023661514351261792
    },
    {
      "date": "2022-06-30T00:00:00",
      "quarter_label": "2022-06 (Q2)",
      "revenue": 5718400000,
      "gross_profit": 5129800000,
      "operating_income": 1711800000,
      "net_income": 1188000000,
      "opex": 4006600000,
      "cogs": 588600000,
      "rd": null,
      "sga": null,
      "fcf": 180200000,
      "ocf": 618100000,
      "capex": -437900000,
      "gross_margin": 0.8970691102406267,
      "op_margin": 0.2993494683827644,
      "fcf_margin": 0.031512311135982095,
      "incr_op_margin_yoy": 5.777581120943953,
      "rev_growth_yoy": -0.028787853054569542,
      "rev_growth_yoy_accel": -0.13435706821282578,
      "fcf_margin_change": -0.2742099424646957
    },
    {
      "date": "2022-09-30T00:00:00",
      "quarter_label": "2022-09 (Q3)",
      "revenue": 5872100000,
      "gross_profit": 5283100000,
      "operating_income": 2763900000,
      "net_income": 1981600000,
      "opex": 3108200000,
      "cogs": 589000000,
      "rd": null,
      "sga": null,
      "fcf": 1902700000,
      "ocf": 2433900000,
      "capex": -531200000,
      "gross_margin": 0.8996951686790076,
      "op_margin": 0.47068340116823626,
      "fcf_margin": 0.32402377343710087,
      "incr_op_margin_yoy": 0.6761846901579587,
      "rev_growth_yoy": -0.05308564333284956,
      "rev_growth_yoy_accel": -0.02429779027828002,
      "op_leverage_ratio": Infinity,
      "fcf_margin_change": 0.2925114623011188
    },
    {
      "date": "2022-12-31T00:00:00",
      "quarter_label": "2022-12 (Q4)",
      "revenue": 5926500000,
      "gross_profit": null,
      "operating_income": 2582700000,
      "net_income": 1903400000,
      "opex": 3343800000,
      "cogs": null,
      "rd": null,
      "sga": null,
      "fcf": 1673000000,
      "ocf": 2201700000,
      "capex": -528700000,
      "gross_margin": null,
      "op_margin": 0.4357884079979752,
      "fcf_margin": 0.2822914030203324,
      "incr_op_margin_yoy": -2.2469733656174333,
      "rev_growth_yoy": -0.01374581884142384,
      "rev_growth_yoy_accel": 0.03933982449142572,
      "fcf_margin_change": -0.04173237041676847
    },
    {
      "date": "2023-03-31T00:00:00",
      "quarter_label": "2023-03 (Q1)",
      "revenue": 5897800000,
      "gross_profit": 5299500000,
      "operating_income": 2532400000,
      "net_income": 1802300000,
      "opex": 3365400000,
      "cogs": 598300000,
      "rd": null,
      "sga": null,
      "fcf": 1917000000,
      "ocf": 2420000000,
      "capex": -503000000,
      "gross_margin": 0.898555393536573,
      "op_margin": 0.42938044694631894,
      "fcf_margin": 0.32503645427108413,
      "incr_op_margin_yoy": 0.9465977605512489,
      "rev_growth_yoy": 0.040984185258401584,
      "rev_growth_yoy_accel": 0.054730004099825424,
      "fcf_margin_change": 0.04274505125075173
    },
    {
      "date": "2023-06-30T00:00:00",
      "quarter_label": "2023-06 (Q2)",
      "revenue": 6497500000,
      "gross_profit": 5879300000,
      "operating_income": 3104100000,
      "net_income": 2310400000,
      "opex": 3393400000,
      "cogs": 618200000,
      "rd": null,
      "sga": null,
      "fcf": 1147000000,
      "ocf": 1673000000,
      "capex": -526000000,
      "gross_margin": 0.9048557137360523,
      "op_margin": 0.4777375913813005,
      "fcf_margin": 0.17652943439784533,
      "incr_op_margin_yoy": 1.7870619946091644,
      "rev_growth_yoy": 0.13624440402909904,
      "rev_growth_yoy_accel": 0.09526021877069746,
      "op_leverage_ratio": 12.221448070224733,
      "fcf_margin_change": -0.1485070198732388
    },
    {
      "date": "2023-09-30T00:00:00",
      "quarter_label": "2023-09 (Q3)",
      "revenue": 6692200000,
      "gross_profit": 6066800000,
      "operating_income": 3208300000,
      "net_income": 2317100000,
      "opex": 3483900000,
      "cogs": 625400000,
      "rd": null,
      "sga": null,
      "fcf": 2459000000,
      "ocf": 3029000000,
      "capex": -570000000,
      "gross_margin": 0.9065479214608051,
      "op_margin": 0.4794088640506859,
      "fcf_margin": 0.36744269448014105,
      "incr_op_margin_yoy": 0.5418851359590294,
      "rev_growth_yoy": 0.139660428126224,
      "rev_growth_yoy_accel": 0.0034160240971249645,
      "op_leverage_ratio": 1.1235855354481854,
      "fcf_margin_change": 0.19091326008229573
    },
    {
      "date": "2023-12-31T00:00:00",
      "quarter_label": "2023-12 (Q4)",
      "revenue": 6406200000,
      "gross_profit": null,
      "operating_income": 2801900000,
      "net_income": 2039000000,
      "opex": 3604300000,
      "cogs": null,
      "rd": null,
      "sga": null,
      "fcf": 1732000000,
      "ocf": 2489000000,
      "capex": -757000000,
      "gross_margin": null,
      "op_margin": 0.4373731697418126,
      "fcf_margin": 0.27036308576066936,
      "incr_op_margin_yoy": 0.4569522618303106,
      "rev_growth_yoy": 0.0809415337889142,
      "rev_growth_yoy_accel": -0.05871889433730981,
      "fcf_margin_change": -0.09707960871947169
    },
    {
      "date": "2024-03-31T00:00:00",
      "quarter_label": "2024-03 (Q1)",
      "revenue": 6169000000,
      "gross_profit": 5542000000,
      "operating_income": 2736000000,
      "net_income": 1929000000,
      "opex": 3433000000,
      "cogs": 627000000,
      "rd": null,
      "sga": 720000000,
      "fcf": 1843000000,
      "ocf": 2390000000,
      "capex": -547000000,
      "gross_margin": 0.8983627816501865,
      "op_margin": 0.44350786189009567,
      "fcf_margin": 0.29875182363430053,
      "incr_op_margin_yoy": 0.7507374631268436,
      "rev_growth_yoy": 0.04598324799077622,
      "rev_growth_yoy_accel": -0.03495828579813797,
      "fcf_margin_change": 0.028388737873631165
    },
    {
      "date": "2024-06-30T00:00:00",
      "quarter_label": "2024-06 (Q2)",
      "revenue": 6490000000,
      "gross_profit": 5861000000,
      "operating_income": 2920000000,
      "net_income": 2022000000,
      "opex": 3570000000,
      "cogs": 629000000,
      "rd": null,
      "sga": 691000000,
      "fcf": 1061000000,
      "ocf": 1689000000,
      "capex": -628000000,
      "gross_margin": 0.9030816640986132,
      "op_margin": 0.44992295839753466,
      "fcf_margin": 0.16348228043143298,
      "incr_op_margin_yoy": 24.546666666666667,
      "rev_growth_yoy": -0.0011542901115813775,
      "rev_growth_yoy_accel": -0.0471375381023576,
      "op_leverage_ratio": 1.303897637469192,
      "fcf_margin_change": -0.13526954320286755
    },
    {
      "date": "2024-09-30T00:00:00",
      "quarter_label": "2024-09 (Q3)",
      "revenue": 6873000000,
      "gross_profit": 6227000000,
      "operating_income": 3188000000,
      "net_income": 2255000000,
      "opex": 3685000000,
      "cogs": 646000000,
      "rd": null,
      "sga": 647000000,
      "fcf": 1942000000,
      "ocf": 2736000000,
      "capex": -794000000,
      "gross_margin": 0.9060090208060527,
      "op_margin": 0.4638440273534119,
      "fcf_margin": 0.282554925069111,
      "incr_op_margin_yoy": -0.1122787610619469,
      "rev_growth_yoy": 0.027016526702728548,
      "rev_growth_yoy_accel": 0.028170816814309926,
      "op_leverage_ratio": 1.8319957124673414,
      "fcf_margin_change": 0.11907264463767803
    },
    {
      "date": "2024-12-31T00:00:00",
      "quarter_label": "2024-12 (Q4)",
      "revenue": 6388000000,
      "gross_profit": null,
      "operating_income": 2868000000,
      "net_income": 2016000000,
      "opex": 3520000000,
      "cogs": null,
      "rd": null,
      "sga": 799000000,
      "fcf": 1824000000,
      "ocf": 2631000000,
      "capex": -807000000,
      "gross_margin": null,
      "op_margin": 0.4489668127739512,
      "fcf_margin": 0.2855353788353162,
      "incr_op_margin_yoy": -3.631868131868132,
      "rev_growth_yoy": -0.002840997783397334,
      "rev_growth_yoy_accel": -0.029857524486125882,
      "fcf_margin_change": 0.0029804537662052044
    },
    {
      "date": "2025-03-31T00:00:00",
      "quarter_label": "2025-03 (Q1)",
      "revenue": 5956000000,
      "gross_profit": 5336000000,
      "operating_income": 2648000000,
      "net_income": 1868000000,
      "opex": 3308000000,
      "cogs": 620000000,
      "rd": null,
      "sga": 682000000,
      "fcf": 1877000000,
      "ocf": 2428000000,
      "capex": -551000000,
      "gross_margin": 0.8959032907991941,
      "op_margin": 0.4445936870382807,
      "fcf_margin": 0.3151443922095366,
      "incr_op_margin_yoy": 0.4131455399061033,
      "rev_growth_yoy": -0.03452747609012806,
      "rev_growth_yoy_accel": -0.03168647830673073,
      "fcf_margin_change": 0.029609013374220394
    },
    {
      "date": "2025-06-30T00:00:00",
      "quarter_label": "2025-06 (Q2)",
      "revenue": 6843000000,
      "gross_profit": 6189000000,
      "operating_income": 3232000000,
      "net_income": 2253000000,
      "opex": 3611000000,
      "cogs": 654000000,
      "rd": null,
      "sga": 700000000,
      "fcf": 1254000000,
      "ocf": 1998000000,
      "capex": -744000000,
      "gross_margin": 0.904427882507672,
      "op_margin": 0.47230746748502117,
      "fcf_margin": 0.1832529592284086,
      "incr_op_margin_yoy": 0.8838526912181303,
      "rev_growth_yoy": 0.05439137134052388,
      "rev_growth_yoy_accel": 0.08891884743065194,
      "op_leverage_ratio": 1.6258924079110397,
      "fcf_margin_change": -0.13189143298112802
    },
    {
      "date": "2025-09-30T00:00:00",
      "quarter_label": "2025-09 (Q3)",
      "revenue": 7078000000,
      "gross_profit": 6412000000,
      "operating_income": 3357000000,
      "net_income": 2278000000,
      "opex": 3721000000,
      "cogs": 666000000,
      "rd": null,
      "sga": 785000000,
      "fcf": 2417000000,
      "ocf": 3428000000,
      "capex": -1011000000,
      "gross_margin": 0.9059056230573609,
      "op_margin": 0.47428652161627577,
      "fcf_margin": 0.3414806442497881,
      "incr_op_margin_yoy": 0.824390243902439,
      "rev_growth_yoy": 0.029826858722537465,
      "rev_growth_yoy_accel": -0.024564512617986416,
      "op_leverage_ratio": 1.1273431376456364,
      "fcf_margin_change": 0.1582276850213795
    }
  ],
  "signals": [
    {
      "quarter": "2025-09 (Q3)",
      "signal": "FCF MARGIN EXPANSION",
      "detail": "FCF margin: +18.3% -> +34.1% (+15.8%)",
      "severity": "MEDIUM"
    },
    {
      "quarter": "2025-09 (Q3)",
      "signal": "INCREMENTAL MARGIN (YoY)",
      "detail": "YoY Incr OPM: +82.4% vs year-ago OPM: +46.4%",
      "severity": "HIGH"
    },
    {
      "quarter": "2025-06 (Q2)",
      "signal": "OPERATING LEVERAGE",
      "detail": "Rev growth +14.9% vs OpEx growth +9.2% (leverage: 1.6x)",
      "severity": "MEDIUM"
    },
    {
      "quarter": "2025-06 (Q2)",
      "signal": "YoY REVENUE GROWTH ACCELERATION",
      "detail": "YoY growth: +5.4% vs prior quarter YoY: -3.5% (accel: +8.9%)",
      "severity": "MEDIUM"
    },
    {
      "quarter": "2025-06 (Q2)",
      "signal": "INCREMENTAL MARGIN (YoY)",
      "detail": "YoY Incr OPM: +88.4% vs year-ago OPM: +45.0%",
      "severity": "HIGH"
    },
    {
      "quarter": "2024-09 (Q3)",
      "signal": "FCF MARGIN EXPANSION",
      "detail": "FCF margin: +16.3% -> +28.3% (+11.9%)",
      "severity": "MEDIUM"
    },
    {
      "quarter": "2024-09 (Q3)",
      "signal": "OPERATING LEVERAGE",
      "detail": "Rev growth +5.9% vs OpEx growth +3.2% (leverage: 1.8x)",
      "severity": "MEDIUM"
    },
    {
      "quarter": "2024-06 (Q2)",
      "signal": "INCREMENTAL MARGIN (YoY)",
      "detail": "YoY Incr OPM: +2454.7% vs year-ago OPM: +47.8%",
      "severity": "HIGH"
    },
    {
      "quarter": "2024-03 (Q1)",
      "signal": "INCREMENTAL MARGIN (YoY)",
      "detail": "YoY Incr OPM: +75.1% vs year-ago OPM: +42.9%",
      "severity": "HIGH"
    },
    {
      "quarter": "2023-12 (Q4)",
      "signal": "YoY REVENUE GROWTH DECELERATION",
      "detail": "YoY growth: +8.1% vs prior quarter YoY: +14.0% (decel: -5.9%)",
      "severity": "WARNING"
    },
    {
      "quarter": "2023-09 (Q3)",
      "signal": "FCF MARGIN EXPANSION",
      "detail": "FCF margin: +17.7% -> +36.7% (+19.1%)",
      "severity": "MEDIUM"
    },
    {
      "quarter": "2023-06 (Q2)",
      "signal": "OPERATING LEVERAGE",
      "detail": "Rev growth +10.2% vs OpEx growth +0.8% (leverage: 12.2x)",
      "severity": "MEDIUM"
    },
    {
      "quarter": "2023-06 (Q2)",
      "signal": "YoY REVENUE GROWTH ACCELERATION",
      "detail": "YoY growth: +13.6% vs prior quarter YoY: +4.1% (accel: +9.5%)",
      "severity": "MEDIUM"
    },
    {
      "quarter": "2023-06 (Q2)",
      "signal": "INCREMENTAL MARGIN (YoY)",
      "detail": "YoY Incr OPM: +178.7% vs year-ago OPM: +29.9%",
      "severity": "HIGH"
    },
    {
      "quarter": "2023-03 (Q1)",
      "signal": "YoY REVENUE GROWTH ACCELERATION",
      "detail": "YoY growth: +4.1% vs prior quarter YoY: -1.4% (accel: +5.5%)",
      "severity": "MEDIUM"
    },
    {
      "quarter": "2023-03 (Q1)",
      "signal": "INCREMENTAL MARGIN (YoY)",
      "detail": "YoY Incr OPM: +94.7% vs year-ago OPM: +40.8%",
      "severity": "HIGH"
    },
    {
      "quarter": "2022-09 (Q3)",
      "signal": "FCF MARGIN EXPANSION",
      "detail": "FCF margin: +3.2% -> +32.4% (+29.3%)",
      "severity": "MEDIUM"
    },
    {
      "quarter": "2022-09 (Q3)",
      "signal": "INCREMENTAL MARGIN (YoY)",
      "detail": "YoY Incr OPM: +67.6% vs year-ago OPM: +48.2%",
      "severity": "MEDIUM"
    },
    {
      "quarter": "2022-06 (Q2)",
      "signal": "YoY REVENUE GROWTH DECELERATION",
      "detail": "YoY growth: -2.9% vs prior quarter YoY: +10.6% (decel: -13.4%)",
      "severity": "WARNING"
    },
    {
      "quarter": "2022-06 (Q2)",
      "signal": "INCREMENTAL MARGIN (YoY)",
      "detail": "YoY Incr OPM: +577.8% vs year-ago OPM: +45.7%",
      "severity": "HIGH"
    },
    {
      "quarter": "2021-09 (Q3)",
      "signal": "FCF MARGIN EXPANSION",
      "detail": "FCF margin: +21.2% -> +34.1% (+12.9%)",
      "severity": "MEDIUM"
    },
    {
      "quarter": "2021-09 (Q3)",
      "signal": "OPERATING LEVERAGE",
      "detail": "Rev growth +5.3% vs OpEx growth +0.6% (leverage: 9.5x)",
      "severity": "MEDIUM"
    },
    {
      "quarter": "2021-03 (Q1)",
      "signal": "FCF MARGIN EXPANSION",
      "detail": "FCF margin: +28.8% -> +34.3% (+5.5%)",
      "severity": "MEDIUM"
    }
  ],
  "data_quality": {
    "n_quarters": 20,
    "coverage": {
      "revenue": [
        20,
        20
      ],
      "gross_profit": [
        15,
        20
      ],
      "op_income": [
        20,
        20
      ],
      "fcf": [
        20,
        20
      ]
    },
    "gaps": [],
    "warnings": [
      "gross_profit: 15/20Q"
    ]
  },
  "market_cap": null,
  "source": "SEC EDGAR",
  "last_updated": "2026-02-02T19:46:10.472574",
  "sector": "Consumer Cyclical",
  "industry": "Restaurants"
}