{
  "ticker": "MCHX",
  "name": "Marchex, Inc.",
  "quarters": [
    {
      "date": "2020-12-31T00:00:00",
      "quarter_label": "2020-12 (Q4)",
      "revenue": -25906000,
      "gross_profit": -1803000,
      "operating_income": -10026000,
      "net_income": null,
      "opex": -15411000,
      "cogs": -24103000,
      "rd": 3317000,
      "sga": null,
      "fcf": -1411000,
      "ocf": -1338000,
      "capex": -73000,
      "gross_margin": 0.06959777657685479,
      "op_margin": 0.38701459121439047,
      "fcf_margin": 0.05446614683857021
    },
    {
      "date": "2021-03-31T00:00:00",
      "quarter_label": "2021-03 (Q1)",
      "revenue": 12980000,
      "gross_profit": 7558000,
      "operating_income": -5247000,
      "net_income": -5332000,
      "opex": 18227000,
      "cogs": 5422000,
      "rd": 5322000,
      "sga": null,
      "fcf": -5715000,
      "ocf": -5615000,
      "capex": -100000,
      "gross_margin": 0.5822804314329738,
      "op_margin": -0.40423728813559323,
      "fcf_margin": -0.44029275808936824,
      "fcf_margin_change": -0.49475890492793845
    },
    {
      "date": "2021-06-30T00:00:00",
      "quarter_label": "2021-06 (Q2)",
      "revenue": 14006000,
      "gross_profit": 8546000,
      "operating_income": -2864000,
      "net_income": -333000,
      "opex": 16870000,
      "cogs": 5460000,
      "rd": 4789000,
      "sga": null,
      "fcf": -422000,
      "ocf": -84000,
      "capex": -338000,
      "gross_margin": 0.6101670712551763,
      "op_margin": -0.20448379266028846,
      "fcf_margin": -0.03012994430958161,
      "op_leverage_ratio": Infinity,
      "fcf_margin_change": 0.41016281377978664
    },
    {
      "date": "2021-09-30T00:00:00",
      "quarter_label": "2021-09 (Q3)",
      "revenue": 13700000,
      "gross_profit": 8193000,
      "operating_income": -1897000,
      "net_income": 3310000,
      "opex": 15597000,
      "cogs": 5507000,
      "rd": 3178000,
      "sga": null,
      "fcf": -585000,
      "ocf": -119000,
      "capex": -466000,
      "gross_margin": 0.598029197080292,
      "op_margin": -0.13846715328467155,
      "fcf_margin": -0.0427007299270073,
      "fcf_margin_change": -0.012570785617425688
    },
    {
      "date": "2021-12-31T00:00:00",
      "quarter_label": "2021-12 (Q4)",
      "revenue": 12790000,
      "gross_profit": 7485000,
      "operating_income": -1788000,
      "net_income": null,
      "opex": 14578000,
      "cogs": 5305000,
      "rd": 2823000,
      "sga": null,
      "fcf": -971000,
      "ocf": -524000,
      "capex": -447000,
      "gross_margin": 0.5852228303362002,
      "op_margin": -0.13979671618451917,
      "fcf_margin": -0.07591868647380766,
      "incr_op_margin_yoy": 0.21289022121149473,
      "fcf_margin_change": -0.03321795654680036
    },
    {
      "date": "2022-03-31T00:00:00",
      "quarter_label": "2022-03 (Q1)",
      "revenue": 13171000,
      "gross_profit": 8236000,
      "operating_income": -1531000,
      "net_income": -1582000,
      "opex": 14702000,
      "cogs": 4935000,
      "rd": 3460000,
      "sga": null,
      "fcf": -2547000,
      "ocf": -1406000,
      "capex": -1141000,
      "gross_margin": 0.6253131880646876,
      "op_margin": -0.11624022473616279,
      "fcf_margin": -0.19337939412345304,
      "rev_growth_yoy": 0.014714946070878275,
      "op_leverage_ratio": 3.5021173295669503,
      "fcf_margin_change": -0.11746070764964538
    },
    {
      "date": "2022-06-30T00:00:00",
      "quarter_label": "2022-06 (Q2)",
      "revenue": 13510000,
      "gross_profit": 8646000,
      "operating_income": -1497000,
      "net_income": -1531000,
      "opex": 15007000,
      "cogs": 4864000,
      "rd": 3531000,
      "sga": null,
      "fcf": 257000,
      "ocf": 617000,
      "capex": -360000,
      "gross_margin": 0.6399703923019985,
      "op_margin": -0.11080680977054035,
      "fcf_margin": 0.01902294596595115,
      "rev_growth_yoy": -0.03541339425960303,
      "rev_growth_yoy_accel": -0.0501283403304813,
      "op_leverage_ratio": 1.2406735612641284,
      "fcf_margin_change": 0.21240234008940417
    },
    {
      "date": "2022-09-30T00:00:00",
      "quarter_label": "2022-09 (Q3)",
      "revenue": 13197000,
      "gross_profit": 8205000,
      "operating_income": -1599000,
      "net_income": -1558000,
      "opex": 14796000,
      "cogs": 4992000,
      "rd": 3524000,
      "sga": null,
      "fcf": -1497000,
      "ocf": -1002000,
      "capex": -495000,
      "gross_margin": 0.6217322118663332,
      "op_margin": -0.12116390088656513,
      "fcf_margin": -0.11343487156171857,
      "rev_growth_yoy": -0.03671532846715329,
      "rev_growth_yoy_accel": -0.0013019342075502593,
      "fcf_margin_change": -0.13245781752766972
    },
    {
      "date": "2022-12-31T00:00:00",
      "quarter_label": "2022-12 (Q4)",
      "revenue": 12292000,
      "gross_profit": 6621000,
      "operating_income": -3522000,
      "net_income": null,
      "opex": 15814000,
      "cogs": 5671000,
      "rd": 3840000,
      "sga": null,
      "fcf": -1370000,
      "ocf": -501000,
      "capex": -869000,
      "gross_margin": 0.5386430198503092,
      "op_margin": -0.28652782297429225,
      "fcf_margin": -0.11145460462089164,
      "rev_growth_yoy": -0.03893666927286943,
      "rev_growth_yoy_accel": -0.002221340805716142,
      "fcf_margin_change": 0.0019802669408269247
    },
    {
      "date": "2023-03-31T00:00:00",
      "quarter_label": "2023-03 (Q1)",
      "revenue": 12216000,
      "gross_profit": 6792000,
      "operating_income": -4503000,
      "net_income": -4476000,
      "opex": 16719000,
      "cogs": 5424000,
      "rd": 4164000,
      "sga": null,
      "fcf": -4773000,
      "ocf": -4381000,
      "capex": -392000,
      "gross_margin": 0.555992141453831,
      "op_margin": -0.36861493123772104,
      "fcf_margin": -0.39071709233791746,
      "rev_growth_yoy": -0.07250778224888012,
      "rev_growth_yoy_accel": -0.03357111297601069,
      "fcf_margin_change": -0.27926248771702583
    },
    {
      "date": "2023-06-30T00:00:00",
      "quarter_label": "2023-06 (Q2)",
      "revenue": 12522000,
      "gross_profit": 7104000,
      "operating_income": -2699000,
      "net_income": -2744000,
      "opex": 15221000,
      "cogs": 5418000,
      "rd": 4096000,
      "sga": null,
      "fcf": -1520000,
      "ocf": -1390000,
      "capex": -130000,
      "gross_margin": 0.5673215141351222,
      "op_margin": -0.21554064845871265,
      "fcf_margin": -0.12138636000638875,
      "rev_growth_yoy": -0.07313101406365655,
      "rev_growth_yoy_accel": -0.0006232318147764287,
      "op_leverage_ratio": Infinity,
      "fcf_margin_change": 0.2693307323315287
    },
    {
      "date": "2023-09-30T00:00:00",
      "quarter_label": "2023-09 (Q3)",
      "revenue": 12778000,
      "gross_profit": 7721000,
      "operating_income": -1320000,
      "net_income": -1547000,
      "opex": 14098000,
      "cogs": 5057000,
      "rd": 3942000,
      "sga": null,
      "fcf": -380000,
      "ocf": -378000,
      "capex": -2000,
      "gross_margin": 0.6042416653623415,
      "op_margin": -0.10330255125997809,
      "fcf_margin": -0.029738613241508845,
      "rev_growth_yoy": -0.031749640069712814,
      "rev_growth_yoy_accel": 0.04138137399394373,
      "op_leverage_ratio": Infinity,
      "fcf_margin_change": 0.09164774676487991
    },
    {
      "date": "2023-12-31T00:00:00",
      "quarter_label": "2023-12 (Q4)",
      "revenue": 12394000,
      "gross_profit": 7711000,
      "operating_income": -1121000,
      "net_income": null,
      "opex": 13515000,
      "cogs": 4683000,
      "rd": 3153000,
      "sga": null,
      "fcf": 901000,
      "ocf": 1754000,
      "capex": -853000,
      "gross_margin": 0.6221558818783283,
      "op_margin": -0.09044699047926416,
      "fcf_margin": 0.07269646603195094,
      "rev_growth_yoy": 0.008298080052066385,
      "rev_growth_yoy_accel": 0.0400477201217792,
      "fcf_margin_change": 0.1024350792734598
    },
    {
      "date": "2024-03-31T00:00:00",
      "quarter_label": "2024-03 (Q1)",
      "revenue": 11573000,
      "gross_profit": 7159000,
      "operating_income": -1313000,
      "net_income": -1450000,
      "opex": 12886000,
      "cogs": 4414000,
      "rd": 3245000,
      "sga": null,
      "fcf": -2482000,
      "ocf": -2478000,
      "capex": -4000,
      "gross_margin": 0.6185950056165213,
      "op_margin": -0.11345372850600535,
      "fcf_margin": -0.2144647023243757,
      "rev_growth_yoy": -0.05263588736083825,
      "rev_growth_yoy_accel": -0.06093396741290463,
      "fcf_margin_change": -0.28716116835632666
    },
    {
      "date": "2024-06-30T00:00:00",
      "quarter_label": "2024-06 (Q2)",
      "revenue": 12074000,
      "gross_profit": 7922000,
      "operating_income": -722000,
      "net_income": -756000,
      "opex": 12796000,
      "cogs": 4152000,
      "rd": 3223000,
      "sga": null,
      "fcf": 40000,
      "ocf": 117000,
      "capex": -77000,
      "gross_margin": 0.6561205896968693,
      "op_margin": -0.05979791287063111,
      "fcf_margin": 0.003312903760145768,
      "rev_growth_yoy": -0.03577703242293563,
      "rev_growth_yoy_accel": 0.016858854937902616,
      "op_leverage_ratio": Infinity,
      "fcf_margin_change": 0.21777760608452146
    },
    {
      "date": "2024-09-30T00:00:00",
      "quarter_label": "2024-09 (Q3)",
      "revenue": 12553000,
      "gross_profit": 8329000,
      "operating_income": -825000,
      "net_income": -831000,
      "opex": 13378000,
      "cogs": 4224000,
      "rd": 3106000,
      "sga": null,
      "fcf": 199000,
      "ocf": 382000,
      "capex": -183000,
      "gross_margin": 0.6635067314586155,
      "op_margin": -0.06572134151198916,
      "fcf_margin": 0.015852784195013143,
      "rev_growth_yoy": -0.017608389419314446,
      "rev_growth_yoy_accel": 0.018168643003621185,
      "op_leverage_ratio": 0.872239175713114,
      "fcf_margin_change": 0.012539880434867375
    },
    {
      "date": "2024-12-31T00:00:00",
      "quarter_label": "2024-12 (Q4)",
      "revenue": 11922000,
      "gross_profit": 7540000,
      "operating_income": -1587000,
      "net_income": null,
      "opex": 13509000,
      "cogs": 4382000,
      "rd": 2841000,
      "sga": null,
      "fcf": 710000,
      "ocf": 875000,
      "capex": -165000,
      "gross_margin": 0.6324442207683275,
      "op_margin": -0.1331152491192753,
      "fcf_margin": 0.0595537661466197,
      "rev_growth_yoy": -0.038082943359690175,
      "rev_growth_yoy_accel": -0.020474553940375728,
      "fcf_margin_change": 0.04370098195160656
    },
    {
      "date": "2025-03-31T00:00:00",
      "quarter_label": "2025-03 (Q1)",
      "revenue": 11402000,
      "gross_profit": 7213000,
      "operating_income": -1871000,
      "net_income": -1982000,
      "opex": 13273000,
      "cogs": 4189000,
      "rd": 2671000,
      "sga": null,
      "fcf": -2622000,
      "ocf": -2622000,
      "capex": null,
      "gross_margin": 0.6326083143308191,
      "op_margin": -0.16409401859322925,
      "fcf_margin": -0.22995965620066655,
      "rev_growth_yoy": -0.014775771191566577,
      "rev_growth_yoy_accel": 0.0233071721681236,
      "fcf_margin_change": -0.2895134223472863
    },
    {
      "date": "2025-06-30T00:00:00",
      "quarter_label": "2025-06 (Q2)",
      "revenue": 11655000,
      "gross_profit": 7587000,
      "operating_income": -536000,
      "net_income": 85000,
      "opex": 12191000,
      "cogs": 4068000,
      "rd": 2501000,
      "sga": null,
      "fcf": 803000,
      "ocf": 803000,
      "capex": null,
      "gross_margin": 0.6509652509652509,
      "op_margin": -0.04598884598884599,
      "fcf_margin": 0.0688974688974689,
      "rev_growth_yoy": -0.03470266688752692,
      "rev_growth_yoy_accel": -0.019926895695960345,
      "op_leverage_ratio": Infinity,
      "fcf_margin_change": 0.29885712509813545
    },
    {
      "date": "2025-09-30T00:00:00",
      "quarter_label": "2025-09 (Q3)",
      "revenue": 11514000,
      "gross_profit": 7268000,
      "operating_income": -941000,
      "net_income": -1020000,
      "opex": 12455000,
      "cogs": 4246000,
      "rd": 2370000,
      "sga": null,
      "fcf": 290000,
      "ocf": 290000,
      "capex": null,
      "gross_margin": 0.6312315442070523,
      "op_margin": -0.08172659371200278,
      "fcf_margin": 0.025186729199235713,
      "incr_op_margin_yoy": 0.11164581328200192,
      "rev_growth_yoy": -0.08276905918903847,
      "rev_growth_yoy_accel": -0.04806639230151155,
      "fcf_margin_change": -0.04371073969823318
    }
  ],
  "signals": [
    {
      "quarter": "2025-06 (Q2)",
      "signal": "FCF TURNED POSITIVE",
      "detail": "FCF margin: -23.0% -> +6.9%",
      "severity": "HIGH"
    },
    {
      "quarter": "2024-06 (Q2)",
      "signal": "FCF TURNED POSITIVE",
      "detail": "FCF margin: -21.4% -> +0.3%",
      "severity": "HIGH"
    },
    {
      "quarter": "2024-06 (Q2)",
      "signal": "GROSS MARGIN INFLECTION",
      "detail": "GM: +62.2% -> +61.9% -> +65.6% (reversal +3.8%)",
      "severity": "MEDIUM"
    },
    {
      "quarter": "2024-03 (Q1)",
      "signal": "YoY REVENUE GROWTH DECELERATION",
      "detail": "YoY growth: -5.3% vs prior quarter YoY: +0.8% (decel: -6.1%)",
      "severity": "WARNING"
    },
    {
      "quarter": "2023-12 (Q4)",
      "signal": "FCF TURNED POSITIVE",
      "detail": "FCF margin: -3.0% -> +7.3%",
      "severity": "HIGH"
    },
    {
      "quarter": "2023-09 (Q3)",
      "signal": "FCF MARGIN EXPANSION",
      "detail": "FCF margin: -12.1% -> -3.0% (+9.2%)",
      "severity": "MEDIUM"
    },
    {
      "quarter": "2023-06 (Q2)",
      "signal": "FCF MARGIN EXPANSION",
      "detail": "FCF margin: -39.1% -> -12.1% (+26.9%)",
      "severity": "MEDIUM"
    },
    {
      "quarter": "2022-06 (Q2)",
      "signal": "FCF TURNED POSITIVE",
      "detail": "FCF margin: -19.3% -> +1.9%",
      "severity": "HIGH"
    },
    {
      "quarter": "2022-06 (Q2)",
      "signal": "YoY REVENUE GROWTH DECELERATION",
      "detail": "YoY growth: -3.5% vs prior quarter YoY: +1.5% (decel: -5.0%)",
      "severity": "WARNING"
    },
    {
      "quarter": "2022-03 (Q1)",
      "signal": "OPERATING LEVERAGE",
      "detail": "Rev growth +3.0% vs OpEx growth +0.9% (leverage: 3.5x)",
      "severity": "MEDIUM"
    },
    {
      "quarter": "2022-03 (Q1)",
      "signal": "GROSS MARGIN INFLECTION",
      "detail": "GM: +59.8% -> +58.5% -> +62.5% (reversal +4.0%)",
      "severity": "MEDIUM"
    },
    {
      "quarter": "2021-06 (Q2)",
      "signal": "FCF MARGIN EXPANSION",
      "detail": "FCF margin: -44.0% -> -3.0% (+41.0%)",
      "severity": "MEDIUM"
    }
  ],
  "data_quality": {
    "n_quarters": 20,
    "coverage": {
      "revenue": [
        20,
        20
      ],
      "gross_profit": [
        20,
        20
      ],
      "op_income": [
        20,
        20
      ],
      "fcf": [
        20,
        20
      ]
    },
    "gaps": [],
    "warnings": []
  },
  "market_cap": null,
  "source": "SEC EDGAR",
  "last_updated": "2026-02-02T23:29:34.323750",
  "sector": "Communication Services",
  "industry": "Advertising Agencies"
}