{
  "ticker": "MCK",
  "name": "McKESSON CORPORATION",
  "quarters": [
    {
      "date": "2020-12-31T00:00:00",
      "quarter_label": "2020-12 (Q4)",
      "revenue": 62599000000,
      "gross_profit": 3151000000,
      "operating_income": -7362000000,
      "net_income": -6226000000,
      "opex": 10513000000,
      "cogs": 59448000000,
      "rd": null,
      "sga": 2291000000,
      "fcf": 1094000000,
      "ocf": 1213000000,
      "capex": -119000000,
      "gross_margin": 0.05033626735251362,
      "op_margin": -0.11760571255131871,
      "fcf_margin": 0.017476317513059315
    },
    {
      "date": "2021-03-31T00:00:00",
      "quarter_label": "2021-03 (Q1)",
      "revenue": 59142000000,
      "gross_profit": 3297000000,
      "operating_income": 1010000000,
      "net_income": 666000000,
      "opex": 2287000000,
      "cogs": 55845000000,
      "rd": null,
      "sga": 2224000000,
      "fcf": 3212000000,
      "ocf": 3370000000,
      "capex": -158000000,
      "gross_margin": 0.05574718474180785,
      "op_margin": 0.01707754218660174,
      "fcf_margin": 0.054309965844915625,
      "fcf_margin_change": 0.03683364833185631
    },
    {
      "date": "2021-06-30T00:00:00",
      "quarter_label": "2021-06 (Q2)",
      "revenue": 62674000000,
      "gross_profit": 3032000000,
      "operating_income": 568000000,
      "net_income": 486000000,
      "opex": 2464000000,
      "cogs": 59642000000,
      "rd": null,
      "sga": 2232000000,
      "fcf": -1715000000,
      "ocf": -1622000000,
      "capex": -93000000,
      "gross_margin": 0.04837731754794652,
      "op_margin": 0.009062769250406867,
      "fcf_margin": -0.027363819127548903,
      "op_leverage_ratio": 0.7716450706496496,
      "fcf_margin_change": -0.08167378497246452
    },
    {
      "date": "2021-09-30T00:00:00",
      "quarter_label": "2021-09 (Q3)",
      "revenue": 66576000000,
      "gross_profit": 3352000000,
      "operating_income": 539000000,
      "net_income": 267000000,
      "opex": 2813000000,
      "cogs": 63224000000,
      "rd": null,
      "sga": 2669000000,
      "fcf": 1699000000,
      "ocf": 1792000000,
      "capex": -93000000,
      "gross_margin": 0.05034847392453737,
      "op_margin": 0.008096010574381158,
      "fcf_margin": 0.025519706801249698,
      "op_leverage_ratio": 0.43955692681088737,
      "fcf_margin_change": 0.0528835259287986
    },
    {
      "date": "2021-12-31T00:00:00",
      "quarter_label": "2021-12 (Q4)",
      "revenue": 68614000000,
      "gross_profit": 3428000000,
      "operating_income": 298000000,
      "net_income": -7000000,
      "opex": 3130000000,
      "cogs": 65186000000,
      "rd": null,
      "sga": 3105000000,
      "fcf": 1310000000,
      "ocf": 1377000000,
      "capex": -67000000,
      "gross_margin": 0.04996064943014545,
      "op_margin": 0.004343136969131664,
      "fcf_margin": 0.019092313522021745,
      "incr_op_margin_yoy": 1.2734829592684955,
      "rev_growth_yoy": 0.09608779692966342,
      "op_leverage_ratio": 0.2716420198978497,
      "fcf_margin_change": -0.006427393279227953
    },
    {
      "date": "2022-03-31T00:00:00",
      "quarter_label": "2022-03 (Q1)",
      "revenue": 66102000000,
      "gross_profit": 3318000000,
      "operating_income": 633000000,
      "net_income": 368000000,
      "opex": 2685000000,
      "cogs": 62784000000,
      "rd": null,
      "sga": 2531000000,
      "fcf": 2752000000,
      "ocf": 2887000000,
      "capex": -135000000,
      "gross_margin": 0.05019515294544794,
      "op_margin": 0.009576109648724698,
      "fcf_margin": 0.04163262836222807,
      "incr_op_margin_yoy": -0.05416666666666667,
      "rev_growth_yoy": 0.11768286496905753,
      "rev_growth_yoy_accel": 0.021595068039394108,
      "fcf_margin_change": 0.022540314840206327
    },
    {
      "date": "2022-06-30T00:00:00",
      "quarter_label": "2022-06 (Q2)",
      "revenue": 67154000000,
      "gross_profit": 3023000000,
      "operating_income": 1036000000,
      "net_income": 768000000,
      "opex": 1987000000,
      "cogs": 64131000000,
      "rd": null,
      "sga": 1959000000,
      "fcf": -1012000000,
      "ocf": -941000000,
      "capex": -71000000,
      "gross_margin": 0.045015933525925485,
      "op_margin": 0.015427226970843137,
      "fcf_margin": -0.015069839473449087,
      "incr_op_margin_yoy": 0.10446428571428572,
      "rev_growth_yoy": 0.07148099690461754,
      "rev_growth_yoy_accel": -0.04620186806443999,
      "op_leverage_ratio": Infinity,
      "fcf_margin_change": -0.05670246783567716
    },
    {
      "date": "2022-09-30T00:00:00",
      "quarter_label": "2022-09 (Q3)",
      "revenue": 70157000000,
      "gross_profit": 3095000000,
      "operating_income": 1124000000,
      "net_income": 926000000,
      "opex": 1971000000,
      "cogs": 67062000000,
      "rd": null,
      "sga": 1950000000,
      "fcf": 1021000000,
      "ocf": 1107000000,
      "capex": -86000000,
      "gross_margin": 0.04411534130592813,
      "op_margin": 0.01602120957281526,
      "fcf_margin": 0.014553073820146244,
      "incr_op_margin_yoy": 0.16336218933258867,
      "rev_growth_yoy": 0.05378815188656573,
      "rev_growth_yoy_accel": -0.01769284501805181,
      "op_leverage_ratio": Infinity,
      "fcf_margin_change": 0.02962291329359533
    },
    {
      "date": "2022-12-31T00:00:00",
      "quarter_label": "2022-12 (Q4)",
      "revenue": 70490000000,
      "gross_profit": 3174000000,
      "operating_income": 1241000000,
      "net_income": 1079000000,
      "opex": 1933000000,
      "cogs": 67316000000,
      "rd": null,
      "sga": 1903000000,
      "fcf": 1560000000,
      "ocf": 1668000000,
      "capex": -108000000,
      "gross_margin": 0.045027663498368564,
      "op_margin": 0.017605334089941835,
      "fcf_margin": 0.022130798694850334,
      "incr_op_margin_yoy": 0.5026652452025586,
      "rev_growth_yoy": 0.027341358906345644,
      "rev_growth_yoy_accel": -0.026446792980220086,
      "fcf_margin_change": 0.00757772487470409
    },
    {
      "date": "2023-03-31T00:00:00",
      "quarter_label": "2023-03 (Q1)",
      "revenue": 68910000000,
      "gross_profit": 3066000000,
      "operating_income": 980000000,
      "net_income": 787000000,
      "opex": 2086000000,
      "cogs": 65844000000,
      "rd": null,
      "sga": 1964000000,
      "fcf": 3200000000,
      "ocf": 3325000000,
      "capex": -125000000,
      "gross_margin": 0.044492816717457556,
      "op_margin": 0.014221448265854012,
      "fcf_margin": 0.04643738209258453,
      "incr_op_margin_yoy": 0.12357549857549857,
      "rev_growth_yoy": 0.042479803939366435,
      "rev_growth_yoy_accel": 0.015138445033020791,
      "fcf_margin_change": 0.024306583397734196
    },
    {
      "date": "2023-06-30T00:00:00",
      "quarter_label": "2023-06 (Q2)",
      "revenue": 74483000000,
      "gross_profit": 3022000000,
      "operating_income": 1100000000,
      "net_income": 958000000,
      "opex": 1922000000,
      "cogs": 71461000000,
      "rd": null,
      "sga": 1870000000,
      "fcf": -1130000000,
      "ocf": -1052000000,
      "capex": -78000000,
      "gross_margin": 0.04057301666152008,
      "op_margin": 0.014768470657733979,
      "fcf_margin": -0.015171247130217634,
      "incr_op_margin_yoy": 0.00873243280120071,
      "rev_growth_yoy": 0.10913720701670787,
      "rev_growth_yoy_accel": 0.06665740307734144,
      "op_leverage_ratio": Infinity,
      "fcf_margin_change": -0.061608629222802164
    },
    {
      "date": "2023-09-30T00:00:00",
      "quarter_label": "2023-09 (Q3)",
      "revenue": 77215000000,
      "gross_profit": 3069000000,
      "operating_income": 951000000,
      "net_income": 664000000,
      "opex": 2118000000,
      "cogs": 74146000000,
      "rd": null,
      "sga": 2092000000,
      "fcf": 890000000,
      "ocf": 965000000,
      "capex": -75000000,
      "gross_margin": 0.03974616331023765,
      "op_margin": 0.012316259794081462,
      "fcf_margin": 0.011526257851453734,
      "incr_op_margin_yoy": -0.02451119297251346,
      "rev_growth_yoy": 0.10060293342075631,
      "rev_growth_yoy_accel": -0.008534273595951561,
      "op_leverage_ratio": 0.35968377388950823,
      "fcf_margin_change": 0.026697504981671366
    },
    {
      "date": "2023-12-31T00:00:00",
      "quarter_label": "2023-12 (Q4)",
      "revenue": 80898000000,
      "gross_profit": 3152000000,
      "operating_income": 642000000,
      "net_income": 589000000,
      "opex": 2510000000,
      "cogs": 77746000000,
      "rd": null,
      "sga": 2506000000,
      "fcf": 164000000,
      "ocf": 254000000,
      "capex": -90000000,
      "gross_margin": 0.03896264431753566,
      "op_margin": 0.00793591930579248,
      "fcf_margin": 0.002027244184034216,
      "incr_op_margin_yoy": -0.05755188316679477,
      "rev_growth_yoy": 0.1476521492410271,
      "rev_growth_yoy_accel": 0.04704921582027079,
      "op_leverage_ratio": 0.25771513941327356,
      "fcf_margin_change": -0.009499013667419518
    },
    {
      "date": "2024-03-31T00:00:00",
      "quarter_label": "2024-03 (Q1)",
      "revenue": 76355000000,
      "gross_profit": 3585000000,
      "operating_income": 1216000000,
      "net_income": 791000000,
      "opex": 2369000000,
      "cogs": 72770000000,
      "rd": null,
      "sga": 2189000000,
      "fcf": 3959000000,
      "ocf": 4147000000,
      "capex": -188000000,
      "gross_margin": 0.04695173858948334,
      "op_margin": 0.01592561063453605,
      "fcf_margin": 0.051849911597144915,
      "incr_op_margin_yoy": 0.031699126930826056,
      "rev_growth_yoy": 0.1080394717747787,
      "rev_growth_yoy_accel": -0.0396126774662484,
      "fcf_margin_change": 0.0498226674131107
    },
    {
      "date": "2024-06-30T00:00:00",
      "quarter_label": "2024-06 (Q2)",
      "revenue": 79283000000,
      "gross_profit": 3152000000,
      "operating_income": 1029000000,
      "net_income": 915000000,
      "opex": 2123000000,
      "cogs": 76131000000,
      "rd": null,
      "sga": 2001000000,
      "fcf": -1486000000,
      "ocf": -1380000000,
      "capex": -106000000,
      "gross_margin": 0.039756315981988574,
      "op_margin": 0.01297882269843472,
      "fcf_margin": -0.01874298399404664,
      "incr_op_margin_yoy": -0.014791666666666667,
      "rev_growth_yoy": 0.06444423559738464,
      "rev_growth_yoy_accel": -0.04359523617739405,
      "op_leverage_ratio": Infinity,
      "fcf_margin_change": -0.07059289559119156
    },
    {
      "date": "2024-09-30T00:00:00",
      "quarter_label": "2024-09 (Q3)",
      "revenue": 93651000000,
      "gross_profit": 3248000000,
      "operating_income": 578000000,
      "net_income": 241000000,
      "opex": 2670000000,
      "cogs": 90403000000,
      "rd": null,
      "sga": 2503000000,
      "fcf": 1964000000,
      "ocf": 2100000000,
      "capex": -136000000,
      "gross_margin": 0.03468195748043267,
      "op_margin": 0.006171850807786356,
      "fcf_margin": 0.02097147921538478,
      "incr_op_margin_yoy": -0.022694086152348504,
      "rev_growth_yoy": 0.21286019555785793,
      "rev_growth_yoy_accel": 0.1484159599604733,
      "op_leverage_ratio": 0.7033620173639885,
      "fcf_margin_change": 0.03971446320943142
    },
    {
      "date": "2024-12-31T00:00:00",
      "quarter_label": "2024-12 (Q4)",
      "revenue": 95294000000,
      "gross_profit": 3284000000,
      "operating_income": 1224000000,
      "net_income": 879000000,
      "opex": 2060000000,
      "cogs": 92010000000,
      "rd": null,
      "sga": 2028000000,
      "fcf": -2509000000,
      "ocf": -2383000000,
      "capex": -126000000,
      "gross_margin": 0.03446177094045795,
      "op_margin": 0.012844460301802842,
      "fcf_margin": -0.026329044850672657,
      "incr_op_margin_yoy": 0.040427896637954985,
      "rev_growth_yoy": 0.17795248337412545,
      "rev_growth_yoy_accel": -0.03490771218373248,
      "op_leverage_ratio": Infinity,
      "fcf_margin_change": -0.047300524066057434
    },
    {
      "date": "2025-03-31T00:00:00",
      "quarter_label": "2025-03 (Q1)",
      "revenue": 90823000000,
      "gross_profit": 3639000000,
      "operating_income": 1591000000,
      "net_income": 1260000000,
      "opex": 2048000000,
      "cogs": 87184000000,
      "rd": null,
      "sga": 1975000000,
      "fcf": 7579000000,
      "ocf": 7748000000,
      "capex": -169000000,
      "gross_margin": 0.04006694339539544,
      "op_margin": 0.017517589156931614,
      "fcf_margin": 0.08344802527994011,
      "incr_op_margin_yoy": 0.02591927011335361,
      "rev_growth_yoy": 0.18948333442472662,
      "rev_growth_yoy_accel": 0.01153085105060117,
      "fcf_margin_change": 0.10977707013061276
    },
    {
      "date": "2025-06-30T00:00:00",
      "quarter_label": "2025-06 (Q2)",
      "revenue": 97827000000,
      "gross_profit": 3279000000,
      "operating_income": 1036000000,
      "net_income": 784000000,
      "opex": 2243000000,
      "cogs": 94548000000,
      "rd": null,
      "sga": 2196000000,
      "fcf": -1029000000,
      "ocf": -918000000,
      "capex": -111000000,
      "gross_margin": 0.0335183538286976,
      "op_margin": 0.010590123381070666,
      "fcf_margin": -0.010518568493360728,
      "incr_op_margin_yoy": 0.00037748058671268334,
      "rev_growth_yoy": 0.23389629554885663,
      "rev_growth_yoy_accel": 0.04441296112413001,
      "op_leverage_ratio": 0.8099265491600032,
      "fcf_margin_change": -0.09396659377330084
    },
    {
      "date": "2025-09-30T00:00:00",
      "quarter_label": "2025-09 (Q3)",
      "revenue": 103150000000,
      "gross_profit": 3542000000,
      "operating_income": 1407000000,
      "net_income": 1110000000,
      "opex": 2135000000,
      "cogs": 99608000000,
      "rd": null,
      "sga": 2074000000,
      "fcf": 2314000000,
      "ocf": 2420000000,
      "capex": -106000000,
      "gross_margin": 0.03433834222006786,
      "op_margin": 0.013640329617062531,
      "fcf_margin": 0.022433349491032477,
      "incr_op_margin_yoy": 0.0872723444573113,
      "rev_growth_yoy": 0.10142977651066193,
      "rev_growth_yoy_accel": -0.1324665190381947,
      "op_leverage_ratio": Infinity,
      "fcf_margin_change": 0.0329519179843932
    }
  ],
  "signals": [
    {
      "quarter": "2025-09 (Q3)",
      "signal": "FCF TURNED POSITIVE",
      "detail": "FCF margin: -1.1% -> +2.2%",
      "severity": "HIGH"
    },
    {
      "quarter": "2025-09 (Q3)",
      "signal": "YoY REVENUE GROWTH DECELERATION",
      "detail": "YoY growth: +10.1% vs prior quarter YoY: +23.4% (decel: -13.2%)",
      "severity": "WARNING"
    },
    {
      "quarter": "2025-03 (Q1)",
      "signal": "FCF TURNED POSITIVE",
      "detail": "FCF margin: -2.6% -> +8.3%",
      "severity": "HIGH"
    },
    {
      "quarter": "2024-09 (Q3)",
      "signal": "FCF TURNED POSITIVE",
      "detail": "FCF margin: -1.9% -> +2.1%",
      "severity": "HIGH"
    },
    {
      "quarter": "2024-09 (Q3)",
      "signal": "YoY REVENUE GROWTH ACCELERATION",
      "detail": "YoY growth: +21.3% vs prior quarter YoY: +6.4% (accel: +14.8%)",
      "severity": "MEDIUM"
    },
    {
      "quarter": "2023-09 (Q3)",
      "signal": "FCF TURNED POSITIVE",
      "detail": "FCF margin: -1.5% -> +1.2%",
      "severity": "HIGH"
    },
    {
      "quarter": "2023-06 (Q2)",
      "signal": "YoY REVENUE GROWTH ACCELERATION",
      "detail": "YoY growth: +10.9% vs prior quarter YoY: +4.2% (accel: +6.7%)",
      "severity": "MEDIUM"
    },
    {
      "quarter": "2023-03 (Q1)",
      "signal": "INCREMENTAL MARGIN (YoY)",
      "detail": "YoY Incr OPM: +12.4% vs year-ago OPM: +1.0%",
      "severity": "MEDIUM"
    },
    {
      "quarter": "2022-12 (Q4)",
      "signal": "INCREMENTAL MARGIN (YoY)",
      "detail": "YoY Incr OPM: +50.3% vs year-ago OPM: +0.4%",
      "severity": "HIGH"
    },
    {
      "quarter": "2022-09 (Q3)",
      "signal": "FCF TURNED POSITIVE",
      "detail": "FCF margin: -1.5% -> +1.5%",
      "severity": "HIGH"
    },
    {
      "quarter": "2022-09 (Q3)",
      "signal": "INCREMENTAL MARGIN (YoY)",
      "detail": "YoY Incr OPM: +16.3% vs year-ago OPM: +0.8%",
      "severity": "MEDIUM"
    },
    {
      "quarter": "2021-12 (Q4)",
      "signal": "OP MARGIN TURNED POSITIVE (YoY)",
      "detail": "Op margin: -11.8% (year-ago) -> +0.4%",
      "severity": "HIGH"
    },
    {
      "quarter": "2021-09 (Q3)",
      "signal": "FCF TURNED POSITIVE",
      "detail": "FCF margin: -2.7% -> +2.6%",
      "severity": "HIGH"
    },
    {
      "quarter": "2021-03 (Q1)",
      "signal": "OP MARGIN TURNED POSITIVE (QoQ)",
      "detail": "Op margin: -11.8% -> +1.7%",
      "severity": "HIGH"
    }
  ],
  "data_quality": {
    "n_quarters": 20,
    "coverage": {
      "revenue": [
        20,
        20
      ],
      "gross_profit": [
        20,
        20
      ],
      "op_income": [
        20,
        20
      ],
      "fcf": [
        20,
        20
      ]
    },
    "gaps": [],
    "warnings": []
  },
  "market_cap": null,
  "source": "SEC EDGAR",
  "last_updated": "2026-02-02T19:49:58.694225"
}