{
  "ticker": "MCRI",
  "name": "MONARCH CASINO\u00a0& RESORT,\u00a0INC",
  "quarters": [
    {
      "date": "2020-12-31T00:00:00",
      "quarter_label": "2020-12 (Q4)",
      "revenue": 58377000,
      "gross_profit": 5213000,
      "operating_income": null,
      "net_income": 15260000,
      "opex": 53164000,
      "cogs": null,
      "rd": null,
      "sga": 18475000,
      "fcf": -46271000,
      "ocf": 12159000,
      "capex": -58430000,
      "gross_margin": 0.08929886770474674,
      "op_margin": null,
      "fcf_margin": -0.7926238073213766
    },
    {
      "date": "2021-03-31T00:00:00",
      "quarter_label": "2021-03 (Q1)",
      "revenue": 74960000,
      "gross_profit": 11283000,
      "operating_income": null,
      "net_income": 8154000,
      "opex": 63677000,
      "cogs": null,
      "rd": null,
      "sga": 19925000,
      "fcf": 15427000,
      "ocf": 21854000,
      "capex": -6427000,
      "gross_margin": 0.15052027748132338,
      "op_margin": null,
      "fcf_margin": 0.20580309498399146,
      "op_leverage_ratio": 1.4365221037622167,
      "fcf_margin_change": 0.998426902305368
    },
    {
      "date": "2021-06-30T00:00:00",
      "quarter_label": "2021-06 (Q2)",
      "revenue": 97719000,
      "gross_profit": 23750000,
      "operating_income": null,
      "net_income": 18149000,
      "opex": 73969000,
      "cogs": null,
      "rd": null,
      "sga": 20607000,
      "fcf": 27571000,
      "ocf": 33349000,
      "capex": -5778000,
      "gross_margin": 0.2430438297567515,
      "op_margin": null,
      "fcf_margin": 0.28214574443045876,
      "op_leverage_ratio": 1.878479304780661,
      "fcf_margin_change": 0.07634264944646729
    },
    {
      "date": "2021-09-30T00:00:00",
      "quarter_label": "2021-09 (Q3)",
      "revenue": 111630000,
      "gross_profit": 29040000,
      "operating_income": null,
      "net_income": 22314000,
      "opex": 82590000,
      "cogs": null,
      "rd": null,
      "sga": 21690000,
      "fcf": 26287000,
      "ocf": 41074000,
      "capex": -14787000,
      "gross_margin": 0.26014512227895725,
      "op_margin": null,
      "fcf_margin": 0.23548329302158919,
      "op_leverage_ratio": 1.221438033204249,
      "fcf_margin_change": -0.04666245140886957
    },
    {
      "date": "2021-12-31T00:00:00",
      "quarter_label": "2021-12 (Q4)",
      "revenue": 111068000,
      "gross_profit": 25804000,
      "operating_income": null,
      "net_income": 19871000,
      "opex": 85264000,
      "cogs": null,
      "rd": null,
      "sga": 22205000,
      "fcf": 11890000,
      "ocf": 31826000,
      "capex": -19936000,
      "gross_margin": 0.2323261425433068,
      "op_margin": null,
      "fcf_margin": 0.10705153599596644,
      "rev_growth_yoy": 0.9025986261712661,
      "fcf_margin_change": -0.12843175702562276
    },
    {
      "date": "2022-03-31T00:00:00",
      "quarter_label": "2022-03 (Q1)",
      "revenue": 108318000,
      "gross_profit": 21349000,
      "operating_income": null,
      "net_income": 18118000,
      "opex": 86969000,
      "cogs": null,
      "rd": null,
      "sga": 24183000,
      "fcf": 20624000,
      "ocf": 35438000,
      "capex": -14814000,
      "gross_margin": 0.19709558891412324,
      "op_margin": null,
      "fcf_margin": 0.19040233386879374,
      "rev_growth_yoy": 0.44501067235859126,
      "rev_growth_yoy_accel": -0.4575879538126748,
      "fcf_margin_change": 0.0833507978728273
    },
    {
      "date": "2022-06-30T00:00:00",
      "quarter_label": "2022-06 (Q2)",
      "revenue": 115289000,
      "gross_profit": 25661000,
      "operating_income": null,
      "net_income": 19435000,
      "opex": 89628000,
      "cogs": null,
      "rd": null,
      "sga": 23097000,
      "fcf": 13293000,
      "ocf": 25173000,
      "capex": -11880000,
      "gross_margin": 0.22257977777585025,
      "op_margin": null,
      "fcf_margin": 0.11530154654823964,
      "rev_growth_yoy": 0.17980126689794207,
      "rev_growth_yoy_accel": -0.2652094054606492,
      "op_leverage_ratio": 2.104944208228525,
      "fcf_margin_change": -0.0751007873205541
    },
    {
      "date": "2022-09-30T00:00:00",
      "quarter_label": "2022-09 (Q3)",
      "revenue": 133727000,
      "gross_profit": 36356000,
      "operating_income": null,
      "net_income": 27493000,
      "opex": 97371000,
      "cogs": null,
      "rd": null,
      "sga": 25651000,
      "fcf": 40842000,
      "ocf": 45573000,
      "capex": -4731000,
      "gross_margin": 0.2718673117620226,
      "op_margin": null,
      "fcf_margin": 0.30541326732821344,
      "rev_growth_yoy": 0.19794858013078923,
      "rev_growth_yoy_accel": 0.018147313232847156,
      "op_leverage_ratio": 1.8512300216155073,
      "fcf_margin_change": 0.1901117207799738
    },
    {
      "date": "2022-12-31T00:00:00",
      "quarter_label": "2022-12 (Q4)",
      "revenue": 120536000,
      "gross_profit": 28076000,
      "operating_income": null,
      "net_income": 22433000,
      "opex": 92460000,
      "cogs": null,
      "rd": null,
      "sga": 24671000,
      "fcf": 25532000,
      "ocf": 33584000,
      "capex": -8052000,
      "gross_margin": 0.23292626269330324,
      "op_margin": null,
      "fcf_margin": 0.21182053494391717,
      "rev_growth_yoy": 0.08524507508913458,
      "rev_growth_yoy_accel": -0.11270350504165465,
      "fcf_margin_change": -0.09359273238429627
    },
    {
      "date": "2023-03-31T00:00:00",
      "quarter_label": "2023-03 (Q1)",
      "revenue": 116644000,
      "gross_profit": 23159000,
      "operating_income": null,
      "net_income": 17670000,
      "opex": 93485000,
      "cogs": null,
      "rd": null,
      "sga": 25116000,
      "fcf": 46757000,
      "ocf": 61534000,
      "capex": -14777000,
      "gross_margin": 0.19854428860464318,
      "op_margin": null,
      "fcf_margin": 0.4008521655635952,
      "rev_growth_yoy": 0.07686626414815635,
      "rev_growth_yoy_accel": -0.008378810940978226,
      "fcf_margin_change": 0.18903163061967804
    },
    {
      "date": "2023-06-30T00:00:00",
      "quarter_label": "2023-06 (Q2)",
      "revenue": 123683000,
      "gross_profit": 29708000,
      "operating_income": null,
      "net_income": 22413000,
      "opex": 93975000,
      "cogs": null,
      "rd": null,
      "sga": 24955000,
      "fcf": 17956000,
      "ocf": 26381000,
      "capex": -8425000,
      "gross_margin": 0.24019469126719112,
      "op_margin": null,
      "fcf_margin": 0.14517759109982778,
      "rev_growth_yoy": 0.07280833383930817,
      "rev_growth_yoy_accel": -0.004057930308848184,
      "op_leverage_ratio": 11.513156637779423,
      "fcf_margin_change": -0.2556745744637674
    },
    {
      "date": "2023-09-30T00:00:00",
      "quarter_label": "2023-09 (Q3)",
      "revenue": 132965000,
      "gross_profit": 31902000,
      "operating_income": null,
      "net_income": 24163000,
      "opex": 101063000,
      "cogs": null,
      "rd": null,
      "sga": 27091000,
      "fcf": 37532000,
      "ocf": 46494000,
      "capex": -8962000,
      "gross_margin": 0.23992780054901666,
      "op_margin": null,
      "fcf_margin": 0.2822697702402888,
      "rev_growth_yoy": -0.0056981761349615264,
      "rev_growth_yoy_accel": -0.0785065099742697,
      "op_leverage_ratio": 0.9949933515318752,
      "fcf_margin_change": 0.13709217914046104
    },
    {
      "date": "2023-12-31T00:00:00",
      "quarter_label": "2023-12 (Q4)",
      "revenue": 128186000,
      "gross_profit": 25383000,
      "operating_income": null,
      "net_income": 18202000,
      "opex": 102803000,
      "cogs": null,
      "rd": null,
      "sga": 28657000,
      "fcf": 21796000,
      "ocf": 38637000,
      "capex": -16841000,
      "gross_margin": 0.19801694412806392,
      "op_margin": null,
      "fcf_margin": 0.17003416909802943,
      "rev_growth_yoy": 0.06346651622751709,
      "rev_growth_yoy_accel": 0.06916469236247862,
      "fcf_margin_change": -0.11223560114225939
    },
    {
      "date": "2024-03-31T00:00:00",
      "quarter_label": "2024-03 (Q1)",
      "revenue": 121657000,
      "gross_profit": 23810000,
      "operating_income": null,
      "net_income": 18275000,
      "opex": 97847000,
      "cogs": null,
      "rd": null,
      "sga": 27074000,
      "fcf": 20665000,
      "ocf": 38287000,
      "capex": -17622000,
      "gross_margin": 0.19571418003074217,
      "op_margin": null,
      "fcf_margin": 0.1698628110178617,
      "rev_growth_yoy": 0.04297692123041048,
      "rev_growth_yoy_accel": -0.020489594997106612,
      "fcf_margin_change": -0.0001713580801677439
    },
    {
      "date": "2024-06-30T00:00:00",
      "quarter_label": "2024-06 (Q2)",
      "revenue": 128143000,
      "gross_profit": 29513000,
      "operating_income": null,
      "net_income": 22682000,
      "opex": 98630000,
      "cogs": null,
      "rd": null,
      "sga": 26198000,
      "fcf": 10954000,
      "ocf": 24306000,
      "capex": -13352000,
      "gross_margin": 0.23031300968449311,
      "op_margin": null,
      "fcf_margin": 0.08548262488001686,
      "rev_growth_yoy": 0.03605992739503408,
      "rev_growth_yoy_accel": -0.006916993835376396,
      "op_leverage_ratio": 6.662321619821975,
      "fcf_margin_change": -0.08438018613784483
    },
    {
      "date": "2024-09-30T00:00:00",
      "quarter_label": "2024-09 (Q3)",
      "revenue": 137873000,
      "gross_profit": 35277000,
      "operating_income": null,
      "net_income": 27601000,
      "opex": 102596000,
      "cogs": null,
      "rd": null,
      "sga": 27177000,
      "fcf": 35419000,
      "ocf": 40317000,
      "capex": -4898000,
      "gross_margin": 0.2558659055797727,
      "op_margin": null,
      "fcf_margin": 0.25689583892422735,
      "rev_growth_yoy": 0.036911969315233335,
      "rev_growth_yoy_accel": 0.0008520419201992549,
      "op_leverage_ratio": 1.8883142752823707,
      "fcf_margin_change": 0.1714132140442105
    },
    {
      "date": "2024-12-31T00:00:00",
      "quarter_label": "2024-12 (Q4)",
      "revenue": 134513000,
      "gross_profit": 3903000,
      "operating_income": null,
      "net_income": 4211000,
      "opex": 130610000,
      "cogs": null,
      "rd": null,
      "sga": 27837000,
      "fcf": 26241000,
      "ocf": 37801000,
      "capex": -11560000,
      "gross_margin": 0.029015782861136097,
      "op_margin": null,
      "fcf_margin": 0.19508151628467138,
      "rev_growth_yoy": 0.04935796420825987,
      "rev_growth_yoy_accel": 0.012445994893026537,
      "fcf_margin_change": -0.06181432263955597
    },
    {
      "date": "2025-03-31T00:00:00",
      "quarter_label": "2025-03 (Q1)",
      "revenue": 125394000,
      "gross_profit": 25318000,
      "operating_income": null,
      "net_income": 19864000,
      "opex": 100076000,
      "cogs": null,
      "rd": null,
      "sga": 27190000,
      "fcf": 16643000,
      "ocf": 36462000,
      "capex": -19819000,
      "gross_margin": 0.20190758728487807,
      "op_margin": null,
      "fcf_margin": 0.13272564875512385,
      "rev_growth_yoy": 0.030717509062363858,
      "rev_growth_yoy_accel": -0.018640455145896014,
      "fcf_margin_change": -0.062355867529547526
    },
    {
      "date": "2025-06-30T00:00:00",
      "quarter_label": "2025-06 (Q2)",
      "revenue": 136914000,
      "gross_profit": 34899000,
      "operating_income": null,
      "net_income": 27008000,
      "opex": 102015000,
      "cogs": null,
      "rd": null,
      "sga": 26786000,
      "fcf": 26024000,
      "ocf": 34128000,
      "capex": -8104000,
      "gross_margin": 0.2548972347605066,
      "op_margin": null,
      "fcf_margin": 0.19007552186043794,
      "rev_growth_yoy": 0.0684469694013719,
      "rev_growth_yoy_accel": 0.03772946033900805,
      "op_leverage_ratio": 4.741632075543168,
      "fcf_margin_change": 0.057349873105314086
    },
    {
      "date": "2025-09-30T00:00:00",
      "quarter_label": "2025-09 (Q3)",
      "revenue": 142814000,
      "gross_profit": 38173000,
      "operating_income": null,
      "net_income": 31576000,
      "opex": 104641000,
      "cogs": null,
      "rd": null,
      "sga": 27508000,
      "fcf": 53546000,
      "ocf": 56022000,
      "capex": -2476000,
      "gross_margin": 0.26729172210007424,
      "op_margin": null,
      "fcf_margin": 0.37493523043959276,
      "rev_growth_yoy": 0.03583732855598993,
      "rev_growth_yoy_accel": -0.032609640845381975,
      "op_leverage_ratio": 1.67406942685187,
      "fcf_margin_change": 0.18485970857915482
    }
  ],
  "signals": [
    {
      "quarter": "2025-09 (Q3)",
      "signal": "FCF MARGIN EXPANSION",
      "detail": "FCF margin: +19.0% -> +37.5% (+18.5%)",
      "severity": "MEDIUM"
    },
    {
      "quarter": "2025-09 (Q3)",
      "signal": "OPERATING LEVERAGE",
      "detail": "Rev growth +4.3% vs OpEx growth +2.6% (leverage: 1.7x)",
      "severity": "MEDIUM"
    },
    {
      "quarter": "2025-06 (Q2)",
      "signal": "FCF MARGIN EXPANSION",
      "detail": "FCF margin: +13.3% -> +19.0% (+5.7%)",
      "severity": "MEDIUM"
    },
    {
      "quarter": "2025-06 (Q2)",
      "signal": "OPERATING LEVERAGE",
      "detail": "Rev growth +9.2% vs OpEx growth +1.9% (leverage: 4.7x)",
      "severity": "MEDIUM"
    },
    {
      "quarter": "2025-03 (Q1)",
      "signal": "GROSS MARGIN INFLECTION",
      "detail": "GM: +25.6% -> +2.9% -> +20.2% (reversal +17.3%)",
      "severity": "HIGH"
    },
    {
      "quarter": "2024-09 (Q3)",
      "signal": "FCF MARGIN EXPANSION",
      "detail": "FCF margin: +8.5% -> +25.7% (+17.1%)",
      "severity": "MEDIUM"
    },
    {
      "quarter": "2024-09 (Q3)",
      "signal": "OPERATING LEVERAGE",
      "detail": "Rev growth +7.6% vs OpEx growth +4.0% (leverage: 1.9x)",
      "severity": "MEDIUM"
    },
    {
      "quarter": "2024-06 (Q2)",
      "signal": "OPERATING LEVERAGE",
      "detail": "Rev growth +5.3% vs OpEx growth +0.8% (leverage: 6.7x)",
      "severity": "MEDIUM"
    },
    {
      "quarter": "2024-06 (Q2)",
      "signal": "GROSS MARGIN INFLECTION",
      "detail": "GM: +19.8% -> +19.6% -> +23.0% (reversal +3.5%)",
      "severity": "MEDIUM"
    },
    {
      "quarter": "2023-12 (Q4)",
      "signal": "YoY REVENUE GROWTH ACCELERATION",
      "detail": "YoY growth: +6.3% vs prior quarter YoY: -0.6% (accel: +6.9%)",
      "severity": "MEDIUM"
    },
    {
      "quarter": "2023-09 (Q3)",
      "signal": "FCF MARGIN EXPANSION",
      "detail": "FCF margin: +14.5% -> +28.2% (+13.7%)",
      "severity": "MEDIUM"
    },
    {
      "quarter": "2023-09 (Q3)",
      "signal": "YoY REVENUE GROWTH DECELERATION",
      "detail": "YoY growth: -0.6% vs prior quarter YoY: +7.3% (decel: -7.9%)",
      "severity": "WARNING"
    },
    {
      "quarter": "2023-06 (Q2)",
      "signal": "OPERATING LEVERAGE",
      "detail": "Rev growth +6.0% vs OpEx growth +0.5% (leverage: 11.5x)",
      "severity": "MEDIUM"
    },
    {
      "quarter": "2023-06 (Q2)",
      "signal": "GROSS MARGIN INFLECTION",
      "detail": "GM: +23.3% -> +19.9% -> +24.0% (reversal +4.2%)",
      "severity": "MEDIUM"
    },
    {
      "quarter": "2023-03 (Q1)",
      "signal": "FCF MARGIN EXPANSION",
      "detail": "FCF margin: +21.2% -> +40.1% (+18.9%)",
      "severity": "MEDIUM"
    },
    {
      "quarter": "2022-12 (Q4)",
      "signal": "YoY REVENUE GROWTH DECELERATION",
      "detail": "YoY growth: +8.5% vs prior quarter YoY: +19.8% (decel: -11.3%)",
      "severity": "WARNING"
    },
    {
      "quarter": "2022-09 (Q3)",
      "signal": "FCF MARGIN EXPANSION",
      "detail": "FCF margin: +11.5% -> +30.5% (+19.0%)",
      "severity": "MEDIUM"
    },
    {
      "quarter": "2022-09 (Q3)",
      "signal": "OPERATING LEVERAGE",
      "detail": "Rev growth +16.0% vs OpEx growth +8.6% (leverage: 1.9x)",
      "severity": "MEDIUM"
    },
    {
      "quarter": "2022-06 (Q2)",
      "signal": "OPERATING LEVERAGE",
      "detail": "Rev growth +6.4% vs OpEx growth +3.1% (leverage: 2.1x)",
      "severity": "MEDIUM"
    },
    {
      "quarter": "2022-06 (Q2)",
      "signal": "GROSS MARGIN INFLECTION",
      "detail": "GM: +23.2% -> +19.7% -> +22.3% (reversal +2.5%)",
      "severity": "MEDIUM"
    },
    {
      "quarter": "2022-06 (Q2)",
      "signal": "YoY REVENUE GROWTH DECELERATION",
      "detail": "YoY growth: +18.0% vs prior quarter YoY: +44.5% (decel: -26.5%)",
      "severity": "WARNING"
    },
    {
      "quarter": "2022-03 (Q1)",
      "signal": "FCF MARGIN EXPANSION",
      "detail": "FCF margin: +10.7% -> +19.0% (+8.3%)",
      "severity": "MEDIUM"
    },
    {
      "quarter": "2022-03 (Q1)",
      "signal": "YoY REVENUE GROWTH DECELERATION",
      "detail": "YoY growth: +44.5% vs prior quarter YoY: +90.3% (decel: -45.8%)",
      "severity": "WARNING"
    },
    {
      "quarter": "2021-06 (Q2)",
      "signal": "FCF MARGIN EXPANSION",
      "detail": "FCF margin: +20.6% -> +28.2% (+7.6%)",
      "severity": "MEDIUM"
    },
    {
      "quarter": "2021-06 (Q2)",
      "signal": "OPERATING LEVERAGE",
      "detail": "Rev growth +30.4% vs OpEx growth +16.2% (leverage: 1.9x)",
      "severity": "MEDIUM"
    },
    {
      "quarter": "2021-03 (Q1)",
      "signal": "FCF TURNED POSITIVE",
      "detail": "FCF margin: -79.3% -> +20.6%",
      "severity": "HIGH"
    }
  ],
  "data_quality": {
    "n_quarters": 20,
    "coverage": {
      "revenue": [
        20,
        20
      ],
      "gross_profit": [
        20,
        20
      ],
      "op_income": [
        0,
        20
      ],
      "fcf": [
        20,
        20
      ]
    },
    "gaps": [],
    "warnings": [
      "op_income: no data"
    ]
  },
  "market_cap": null,
  "source": "SEC EDGAR",
  "last_updated": "2026-02-02T21:44:51.382310",
  "sector": "Consumer Cyclical",
  "industry": "Resorts & Casinos"
}