{
  "ticker": "MCS",
  "name": "MARCUS CORP",
  "quarters": [
    {
      "date": "2020-12-31T00:00:00",
      "quarter_label": "2020-12 (Q4)",
      "revenue": 36704000,
      "gross_profit": null,
      "operating_income": -55173000,
      "net_income": -39022000,
      "opex": 91877000,
      "cogs": null,
      "rd": null,
      "sga": null,
      "fcf": 9419000,
      "ocf": 12095000,
      "capex": -2676000,
      "gross_margin": null,
      "op_margin": -1.5031876634699215,
      "fcf_margin": 0.2566205318221447
    },
    {
      "date": "2021-04-01T00:00:00",
      "quarter_label": "2021-04 (Q2)",
      "revenue": 50787000,
      "gross_profit": null,
      "operating_income": -35661000,
      "net_income": -28130000,
      "opex": 86448000,
      "cogs": null,
      "rd": null,
      "sga": null,
      "fcf": -14508000,
      "ocf": -12983000,
      "capex": -1525000,
      "gross_margin": null,
      "op_margin": -0.7021678776064741,
      "fcf_margin": -0.28566365408470673,
      "op_leverage_ratio": Infinity,
      "fcf_margin_change": -0.5422841859068515
    },
    {
      "date": "2021-07-01T00:00:00",
      "quarter_label": "2021-07 (Q3)",
      "revenue": 92547000,
      "gross_profit": null,
      "operating_income": -26110000,
      "net_income": -23366000,
      "opex": 118657000,
      "cogs": null,
      "rd": null,
      "sga": null,
      "fcf": -1368000,
      "ocf": 3302000,
      "capex": -4670000,
      "gross_margin": null,
      "op_margin": -0.2821269192950609,
      "fcf_margin": -0.014781678498492658,
      "op_leverage_ratio": 2.2069151656011163,
      "fcf_margin_change": 0.2708819755862141
    },
    {
      "date": "2021-09-30T00:00:00",
      "quarter_label": "2021-09 (Q3)",
      "revenue": 145862000,
      "gross_profit": null,
      "operating_income": 6273000,
      "net_income": 1759000,
      "opex": 139589000,
      "cogs": null,
      "rd": null,
      "sga": null,
      "fcf": 8812000,
      "ocf": 11738000,
      "capex": -2926000,
      "gross_margin": null,
      "op_margin": 0.043006403312720244,
      "fcf_margin": 0.06041326733487817,
      "op_leverage_ratio": 3.2656505208396793,
      "fcf_margin_change": 0.07519494583337083
    },
    {
      "date": "2021-12-30T00:00:00",
      "quarter_label": "2021-12 (Q4)",
      "revenue": 169048000,
      "gross_profit": null,
      "operating_income": 14046000,
      "net_income": 6444000,
      "opex": 155002000,
      "cogs": null,
      "rd": null,
      "sga": null,
      "fcf": 36233000,
      "ocf": 44194000,
      "capex": -7961000,
      "gross_margin": null,
      "op_margin": 0.08308882684208035,
      "fcf_margin": 0.21433557332828546,
      "incr_op_margin_yoy": 0.5230233331318382,
      "rev_growth_yoy": 3.6057105492589363,
      "op_leverage_ratio": 1.4396193818718788,
      "fcf_margin_change": 0.15392230599340728
    },
    {
      "date": "2022-03-31T00:00:00",
      "quarter_label": "2022-03 (Q1)",
      "revenue": 132242000,
      "gross_profit": null,
      "operating_income": -16797000,
      "net_income": -14902000,
      "opex": 149039000,
      "cogs": null,
      "rd": null,
      "sga": null,
      "fcf": -91000,
      "ocf": 6471000,
      "capex": -6562000,
      "gross_margin": null,
      "op_margin": -0.12701713525203792,
      "fcf_margin": -0.000688132363394383,
      "incr_op_margin_yoy": 0.2315879933705727,
      "rev_growth_yoy": 1.6038553173056096,
      "rev_growth_yoy_accel": -2.0018552319533267,
      "fcf_margin_change": -0.21502370569167983
    },
    {
      "date": "2022-06-30T00:00:00",
      "quarter_label": "2022-06 (Q2)",
      "revenue": 198555000,
      "gross_profit": null,
      "operating_income": 18893000,
      "net_income": 8960000,
      "opex": 179662000,
      "cogs": null,
      "rd": null,
      "sga": null,
      "fcf": 38978000,
      "ocf": 48757000,
      "capex": -9779000,
      "gross_margin": null,
      "op_margin": 0.09515247664375111,
      "fcf_margin": 0.19630832766739695,
      "incr_op_margin_yoy": 0.42452456418383516,
      "rev_growth_yoy": 1.145450419786703,
      "rev_growth_yoy_accel": -0.45840489751890656,
      "op_leverage_ratio": 2.4405148839097537,
      "fcf_margin_change": 0.19699646003079133
    },
    {
      "date": "2022-09-29T00:00:00",
      "quarter_label": "2022-09 (Q3)",
      "revenue": 183650000,
      "gross_profit": null,
      "operating_income": 8949000,
      "net_income": 3289000,
      "opex": 174701000,
      "cogs": null,
      "rd": null,
      "sga": null,
      "fcf": -6008000,
      "ocf": 5134000,
      "capex": -11142000,
      "gross_margin": null,
      "op_margin": 0.048728559760413834,
      "fcf_margin": -0.032714402395861694,
      "incr_op_margin_yoy": 0.0708161321054303,
      "rev_growth_yoy": 0.2590667891568743,
      "rev_growth_yoy_accel": -0.8863836306298287,
      "fcf_margin_change": -0.22902273006325863
    },
    {
      "date": "2022-12-29T00:00:00",
      "quarter_label": "2022-12 (Q4)",
      "revenue": 162947000,
      "gross_profit": null,
      "operating_income": -2739000,
      "net_income": -9319000,
      "opex": 165686000,
      "cogs": null,
      "rd": null,
      "sga": null,
      "fcf": 23487000,
      "ocf": 32847000,
      "capex": -9360000,
      "gross_margin": null,
      "op_margin": -0.016809146532308052,
      "fcf_margin": 0.14413889178690004,
      "incr_op_margin_yoy": 2.751188329782003,
      "rev_growth_yoy": -0.036090341204864894,
      "rev_growth_yoy_accel": -0.2951571303617392,
      "fcf_margin_change": 0.17685329418276174
    },
    {
      "date": "2023-03-30T00:00:00",
      "quarter_label": "2023-03 (Q1)",
      "revenue": 152276000,
      "gross_profit": null,
      "operating_income": -8988000,
      "net_income": -9466000,
      "opex": 161264000,
      "cogs": null,
      "rd": null,
      "sga": null,
      "fcf": -16655000,
      "ocf": -7734000,
      "capex": -8921000,
      "gross_margin": null,
      "op_margin": -0.05902440305760592,
      "fcf_margin": -0.10937376868318054,
      "incr_op_margin_yoy": 0.3897873614854747,
      "rev_growth_yoy": 0.15149498646420956,
      "rev_growth_yoy_accel": 0.18758532766907446,
      "fcf_margin_change": -0.2535126604700806
    },
    {
      "date": "2023-06-29T00:00:00",
      "quarter_label": "2023-06 (Q2)",
      "revenue": 207007000,
      "gross_profit": null,
      "operating_income": 20810000,
      "net_income": 13466000,
      "opex": 186197000,
      "cogs": null,
      "rd": null,
      "sga": null,
      "fcf": 48085000,
      "ocf": 55060000,
      "capex": -6975000,
      "gross_margin": null,
      "op_margin": 0.10052800146854937,
      "fcf_margin": 0.23228683088011517,
      "incr_op_margin_yoy": 0.22681022243256035,
      "rev_growth_yoy": 0.042567550552743576,
      "rev_growth_yoy_accel": -0.10892743591146598,
      "op_leverage_ratio": 2.324688749999833,
      "fcf_margin_change": 0.3416605995632957
    },
    {
      "date": "2023-09-28T00:00:00",
      "quarter_label": "2023-09 (Q3)",
      "revenue": 208766000,
      "gross_profit": null,
      "operating_income": 20933000,
      "net_income": 12234000,
      "opex": 187833000,
      "cogs": null,
      "rd": null,
      "sga": null,
      "fcf": 11376000,
      "ocf": 21316000,
      "capex": -9940000,
      "gross_margin": null,
      "op_margin": 0.10027015893392602,
      "fcf_margin": 0.05449163177912112,
      "incr_op_margin_yoy": 0.47714604236343366,
      "rev_growth_yoy": 0.13676014157364552,
      "rev_growth_yoy_accel": 0.09419259102090194,
      "fcf_margin_change": -0.17779519910099406
    },
    {
      "date": "2023-12-28T00:00:00",
      "quarter_label": "2023-12 (Q4)",
      "revenue": 161526000,
      "gross_profit": null,
      "operating_income": 1171000,
      "net_income": -1440000,
      "opex": 160355000,
      "cogs": null,
      "rd": null,
      "sga": null,
      "fcf": 21049000,
      "ocf": 33987000,
      "capex": -12938000,
      "gross_margin": null,
      "op_margin": 0.007249606874435075,
      "fcf_margin": 0.13031338608025952,
      "incr_op_margin_yoy": -2.751583391977481,
      "rev_growth_yoy": -0.008720626952321921,
      "rev_growth_yoy_accel": -0.14548076852596745,
      "fcf_margin_change": 0.07582175430113841
    },
    {
      "date": "2024-03-28T00:00:00",
      "quarter_label": "2024-03 (Q1)",
      "revenue": 138547000,
      "gross_profit": null,
      "operating_income": -16665000,
      "net_income": -11866000,
      "opex": 155212000,
      "cogs": null,
      "rd": null,
      "sga": null,
      "fcf": -30538000,
      "ocf": -15098000,
      "capex": -15440000,
      "gross_margin": null,
      "op_margin": -0.12028409131919132,
      "fcf_margin": -0.22041617645997388,
      "incr_op_margin_yoy": 0.5591812950688324,
      "rev_growth_yoy": -0.09015865927657674,
      "rev_growth_yoy_accel": -0.08143803232425481,
      "fcf_margin_change": -0.3507295625402334
    },
    {
      "date": "2024-06-27T00:00:00",
      "quarter_label": "2024-06 (Q2)",
      "revenue": 176032000,
      "gross_profit": null,
      "operating_income": 2237000,
      "net_income": -20221000,
      "opex": 173795000,
      "cogs": null,
      "rd": null,
      "sga": null,
      "fcf": 16132000,
      "ocf": 35975000,
      "capex": -19843000,
      "gross_margin": null,
      "op_margin": 0.012707916742410471,
      "fcf_margin": 0.09164242864933649,
      "incr_op_margin_yoy": 0.5996125907990315,
      "rev_growth_yoy": -0.1496326211190926,
      "rev_growth_yoy_accel": -0.059473961842515854,
      "op_leverage_ratio": 2.2597992338750412,
      "fcf_margin_change": 0.3120586051093104
    },
    {
      "date": "2024-09-26T00:00:00",
      "quarter_label": "2024-09 (Q3)",
      "revenue": 232668000,
      "gross_profit": null,
      "operating_income": 32782000,
      "net_income": 23314000,
      "opex": 199886000,
      "cogs": null,
      "rd": null,
      "sga": null,
      "fcf": 12010000,
      "ocf": 30497000,
      "capex": -18487000,
      "gross_margin": null,
      "op_margin": 0.14089604071036843,
      "fcf_margin": 0.05161861536610105,
      "incr_op_margin_yoy": 0.4957325746799431,
      "rev_growth_yoy": 0.11449182338120192,
      "rev_growth_yoy_accel": 0.2641244445002945,
      "op_leverage_ratio": 2.143125002007468,
      "fcf_margin_change": -0.04002381328323543
    },
    {
      "date": "2024-12-26T00:00:00",
      "quarter_label": "2024-12 (Q4)",
      "revenue": 188313000,
      "gross_profit": null,
      "operating_income": -2184000,
      "net_income": 986000,
      "opex": 190497000,
      "cogs": null,
      "rd": null,
      "sga": null,
      "fcf": 27126000,
      "ocf": 52566000,
      "capex": -25440000,
      "gross_margin": null,
      "op_margin": -0.011597712319383155,
      "fcf_margin": 0.14404741042838254,
      "incr_op_margin_yoy": -0.12524732146190315,
      "rev_growth_yoy": 0.16583707886036922,
      "rev_growth_yoy_accel": 0.051345255479167295,
      "fcf_margin_change": 0.0924287950622815
    },
    {
      "date": "2025-03-31T00:00:00",
      "quarter_label": "2025-03 (Q1)",
      "revenue": 148766000,
      "gross_profit": null,
      "operating_income": -20412000,
      "net_income": -16816000,
      "opex": 169178000,
      "cogs": null,
      "rd": null,
      "sga": null,
      "fcf": -58334000,
      "ocf": -35329000,
      "capex": -23005000,
      "gross_margin": null,
      "op_margin": -0.13720877082128982,
      "fcf_margin": -0.39211916701396826,
      "incr_op_margin_yoy": -0.3666699285644388,
      "rev_growth_yoy": 0.07375836358780775,
      "rev_growth_yoy_accel": -0.09207871527256146,
      "fcf_margin_change": -0.5361665774423507
    },
    {
      "date": "2025-06-30T00:00:00",
      "quarter_label": "2025-06 (Q2)",
      "revenue": 206043000,
      "gross_profit": null,
      "operating_income": 13007000,
      "net_income": 7321000,
      "opex": 193036000,
      "cogs": null,
      "rd": null,
      "sga": null,
      "fcf": 14730000,
      "ocf": 31640000,
      "capex": -16910000,
      "gross_margin": null,
      "op_margin": 0.06312759957872871,
      "fcf_margin": 0.07148993171328315,
      "incr_op_margin_yoy": 0.35886841491453136,
      "rev_growth_yoy": 0.17048604799127431,
      "rev_growth_yoy_accel": 0.09672768440346656,
      "op_leverage_ratio": 2.730149499804301,
      "fcf_margin_change": 0.4636090987272514
    },
    {
      "date": "2025-09-30T00:00:00",
      "quarter_label": "2025-09 (Q3)",
      "revenue": 210151000,
      "gross_profit": null,
      "operating_income": 22731000,
      "net_income": 16230000,
      "opex": 187420000,
      "cogs": null,
      "rd": null,
      "sga": null,
      "fcf": 18195000,
      "ocf": 39089000,
      "capex": -20894000,
      "gross_margin": null,
      "op_margin": 0.10816508129868523,
      "fcf_margin": 0.08658060156744436,
      "incr_op_margin_yoy": 0.4463738508682329,
      "rev_growth_yoy": -0.09677738236457098,
      "rev_growth_yoy_accel": -0.2672634303558453,
      "op_leverage_ratio": Infinity,
      "fcf_margin_change": 0.015090669854161215
    }
  ],
  "signals": [
    {
      "quarter": "2025-09 (Q3)",
      "signal": "YoY REVENUE GROWTH DECELERATION",
      "detail": "YoY growth: -9.7% vs prior quarter YoY: +17.0% (decel: -26.7%)",
      "severity": "WARNING"
    },
    {
      "quarter": "2025-09 (Q3)",
      "signal": "INCREMENTAL MARGIN (YoY)",
      "detail": "YoY Incr OPM: +44.6% vs year-ago OPM: +14.1%",
      "severity": "HIGH"
    },
    {
      "quarter": "2025-06 (Q2)",
      "signal": "FCF TURNED POSITIVE",
      "detail": "FCF margin: -39.2% -> +7.1%",
      "severity": "HIGH"
    },
    {
      "quarter": "2025-06 (Q2)",
      "signal": "OPERATING LEVERAGE",
      "detail": "Rev growth +38.5% vs OpEx growth +14.1% (leverage: 2.7x)",
      "severity": "MEDIUM"
    },
    {
      "quarter": "2025-06 (Q2)",
      "signal": "YoY REVENUE GROWTH ACCELERATION",
      "detail": "YoY growth: +17.0% vs prior quarter YoY: +7.4% (accel: +9.7%)",
      "severity": "MEDIUM"
    },
    {
      "quarter": "2025-06 (Q2)",
      "signal": "INCREMENTAL MARGIN (YoY)",
      "detail": "YoY Incr OPM: +35.9% vs year-ago OPM: +1.3%",
      "severity": "HIGH"
    },
    {
      "quarter": "2025-06 (Q2)",
      "signal": "OP MARGIN TURNED POSITIVE (QoQ)",
      "detail": "Op margin: -13.7% -> +6.3%",
      "severity": "HIGH"
    },
    {
      "quarter": "2025-03 (Q1)",
      "signal": "YoY REVENUE GROWTH DECELERATION",
      "detail": "YoY growth: +7.4% vs prior quarter YoY: +16.6% (decel: -9.2%)",
      "severity": "WARNING"
    },
    {
      "quarter": "2024-12 (Q4)",
      "signal": "FCF MARGIN EXPANSION",
      "detail": "FCF margin: +5.2% -> +14.4% (+9.2%)",
      "severity": "MEDIUM"
    },
    {
      "quarter": "2024-12 (Q4)",
      "signal": "YoY REVENUE GROWTH ACCELERATION",
      "detail": "YoY growth: +16.6% vs prior quarter YoY: +11.4% (accel: +5.1%)",
      "severity": "MEDIUM"
    },
    {
      "quarter": "2024-09 (Q3)",
      "signal": "OPERATING LEVERAGE",
      "detail": "Rev growth +32.2% vs OpEx growth +15.0% (leverage: 2.1x)",
      "severity": "MEDIUM"
    },
    {
      "quarter": "2024-09 (Q3)",
      "signal": "YoY REVENUE GROWTH ACCELERATION",
      "detail": "YoY growth: +11.4% vs prior quarter YoY: -15.0% (accel: +26.4%)",
      "severity": "HIGH"
    },
    {
      "quarter": "2024-09 (Q3)",
      "signal": "INCREMENTAL MARGIN (YoY)",
      "detail": "YoY Incr OPM: +49.6% vs year-ago OPM: +10.0%",
      "severity": "HIGH"
    },
    {
      "quarter": "2024-06 (Q2)",
      "signal": "FCF TURNED POSITIVE",
      "detail": "FCF margin: -22.0% -> +9.2%",
      "severity": "HIGH"
    },
    {
      "quarter": "2024-06 (Q2)",
      "signal": "OPERATING LEVERAGE",
      "detail": "Rev growth +27.1% vs OpEx growth +12.0% (leverage: 2.3x)",
      "severity": "MEDIUM"
    },
    {
      "quarter": "2024-06 (Q2)",
      "signal": "YoY REVENUE GROWTH DECELERATION",
      "detail": "YoY growth: -15.0% vs prior quarter YoY: -9.0% (decel: -5.9%)",
      "severity": "WARNING"
    },
    {
      "quarter": "2024-06 (Q2)",
      "signal": "INCREMENTAL MARGIN (YoY)",
      "detail": "YoY Incr OPM: +60.0% vs year-ago OPM: +10.1%",
      "severity": "HIGH"
    },
    {
      "quarter": "2024-06 (Q2)",
      "signal": "OP MARGIN TURNED POSITIVE (QoQ)",
      "detail": "Op margin: -12.0% -> +1.3%",
      "severity": "HIGH"
    },
    {
      "quarter": "2024-03 (Q1)",
      "signal": "YoY REVENUE GROWTH DECELERATION",
      "detail": "YoY growth: -9.0% vs prior quarter YoY: -0.9% (decel: -8.1%)",
      "severity": "WARNING"
    },
    {
      "quarter": "2023-12 (Q4)",
      "signal": "FCF MARGIN EXPANSION",
      "detail": "FCF margin: +5.4% -> +13.0% (+7.6%)",
      "severity": "MEDIUM"
    },
    {
      "quarter": "2023-12 (Q4)",
      "signal": "YoY REVENUE GROWTH DECELERATION",
      "detail": "YoY growth: -0.9% vs prior quarter YoY: +13.7% (decel: -14.5%)",
      "severity": "WARNING"
    },
    {
      "quarter": "2023-12 (Q4)",
      "signal": "OP MARGIN TURNED POSITIVE (YoY)",
      "detail": "Op margin: -1.7% (year-ago) -> +0.7%",
      "severity": "HIGH"
    },
    {
      "quarter": "2023-09 (Q3)",
      "signal": "YoY REVENUE GROWTH ACCELERATION",
      "detail": "YoY growth: +13.7% vs prior quarter YoY: +4.3% (accel: +9.4%)",
      "severity": "MEDIUM"
    },
    {
      "quarter": "2023-09 (Q3)",
      "signal": "INCREMENTAL MARGIN (YoY)",
      "detail": "YoY Incr OPM: +47.7% vs year-ago OPM: +4.9%",
      "severity": "HIGH"
    },
    {
      "quarter": "2023-06 (Q2)",
      "signal": "FCF TURNED POSITIVE",
      "detail": "FCF margin: -10.9% -> +23.2%",
      "severity": "HIGH"
    },
    {
      "quarter": "2023-06 (Q2)",
      "signal": "OPERATING LEVERAGE",
      "detail": "Rev growth +35.9% vs OpEx growth +15.5% (leverage: 2.3x)",
      "severity": "MEDIUM"
    },
    {
      "quarter": "2023-06 (Q2)",
      "signal": "YoY REVENUE GROWTH DECELERATION",
      "detail": "YoY growth: +4.3% vs prior quarter YoY: +15.1% (decel: -10.9%)",
      "severity": "WARNING"
    },
    {
      "quarter": "2023-06 (Q2)",
      "signal": "INCREMENTAL MARGIN (YoY)",
      "detail": "YoY Incr OPM: +22.7% vs year-ago OPM: +9.5%",
      "severity": "MEDIUM"
    },
    {
      "quarter": "2023-06 (Q2)",
      "signal": "OP MARGIN TURNED POSITIVE (QoQ)",
      "detail": "Op margin: -5.9% -> +10.1%",
      "severity": "HIGH"
    },
    {
      "quarter": "2023-03 (Q1)",
      "signal": "YoY REVENUE GROWTH ACCELERATION",
      "detail": "YoY growth: +15.1% vs prior quarter YoY: -3.6% (accel: +18.8%)",
      "severity": "HIGH"
    },
    {
      "quarter": "2022-12 (Q4)",
      "signal": "FCF TURNED POSITIVE",
      "detail": "FCF margin: -3.3% -> +14.4%",
      "severity": "HIGH"
    },
    {
      "quarter": "2022-12 (Q4)",
      "signal": "YoY REVENUE GROWTH DECELERATION",
      "detail": "YoY growth: -3.6% vs prior quarter YoY: +25.9% (decel: -29.5%)",
      "severity": "WARNING"
    },
    {
      "quarter": "2022-09 (Q3)",
      "signal": "YoY REVENUE GROWTH DECELERATION",
      "detail": "YoY growth: +25.9% vs prior quarter YoY: +114.5% (decel: -88.6%)",
      "severity": "WARNING"
    },
    {
      "quarter": "2022-06 (Q2)",
      "signal": "FCF TURNED POSITIVE",
      "detail": "FCF margin: -0.1% -> +19.6%",
      "severity": "HIGH"
    },
    {
      "quarter": "2022-06 (Q2)",
      "signal": "OPERATING LEVERAGE",
      "detail": "Rev growth +50.1% vs OpEx growth +20.5% (leverage: 2.4x)",
      "severity": "MEDIUM"
    },
    {
      "quarter": "2022-06 (Q2)",
      "signal": "YoY REVENUE GROWTH DECELERATION",
      "detail": "YoY growth: +114.5% vs prior quarter YoY: +160.4% (decel: -45.8%)",
      "severity": "WARNING"
    },
    {
      "quarter": "2022-06 (Q2)",
      "signal": "OP MARGIN TURNED POSITIVE (YoY)",
      "detail": "Op margin: -28.2% (year-ago) -> +9.5%",
      "severity": "HIGH"
    },
    {
      "quarter": "2022-06 (Q2)",
      "signal": "OP MARGIN TURNED POSITIVE (QoQ)",
      "detail": "Op margin: -12.7% -> +9.5%",
      "severity": "HIGH"
    },
    {
      "quarter": "2022-03 (Q1)",
      "signal": "YoY REVENUE GROWTH DECELERATION",
      "detail": "YoY growth: +160.4% vs prior quarter YoY: +360.6% (decel: -200.2%)",
      "severity": "WARNING"
    },
    {
      "quarter": "2021-12 (Q4)",
      "signal": "FCF MARGIN EXPANSION",
      "detail": "FCF margin: +6.0% -> +21.4% (+15.4%)",
      "severity": "MEDIUM"
    },
    {
      "quarter": "2021-12 (Q4)",
      "signal": "OP MARGIN TURNED POSITIVE (YoY)",
      "detail": "Op margin: -150.3% (year-ago) -> +8.3%",
      "severity": "HIGH"
    },
    {
      "quarter": "2021-09 (Q3)",
      "signal": "FCF TURNED POSITIVE",
      "detail": "FCF margin: -1.5% -> +6.0%",
      "severity": "HIGH"
    },
    {
      "quarter": "2021-09 (Q3)",
      "signal": "OPERATING LEVERAGE",
      "detail": "Rev growth +57.6% vs OpEx growth +17.6% (leverage: 3.3x)",
      "severity": "MEDIUM"
    },
    {
      "quarter": "2021-09 (Q3)",
      "signal": "OP MARGIN TURNED POSITIVE (QoQ)",
      "detail": "Op margin: -28.2% -> +4.3%",
      "severity": "HIGH"
    },
    {
      "quarter": "2021-07 (Q3)",
      "signal": "FCF MARGIN EXPANSION",
      "detail": "FCF margin: -28.6% -> -1.5% (+27.1%)",
      "severity": "MEDIUM"
    },
    {
      "quarter": "2021-07 (Q3)",
      "signal": "OPERATING LEVERAGE",
      "detail": "Rev growth +82.2% vs OpEx growth +37.3% (leverage: 2.2x)",
      "severity": "MEDIUM"
    }
  ],
  "data_quality": {
    "n_quarters": 20,
    "coverage": {
      "revenue": [
        20,
        20
      ],
      "gross_profit": [
        0,
        20
      ],
      "op_income": [
        20,
        20
      ],
      "fcf": [
        20,
        20
      ]
    },
    "gaps": [],
    "warnings": [
      "gross_profit: no data"
    ]
  },
  "market_cap": null,
  "source": "SEC EDGAR",
  "last_updated": "2026-02-02T22:27:40.768938"
}