{
  "ticker": "MCW",
  "name": "Mister Car Wash, Inc.",
  "quarters": [
    {
      "date": "2020-12-31T00:00:00",
      "quarter_label": "2020-12 (Q4)",
      "revenue": 162037000,
      "gross_profit": null,
      "operating_income": 69716000,
      "net_income": 40428000,
      "opex": 92321000,
      "cogs": null,
      "rd": null,
      "sga": null,
      "fcf": 6687000,
      "ocf": 23927000,
      "capex": -17240000,
      "gross_margin": null,
      "op_margin": 0.43024741262798005,
      "fcf_margin": 0.0412683522899091
    },
    {
      "date": "2021-03-31T00:00:00",
      "quarter_label": "2021-03 (Q1)",
      "revenue": 175508000,
      "gross_profit": null,
      "operating_income": 46925000,
      "net_income": 24584000,
      "opex": 128583000,
      "cogs": null,
      "rd": null,
      "sga": null,
      "fcf": 19288000,
      "ocf": 51589000,
      "capex": -32301000,
      "gross_margin": null,
      "op_margin": 0.2673667297217221,
      "fcf_margin": 0.10989812430202611,
      "op_leverage_ratio": 0.21165785407557447,
      "fcf_margin_change": 0.06862977201211701
    },
    {
      "date": "2021-06-30T00:00:00",
      "quarter_label": "2021-06 (Q2)",
      "revenue": 197080000,
      "gross_profit": null,
      "operating_income": -137946000,
      "net_income": -110300000,
      "opex": 335026000,
      "cogs": null,
      "rd": null,
      "sga": null,
      "fcf": 56193000,
      "ocf": 68086000,
      "capex": -11893000,
      "gross_margin": null,
      "op_margin": -0.6999492591840877,
      "fcf_margin": 0.28512786685609903,
      "op_leverage_ratio": 0.07655558631895008,
      "fcf_margin_change": 0.17522974255407292
    },
    {
      "date": "2021-09-30T00:00:00",
      "quarter_label": "2021-09 (Q3)",
      "revenue": 194310000,
      "gross_profit": null,
      "operating_income": 39523000,
      "net_income": 27366000,
      "opex": 154787000,
      "cogs": null,
      "rd": null,
      "sga": null,
      "fcf": -8502000,
      "ocf": 33634000,
      "capex": -42136000,
      "gross_margin": null,
      "op_margin": 0.20340178065977046,
      "fcf_margin": -0.04375482476455149,
      "fcf_margin_change": -0.32888269162065054
    },
    {
      "date": "2021-12-31T00:00:00",
      "quarter_label": "2021-12 (Q4)",
      "revenue": 191459000,
      "gross_profit": null,
      "operating_income": 46988000,
      "net_income": 36305000,
      "opex": 144471000,
      "cogs": null,
      "rd": null,
      "sga": null,
      "fcf": -19389000,
      "ocf": 20045000,
      "capex": -39434000,
      "gross_margin": null,
      "op_margin": 0.24542069059171936,
      "fcf_margin": -0.10126972354394413,
      "incr_op_margin_yoy": -0.7724831758548025,
      "rev_growth_yoy": 0.18157581293161437,
      "fcf_margin_change": -0.05751489877939264
    },
    {
      "date": "2022-03-31T00:00:00",
      "quarter_label": "2022-03 (Q1)",
      "revenue": 219419000,
      "gross_profit": null,
      "operating_income": 51934000,
      "net_income": 35488000,
      "opex": 167485000,
      "cogs": null,
      "rd": null,
      "sga": null,
      "fcf": 51529000,
      "ocf": 81544000,
      "capex": -30015000,
      "gross_margin": null,
      "op_margin": 0.2366887097288749,
      "fcf_margin": 0.23484292609117716,
      "incr_op_margin_yoy": 0.11407164491812985,
      "rev_growth_yoy": 0.2501937233630376,
      "rev_growth_yoy_accel": 0.0686179104314232,
      "op_leverage_ratio": 0.9167479573761852,
      "fcf_margin_change": 0.3361126496351213
    },
    {
      "date": "2022-06-30T00:00:00",
      "quarter_label": "2022-06 (Q2)",
      "revenue": 225159000,
      "gross_profit": null,
      "operating_income": 54315000,
      "net_income": 35659000,
      "opex": 170844000,
      "cogs": null,
      "rd": null,
      "sga": null,
      "fcf": 6687000,
      "ocf": 53071000,
      "capex": -46384000,
      "gross_margin": null,
      "op_margin": 0.24122953113133386,
      "fcf_margin": 0.02969901269769363,
      "incr_op_margin_yoy": 6.847145553616582,
      "rev_growth_yoy": 0.14247513700020295,
      "rev_growth_yoy_accel": -0.10771858636283463,
      "op_leverage_ratio": 1.3043783287157662,
      "fcf_margin_change": -0.20514391339348353
    },
    {
      "date": "2022-09-30T00:00:00",
      "quarter_label": "2022-09 (Q3)",
      "revenue": 217576000,
      "gross_profit": null,
      "operating_income": 42911000,
      "net_income": 23997000,
      "opex": 174665000,
      "cogs": null,
      "rd": null,
      "sga": null,
      "fcf": -4777000,
      "ocf": 50838000,
      "capex": -55615000,
      "gross_margin": null,
      "op_margin": 0.1972230393058058,
      "fcf_margin": -0.021955546567636135,
      "incr_op_margin_yoy": 0.14562021834436517,
      "rev_growth_yoy": 0.11973650352529464,
      "rev_growth_yoy_accel": -0.022738633474908315,
      "fcf_margin_change": -0.05165455926532976
    },
    {
      "date": "2022-12-31T00:00:00",
      "quarter_label": "2022-12 (Q4)",
      "revenue": 214352000,
      "gross_profit": null,
      "operating_income": 38559000,
      "net_income": 17756000,
      "opex": 175793000,
      "cogs": null,
      "rd": null,
      "sga": null,
      "fcf": -15853000,
      "ocf": 43748000,
      "capex": -59601000,
      "gross_margin": null,
      "op_margin": 0.17988635515413898,
      "fcf_margin": -0.07395778905725163,
      "incr_op_margin_yoy": -0.3681911501332285,
      "rev_growth_yoy": 0.119571292025969,
      "rev_growth_yoy_accel": -0.00016521149932563484,
      "fcf_margin_change": -0.05200224248961549
    },
    {
      "date": "2023-03-31T00:00:00",
      "quarter_label": "2023-03 (Q1)",
      "revenue": 225960000,
      "gross_profit": null,
      "operating_income": 45582000,
      "net_income": 21136000,
      "opex": 180378000,
      "cogs": null,
      "rd": null,
      "sga": null,
      "fcf": -5042000,
      "ocf": 67017000,
      "capex": -72059000,
      "gross_margin": null,
      "op_margin": 0.20172596919808816,
      "fcf_margin": -0.022313683837847407,
      "incr_op_margin_yoy": -0.9711053355756001,
      "rev_growth_yoy": 0.029810545121434332,
      "rev_growth_yoy_accel": -0.08976074690453467,
      "op_leverage_ratio": 2.0763095287613424,
      "fcf_margin_change": 0.05164410521940423
    },
    {
      "date": "2023-06-30T00:00:00",
      "quarter_label": "2023-06 (Q2)",
      "revenue": 236894000,
      "gross_profit": null,
      "operating_income": 52632000,
      "net_income": 27132000,
      "opex": 184262000,
      "cogs": null,
      "rd": null,
      "sga": null,
      "fcf": -5704000,
      "ocf": 50105000,
      "capex": -55809000,
      "gross_margin": null,
      "op_margin": 0.22217531891901018,
      "fcf_margin": -0.02407827973692875,
      "incr_op_margin_yoy": -0.1434171282488283,
      "rev_growth_yoy": 0.05211872498989603,
      "rev_growth_yoy_accel": 0.0223081798684617,
      "op_leverage_ratio": 2.2472523822832398,
      "fcf_margin_change": -0.0017645958990813448
    },
    {
      "date": "2023-09-30T00:00:00",
      "quarter_label": "2023-09 (Q3)",
      "revenue": 234076000,
      "gross_profit": null,
      "operating_income": 43055000,
      "net_income": 19485000,
      "opex": 191021000,
      "cogs": null,
      "rd": null,
      "sga": null,
      "fcf": -42460000,
      "ocf": 48364000,
      "capex": -90824000,
      "gross_margin": null,
      "op_margin": 0.18393598660264188,
      "fcf_margin": -0.18139407713734002,
      "incr_op_margin_yoy": 0.008727272727272728,
      "rev_growth_yoy": 0.07583557009964334,
      "rev_growth_yoy_accel": 0.02371684510974731,
      "fcf_margin_change": -0.15731579740041127
    },
    {
      "date": "2023-12-31T00:00:00",
      "quarter_label": "2023-12 (Q4)",
      "revenue": 230140000,
      "gross_profit": null,
      "operating_income": 36876000,
      "net_income": 12377000,
      "opex": 193264000,
      "cogs": null,
      "rd": null,
      "sga": null,
      "fcf": -70265000,
      "ocf": 39167000,
      "capex": -109432000,
      "gross_margin": null,
      "op_margin": 0.16023290171200139,
      "fcf_margin": -0.30531415660033023,
      "incr_op_margin_yoy": -0.106599949328604,
      "rev_growth_yoy": 0.07365454952601329,
      "rev_growth_yoy_accel": -0.002181020573630052,
      "fcf_margin_change": -0.12392007946299022
    },
    {
      "date": "2024-03-31T00:00:00",
      "quarter_label": "2024-03 (Q1)",
      "revenue": 239183000,
      "gross_profit": null,
      "operating_income": 42545000,
      "net_income": 16637000,
      "opex": 196638000,
      "cogs": null,
      "rd": null,
      "sga": null,
      "fcf": -23854000,
      "ocf": 57990000,
      "capex": -81844000,
      "gross_margin": null,
      "op_margin": 0.17787635408871033,
      "fcf_margin": -0.09973116818502988,
      "incr_op_margin_yoy": -0.22967556530288133,
      "rev_growth_yoy": 0.05851920693928129,
      "rev_growth_yoy_accel": -0.015135342586732,
      "op_leverage_ratio": 2.2507450710783554,
      "fcf_margin_change": 0.20558298841530037
    },
    {
      "date": "2024-06-30T00:00:00",
      "quarter_label": "2024-06 (Q2)",
      "revenue": 255043000,
      "gross_profit": null,
      "operating_income": 55000000,
      "net_income": 22091000,
      "opex": 200043000,
      "cogs": null,
      "rd": null,
      "sga": null,
      "fcf": -20360000,
      "ocf": 60892000,
      "capex": -81252000,
      "gross_margin": null,
      "op_margin": 0.21564991001517392,
      "fcf_margin": -0.07982967578016256,
      "incr_op_margin_yoy": 0.1304755082924679,
      "rev_growth_yoy": 0.0766123244995652,
      "rev_growth_yoy_accel": 0.018093117560283915,
      "op_leverage_ratio": 3.8293336341124973,
      "fcf_margin_change": 0.019901492404867313
    },
    {
      "date": "2024-09-30T00:00:00",
      "quarter_label": "2024-09 (Q3)",
      "revenue": 249329000,
      "gross_profit": null,
      "operating_income": 49585000,
      "net_income": 22342000,
      "opex": 199744000,
      "cogs": null,
      "rd": null,
      "sga": null,
      "fcf": -16842000,
      "ocf": 79958000,
      "capex": -96800000,
      "gross_margin": null,
      "op_margin": 0.19887377721805324,
      "fcf_margin": -0.06754930232744687,
      "incr_op_margin_yoy": 0.4281125024585328,
      "rev_growth_yoy": 0.06516259676344435,
      "rev_growth_yoy_accel": -0.011449727736120852,
      "fcf_margin_change": 0.012280373452715695
    },
    {
      "date": "2024-12-31T00:00:00",
      "quarter_label": "2024-12 (Q4)",
      "revenue": 251172000,
      "gross_profit": null,
      "operating_income": 31802000,
      "net_income": 9169000,
      "opex": 219370000,
      "cogs": null,
      "rd": null,
      "sga": null,
      "fcf": -20403000,
      "ocf": 49780000,
      "capex": -70183000,
      "gross_margin": null,
      "op_margin": 0.12661443154491742,
      "fcf_margin": -0.08123118818976638,
      "incr_op_margin_yoy": -0.24125142639786992,
      "rev_growth_yoy": 0.09138785087338142,
      "rev_growth_yoy_accel": 0.026225254109937063,
      "fcf_margin_change": -0.013681885862319512
    },
    {
      "date": "2025-03-31T00:00:00",
      "quarter_label": "2025-03 (Q1)",
      "revenue": 261656000,
      "gross_profit": null,
      "operating_income": 52967000,
      "net_income": 27000000,
      "opex": 208689000,
      "cogs": null,
      "rd": null,
      "sga": null,
      "fcf": 32469000,
      "ocf": 87550000,
      "capex": -55081000,
      "gross_margin": null,
      "op_margin": 0.2024299079707708,
      "fcf_margin": 0.12409040878099489,
      "incr_op_margin_yoy": 0.4637565078093712,
      "rev_growth_yoy": 0.09395734646693117,
      "rev_growth_yoy_accel": 0.002569495593549756,
      "op_leverage_ratio": Infinity,
      "fcf_margin_change": 0.20532159697076127
    },
    {
      "date": "2025-06-30T00:00:00",
      "quarter_label": "2025-06 (Q2)",
      "revenue": 265415000,
      "gross_profit": null,
      "operating_income": 54146000,
      "net_income": 28595000,
      "opex": 211269000,
      "cogs": null,
      "rd": null,
      "sga": null,
      "fcf": -11203000,
      "ocf": 46828000,
      "capex": -58031000,
      "gross_margin": null,
      "op_margin": 0.20400504869732305,
      "fcf_margin": -0.04220937023152422,
      "incr_op_margin_yoy": -0.08233706131893559,
      "rev_growth_yoy": 0.04066765212140698,
      "rev_growth_yoy_accel": -0.05328969434552419,
      "op_leverage_ratio": 1.162041075944912,
      "fcf_margin_change": -0.1662997790125191
    },
    {
      "date": "2025-09-30T00:00:00",
      "quarter_label": "2025-09 (Q3)",
      "revenue": 263417000,
      "gross_profit": null,
      "operating_income": 51853000,
      "net_income": 27411000,
      "opex": 211564000,
      "cogs": null,
      "rd": null,
      "sga": null,
      "fcf": 25813000,
      "ocf": 91355000,
      "capex": -65542000,
      "gross_margin": null,
      "op_margin": 0.19684758386892265,
      "fcf_margin": 0.09799291617473435,
      "incr_op_margin_yoy": 0.16098807495741055,
      "rev_growth_yoy": 0.056503655812199946,
      "rev_growth_yoy_accel": 0.015836003690792966,
      "fcf_margin_change": 0.14020228640625856
    }
  ],
  "signals": [
    {
      "quarter": "2025-09 (Q3)",
      "signal": "FCF TURNED POSITIVE",
      "detail": "FCF margin: -4.2% -> +9.8%",
      "severity": "HIGH"
    },
    {
      "quarter": "2025-06 (Q2)",
      "signal": "YoY REVENUE GROWTH DECELERATION",
      "detail": "YoY growth: +4.1% vs prior quarter YoY: +9.4% (decel: -5.3%)",
      "severity": "WARNING"
    },
    {
      "quarter": "2025-03 (Q1)",
      "signal": "FCF TURNED POSITIVE",
      "detail": "FCF margin: -8.1% -> +12.4%",
      "severity": "HIGH"
    },
    {
      "quarter": "2025-03 (Q1)",
      "signal": "INCREMENTAL MARGIN (YoY)",
      "detail": "YoY Incr OPM: +46.4% vs year-ago OPM: +17.8%",
      "severity": "HIGH"
    },
    {
      "quarter": "2024-09 (Q3)",
      "signal": "INCREMENTAL MARGIN (YoY)",
      "detail": "YoY Incr OPM: +42.8% vs year-ago OPM: +18.4%",
      "severity": "HIGH"
    },
    {
      "quarter": "2024-06 (Q2)",
      "signal": "OPERATING LEVERAGE",
      "detail": "Rev growth +6.6% vs OpEx growth +1.7% (leverage: 3.8x)",
      "severity": "MEDIUM"
    },
    {
      "quarter": "2024-03 (Q1)",
      "signal": "FCF MARGIN EXPANSION",
      "detail": "FCF margin: -30.5% -> -10.0% (+20.6%)",
      "severity": "MEDIUM"
    },
    {
      "quarter": "2024-03 (Q1)",
      "signal": "OPERATING LEVERAGE",
      "detail": "Rev growth +3.9% vs OpEx growth +1.7% (leverage: 2.3x)",
      "severity": "MEDIUM"
    },
    {
      "quarter": "2023-06 (Q2)",
      "signal": "OPERATING LEVERAGE",
      "detail": "Rev growth +4.8% vs OpEx growth +2.2% (leverage: 2.2x)",
      "severity": "MEDIUM"
    },
    {
      "quarter": "2023-03 (Q1)",
      "signal": "FCF MARGIN EXPANSION",
      "detail": "FCF margin: -7.4% -> -2.2% (+5.2%)",
      "severity": "MEDIUM"
    },
    {
      "quarter": "2023-03 (Q1)",
      "signal": "OPERATING LEVERAGE",
      "detail": "Rev growth +5.4% vs OpEx growth +2.6% (leverage: 2.1x)",
      "severity": "MEDIUM"
    },
    {
      "quarter": "2023-03 (Q1)",
      "signal": "YoY REVENUE GROWTH DECELERATION",
      "detail": "YoY growth: +3.0% vs prior quarter YoY: +12.0% (decel: -9.0%)",
      "severity": "WARNING"
    },
    {
      "quarter": "2022-06 (Q2)",
      "signal": "YoY REVENUE GROWTH DECELERATION",
      "detail": "YoY growth: +14.2% vs prior quarter YoY: +25.0% (decel: -10.8%)",
      "severity": "WARNING"
    },
    {
      "quarter": "2022-06 (Q2)",
      "signal": "OP MARGIN TURNED POSITIVE (YoY)",
      "detail": "Op margin: -70.0% (year-ago) -> +24.1%",
      "severity": "HIGH"
    },
    {
      "quarter": "2022-03 (Q1)",
      "signal": "FCF TURNED POSITIVE",
      "detail": "FCF margin: -10.1% -> +23.5%",
      "severity": "HIGH"
    },
    {
      "quarter": "2022-03 (Q1)",
      "signal": "YoY REVENUE GROWTH ACCELERATION",
      "detail": "YoY growth: +25.0% vs prior quarter YoY: +18.2% (accel: +6.9%)",
      "severity": "MEDIUM"
    },
    {
      "quarter": "2021-09 (Q3)",
      "signal": "OP MARGIN TURNED POSITIVE (QoQ)",
      "detail": "Op margin: -70.0% -> +20.3%",
      "severity": "HIGH"
    },
    {
      "quarter": "2021-06 (Q2)",
      "signal": "FCF MARGIN EXPANSION",
      "detail": "FCF margin: +11.0% -> +28.5% (+17.5%)",
      "severity": "MEDIUM"
    },
    {
      "quarter": "2021-03 (Q1)",
      "signal": "FCF MARGIN EXPANSION",
      "detail": "FCF margin: +4.1% -> +11.0% (+6.9%)",
      "severity": "MEDIUM"
    }
  ],
  "data_quality": {
    "n_quarters": 20,
    "coverage": {
      "revenue": [
        20,
        20
      ],
      "gross_profit": [
        0,
        20
      ],
      "op_income": [
        20,
        20
      ],
      "fcf": [
        20,
        20
      ]
    },
    "gaps": [],
    "warnings": [
      "gross_profit: no data"
    ]
  },
  "market_cap": null,
  "source": "SEC EDGAR",
  "last_updated": "2026-02-02T21:41:37.333062",
  "sector": "Consumer Cyclical",
  "industry": "Auto & Truck Dealerships"
}