{
  "ticker": "MCY",
  "name": "MERCURY GENERAL CORP",
  "quarters": [
    {
      "date": "2020-12-31T00:00:00",
      "quarter_label": "2020-12 (Q4)",
      "revenue": 1071583000,
      "gross_profit": 1068783000,
      "operating_income": null,
      "net_income": 166743000,
      "opex": null,
      "cogs": 2800000,
      "rd": null,
      "sga": null,
      "fcf": 162364000,
      "ocf": 162364000,
      "capex": null,
      "gross_margin": 0.9973870432808285,
      "op_margin": null,
      "fcf_margin": 0.1515178945541316
    },
    {
      "date": "2021-03-31T00:00:00",
      "quarter_label": "2021-03 (Q1)",
      "revenue": 993096000,
      "gross_profit": 989396000,
      "operating_income": null,
      "net_income": 106995000,
      "opex": null,
      "cogs": 3700000,
      "rd": null,
      "sga": null,
      "fcf": 174519000,
      "ocf": 174519000,
      "capex": null,
      "gross_margin": 0.9962742776126376,
      "op_margin": null,
      "fcf_margin": 0.17573225549191618,
      "fcf_margin_change": 0.02421436093778459
    },
    {
      "date": "2021-06-30T00:00:00",
      "quarter_label": "2021-06 (Q2)",
      "revenue": 1018775000,
      "gross_profit": 1015575000,
      "operating_income": null,
      "net_income": 109181000,
      "opex": null,
      "cogs": 3200000,
      "rd": null,
      "sga": null,
      "fcf": 142722000,
      "ocf": 142722000,
      "capex": null,
      "gross_margin": 0.9968589727859439,
      "op_margin": null,
      "fcf_margin": 0.1400917768889107,
      "fcf_margin_change": -0.03564047860300548
    },
    {
      "date": "2021-09-30T00:00:00",
      "quarter_label": "2021-09 (Q3)",
      "revenue": 932213000,
      "gross_profit": 929213000,
      "operating_income": null,
      "net_income": 1288000,
      "opex": null,
      "cogs": 3000000,
      "rd": null,
      "sga": null,
      "fcf": 110788000,
      "ocf": 110788000,
      "capex": null,
      "gross_margin": 0.9967818513580051,
      "op_margin": null,
      "fcf_margin": 0.118844083916444,
      "fcf_margin_change": -0.021247692972466703
    },
    {
      "date": "2021-12-31T00:00:00",
      "quarter_label": "2021-12 (Q4)",
      "revenue": 1049273000,
      "gross_profit": 1046373000,
      "operating_income": null,
      "net_income": 30473000,
      "opex": null,
      "cogs": 2900000,
      "rd": null,
      "sga": null,
      "fcf": 73555000,
      "ocf": 73555000,
      "capex": null,
      "gross_margin": 0.9972361816228951,
      "op_margin": null,
      "fcf_margin": 0.07010091749239712,
      "rev_growth_yoy": -0.02081966585882755,
      "fcf_margin_change": -0.04874316642404687
    },
    {
      "date": "2022-03-31T00:00:00",
      "quarter_label": "2022-03 (Q1)",
      "revenue": 805461000,
      "gross_profit": 802661000,
      "operating_income": null,
      "net_income": -196917000,
      "opex": null,
      "cogs": 2800000,
      "rd": null,
      "sga": null,
      "fcf": 106578000,
      "ocf": 106578000,
      "capex": null,
      "gross_margin": 0.9965237298888463,
      "op_margin": null,
      "fcf_margin": 0.1323192556809082,
      "rev_growth_yoy": -0.18893943787911743,
      "rev_growth_yoy_accel": -0.16811977202028988,
      "fcf_margin_change": 0.062218338188511066
    },
    {
      "date": "2022-06-30T00:00:00",
      "quarter_label": "2022-06 (Q2)",
      "revenue": 785625000,
      "gross_profit": 782825000,
      "operating_income": null,
      "net_income": -210681000,
      "opex": null,
      "cogs": 2800000,
      "rd": null,
      "sga": null,
      "fcf": 88328000,
      "ocf": 88328000,
      "capex": null,
      "gross_margin": 0.9964359586316627,
      "op_margin": null,
      "fcf_margin": 0.112430230708035,
      "rev_growth_yoy": -0.22885327967411842,
      "rev_growth_yoy_accel": -0.03991384179500099,
      "fcf_margin_change": -0.01988902497287319
    },
    {
      "date": "2022-09-30T00:00:00",
      "quarter_label": "2022-09 (Q3)",
      "revenue": 900287000,
      "gross_profit": 897787000,
      "operating_income": null,
      "net_income": -98303000,
      "opex": null,
      "cogs": 2500000,
      "rd": null,
      "sga": null,
      "fcf": 89965000,
      "ocf": 89965000,
      "capex": null,
      "gross_margin": 0.9972231077423088,
      "op_margin": null,
      "fcf_margin": 0.09992924478527403,
      "rev_growth_yoy": -0.03424753784810982,
      "rev_growth_yoy_accel": 0.1946057418260086,
      "fcf_margin_change": -0.012500985922760971
    },
    {
      "date": "2022-12-31T00:00:00",
      "quarter_label": "2022-12 (Q4)",
      "revenue": 1151693000,
      "gross_profit": 1148693000,
      "operating_income": null,
      "net_income": -6770000,
      "opex": null,
      "cogs": 3000000,
      "rd": null,
      "sga": null,
      "fcf": 67718000,
      "ocf": 67718000,
      "capex": null,
      "gross_margin": 0.9973951391560077,
      "op_margin": null,
      "fcf_margin": 0.05879865554448972,
      "rev_growth_yoy": 0.09761044075278788,
      "rev_growth_yoy_accel": 0.1318579786008977,
      "fcf_margin_change": -0.041130589240784304
    },
    {
      "date": "2023-03-31T00:00:00",
      "quarter_label": "2023-03 (Q1)",
      "revenue": 1106579000,
      "gross_profit": 1103679000,
      "operating_income": null,
      "net_income": -45288000,
      "opex": null,
      "cogs": 2900000,
      "rd": null,
      "sga": null,
      "fcf": 18173000,
      "ocf": 18173000,
      "capex": null,
      "gross_margin": 0.9973793104694739,
      "op_margin": null,
      "fcf_margin": 0.016422686495948323,
      "rev_growth_yoy": 0.37384553690371103,
      "rev_growth_yoy_accel": 0.2762350961509231,
      "fcf_margin_change": -0.0423759690485414
    },
    {
      "date": "2023-06-30T00:00:00",
      "quarter_label": "2023-06 (Q2)",
      "revenue": 1083227000,
      "gross_profit": 1080527000,
      "operating_income": null,
      "net_income": -41543000,
      "opex": null,
      "cogs": 2700000,
      "rd": null,
      "sga": null,
      "fcf": 87200000,
      "ocf": 87200000,
      "capex": null,
      "gross_margin": 0.9975074476540928,
      "op_margin": null,
      "fcf_margin": 0.08050020909744679,
      "rev_growth_yoy": 0.3788092283214002,
      "rev_growth_yoy_accel": 0.004963691417689153,
      "fcf_margin_change": 0.06407752260149846
    },
    {
      "date": "2023-09-30T00:00:00",
      "quarter_label": "2023-09 (Q3)",
      "revenue": 1065192000,
      "gross_profit": 1062492000,
      "operating_income": null,
      "net_income": -8227000,
      "opex": null,
      "cogs": 2700000,
      "rd": null,
      "sga": null,
      "fcf": 122293000,
      "ocf": 122293000,
      "capex": null,
      "gross_margin": 0.9974652457021833,
      "op_margin": null,
      "fcf_margin": 0.11480841012700058,
      "rev_growth_yoy": 0.1831693671018242,
      "rev_growth_yoy_accel": -0.195639861219576,
      "fcf_margin_change": 0.034308201029553786
    },
    {
      "date": "2023-12-31T00:00:00",
      "quarter_label": "2023-12 (Q4)",
      "revenue": 1374633000,
      "gross_profit": 1371433000,
      "operating_income": null,
      "net_income": 191394000,
      "opex": null,
      "cogs": 3200000,
      "rd": null,
      "sga": null,
      "fcf": 225338000,
      "ocf": 225338000,
      "capex": null,
      "gross_margin": 0.9976721059366391,
      "op_margin": null,
      "fcf_margin": 0.1639259351405066,
      "rev_growth_yoy": 0.19357589218654625,
      "rev_growth_yoy_accel": 0.010406525084722063,
      "fcf_margin_change": 0.049117525013506025
    },
    {
      "date": "2024-03-31T00:00:00",
      "quarter_label": "2024-03 (Q1)",
      "revenue": 1274085000,
      "gross_profit": 1270885000,
      "operating_income": null,
      "net_income": 73462000,
      "opex": null,
      "cogs": 3200000,
      "rd": null,
      "sga": null,
      "fcf": 192626000,
      "ocf": 192626000,
      "capex": null,
      "gross_margin": 0.9974883936315081,
      "op_margin": null,
      "fcf_margin": 0.15118771510535012,
      "rev_growth_yoy": 0.1513728346552754,
      "rev_growth_yoy_accel": -0.04220305753127085,
      "fcf_margin_change": -0.012738220035156483
    },
    {
      "date": "2024-06-30T00:00:00",
      "quarter_label": "2024-06 (Q2)",
      "revenue": 1304994000,
      "gross_profit": 1301794000,
      "operating_income": null,
      "net_income": 62568000,
      "opex": null,
      "cogs": 3200000,
      "rd": null,
      "sga": null,
      "fcf": 278044000,
      "ocf": 278044000,
      "capex": null,
      "gross_margin": 0.9975478814461982,
      "op_margin": null,
      "fcf_margin": 0.2130615159916444,
      "rev_growth_yoy": 0.20472809484992527,
      "rev_growth_yoy_accel": 0.05335526019464987,
      "fcf_margin_change": 0.061873800886294295
    },
    {
      "date": "2024-09-30T00:00:00",
      "quarter_label": "2024-09 (Q3)",
      "revenue": 1530374000,
      "gross_profit": 1527174000,
      "operating_income": null,
      "net_income": 230856000,
      "opex": null,
      "cogs": 3200000,
      "rd": null,
      "sga": null,
      "fcf": 318129000,
      "ocf": 318129000,
      "capex": null,
      "gross_margin": 0.9979090078634373,
      "op_margin": null,
      "fcf_margin": 0.20787663669142314,
      "rev_growth_yoy": 0.4367118791729566,
      "rev_growth_yoy_accel": 0.23198378432303135,
      "fcf_margin_change": -0.005184879300221268
    },
    {
      "date": "2024-12-31T00:00:00",
      "quarter_label": "2024-12 (Q4)",
      "revenue": 1366179000,
      "gross_profit": 1362379000,
      "operating_income": null,
      "net_income": 101067000,
      "opex": null,
      "cogs": 3800000,
      "rd": null,
      "sga": null,
      "fcf": 248318000,
      "ocf": 248318000,
      "capex": null,
      "gross_margin": 0.9972185196815352,
      "op_margin": null,
      "fcf_margin": 0.1817609551896201,
      "rev_growth_yoy": -0.006150005128641609,
      "rev_growth_yoy_accel": -0.44286188430159823,
      "fcf_margin_change": -0.026115681501803045
    },
    {
      "date": "2025-03-31T00:00:00",
      "quarter_label": "2025-03 (Q1)",
      "revenue": 1393879000,
      "gross_profit": 1390279000,
      "operating_income": null,
      "net_income": -108327000,
      "opex": null,
      "cogs": 3600000,
      "rd": null,
      "sga": null,
      "fcf": -68729000,
      "ocf": -68729000,
      "capex": null,
      "gross_margin": 0.9974172794051708,
      "op_margin": null,
      "fcf_margin": -0.04930772326722764,
      "rev_growth_yoy": 0.0940235541584745,
      "rev_growth_yoy_accel": 0.10017355928711612,
      "fcf_margin_change": -0.23106867845684775
    },
    {
      "date": "2025-06-30T00:00:00",
      "quarter_label": "2025-06 (Q2)",
      "revenue": 1477885000,
      "gross_profit": 1474285000,
      "operating_income": null,
      "net_income": 166472000,
      "opex": null,
      "cogs": 3600000,
      "rd": null,
      "sga": null,
      "fcf": 371605000,
      "ocf": 371605000,
      "capex": null,
      "gross_margin": 0.9975640865155273,
      "op_margin": null,
      "fcf_margin": 0.251443786221526,
      "rev_growth_yoy": 0.13248413402666986,
      "rev_growth_yoy_accel": 0.03846057986819536,
      "fcf_margin_change": 0.3007515094887537
    },
    {
      "date": "2025-09-30T00:00:00",
      "quarter_label": "2025-09 (Q3)",
      "revenue": 1584926000,
      "gross_profit": 1581026000,
      "operating_income": null,
      "net_income": 280403000,
      "opex": null,
      "cogs": 3900000,
      "rd": null,
      "sga": null,
      "fcf": 496439000,
      "ocf": 496439000,
      "capex": null,
      "gross_margin": 0.9975393172930471,
      "op_margin": null,
      "fcf_margin": 0.3132253493223027,
      "rev_growth_yoy": 0.03564618844805257,
      "rev_growth_yoy_accel": -0.0968379455786173,
      "fcf_margin_change": 0.061781563100776704
    }
  ],
  "signals": [
    {
      "quarter": "2025-09 (Q3)",
      "signal": "FCF MARGIN EXPANSION",
      "detail": "FCF margin: +25.1% -> +31.3% (+6.2%)",
      "severity": "MEDIUM"
    },
    {
      "quarter": "2025-09 (Q3)",
      "signal": "YoY REVENUE GROWTH DECELERATION",
      "detail": "YoY growth: +3.6% vs prior quarter YoY: +13.2% (decel: -9.7%)",
      "severity": "WARNING"
    },
    {
      "quarter": "2025-06 (Q2)",
      "signal": "FCF TURNED POSITIVE",
      "detail": "FCF margin: -4.9% -> +25.1%",
      "severity": "HIGH"
    },
    {
      "quarter": "2025-03 (Q1)",
      "signal": "YoY REVENUE GROWTH ACCELERATION",
      "detail": "YoY growth: +9.4% vs prior quarter YoY: -0.6% (accel: +10.0%)",
      "severity": "MEDIUM"
    },
    {
      "quarter": "2024-12 (Q4)",
      "signal": "YoY REVENUE GROWTH DECELERATION",
      "detail": "YoY growth: -0.6% vs prior quarter YoY: +43.7% (decel: -44.3%)",
      "severity": "WARNING"
    },
    {
      "quarter": "2024-09 (Q3)",
      "signal": "YoY REVENUE GROWTH ACCELERATION",
      "detail": "YoY growth: +43.7% vs prior quarter YoY: +20.5% (accel: +23.2%)",
      "severity": "HIGH"
    },
    {
      "quarter": "2024-06 (Q2)",
      "signal": "FCF MARGIN EXPANSION",
      "detail": "FCF margin: +15.1% -> +21.3% (+6.2%)",
      "severity": "MEDIUM"
    },
    {
      "quarter": "2024-06 (Q2)",
      "signal": "YoY REVENUE GROWTH ACCELERATION",
      "detail": "YoY growth: +20.5% vs prior quarter YoY: +15.1% (accel: +5.3%)",
      "severity": "MEDIUM"
    },
    {
      "quarter": "2023-09 (Q3)",
      "signal": "YoY REVENUE GROWTH DECELERATION",
      "detail": "YoY growth: +18.3% vs prior quarter YoY: +37.9% (decel: -19.6%)",
      "severity": "WARNING"
    },
    {
      "quarter": "2023-06 (Q2)",
      "signal": "FCF MARGIN EXPANSION",
      "detail": "FCF margin: +1.6% -> +8.1% (+6.4%)",
      "severity": "MEDIUM"
    },
    {
      "quarter": "2023-03 (Q1)",
      "signal": "YoY REVENUE GROWTH ACCELERATION",
      "detail": "YoY growth: +37.4% vs prior quarter YoY: +9.8% (accel: +27.6%)",
      "severity": "HIGH"
    },
    {
      "quarter": "2022-12 (Q4)",
      "signal": "YoY REVENUE GROWTH ACCELERATION",
      "detail": "YoY growth: +9.8% vs prior quarter YoY: -3.4% (accel: +13.2%)",
      "severity": "MEDIUM"
    },
    {
      "quarter": "2022-09 (Q3)",
      "signal": "YoY REVENUE GROWTH ACCELERATION",
      "detail": "YoY growth: -3.4% vs prior quarter YoY: -22.9% (accel: +19.5%)",
      "severity": "HIGH"
    },
    {
      "quarter": "2022-03 (Q1)",
      "signal": "FCF MARGIN EXPANSION",
      "detail": "FCF margin: +7.0% -> +13.2% (+6.2%)",
      "severity": "MEDIUM"
    },
    {
      "quarter": "2022-03 (Q1)",
      "signal": "YoY REVENUE GROWTH DECELERATION",
      "detail": "YoY growth: -18.9% vs prior quarter YoY: -2.1% (decel: -16.8%)",
      "severity": "WARNING"
    }
  ],
  "data_quality": {
    "n_quarters": 20,
    "coverage": {
      "revenue": [
        20,
        20
      ],
      "gross_profit": [
        20,
        20
      ],
      "op_income": [
        0,
        20
      ],
      "fcf": [
        20,
        20
      ]
    },
    "gaps": [],
    "warnings": [
      "op_income: no data"
    ]
  },
  "market_cap": null,
  "source": "SEC EDGAR",
  "last_updated": "2026-02-02T21:07:02.679255",
  "sector": "Financial Services",
  "industry": "Insurance - Property & Casualty"
}