{
  "ticker": "MD",
  "name": "Pediatrix Medical Group, Inc.",
  "quarters": [
    {
      "date": "2020-12-31T00:00:00",
      "quarter_label": "2020-12 (Q4)",
      "revenue": 416630000,
      "gross_profit": null,
      "operating_income": 32305000,
      "net_income": -64296000,
      "opex": 384325000,
      "cogs": null,
      "rd": null,
      "sga": null,
      "fcf": -11866000,
      "ocf": -11866000,
      "capex": null,
      "gross_margin": null,
      "op_margin": 0.07753882341646065,
      "fcf_margin": -0.02848090631975614
    },
    {
      "date": "2021-03-31T00:00:00",
      "quarter_label": "2021-03 (Q1)",
      "revenue": 446753000,
      "gross_profit": null,
      "operating_income": 26104000,
      "net_income": 17642000,
      "opex": 420649000,
      "cogs": null,
      "rd": null,
      "sga": null,
      "fcf": -82188000,
      "ocf": -82188000,
      "capex": null,
      "gross_margin": null,
      "op_margin": 0.05843049738893751,
      "fcf_margin": -0.18396742719131154,
      "op_leverage_ratio": 0.7649845287475486,
      "fcf_margin_change": -0.1554865208715554
    },
    {
      "date": "2021-06-30T00:00:00",
      "quarter_label": "2021-06 (Q2)",
      "revenue": 472959000,
      "gross_profit": null,
      "operating_income": 50016000,
      "net_income": 35011000,
      "opex": 422943000,
      "cogs": null,
      "rd": null,
      "sga": null,
      "fcf": 53587000,
      "ocf": 53587000,
      "capex": null,
      "gross_margin": null,
      "op_margin": 0.10575123847944537,
      "fcf_margin": 0.1133015758236972,
      "op_leverage_ratio": 10.75622074342873,
      "fcf_margin_change": 0.29726900301500875
    },
    {
      "date": "2021-09-30T00:00:00",
      "quarter_label": "2021-09 (Q3)",
      "revenue": 492949000,
      "gross_profit": null,
      "operating_income": 58793000,
      "net_income": 30795000,
      "opex": 434156000,
      "cogs": null,
      "rd": null,
      "sga": null,
      "fcf": 61102000,
      "ocf": 61102000,
      "capex": null,
      "gross_margin": null,
      "op_margin": 0.11926791615359804,
      "fcf_margin": 0.12395197069067997,
      "op_leverage_ratio": 1.594223913564246,
      "fcf_margin_change": 0.01065039486698277
    },
    {
      "date": "2021-12-31T00:00:00",
      "quarter_label": "2021-12 (Q4)",
      "revenue": 498530000,
      "gross_profit": null,
      "operating_income": 68005000,
      "net_income": 47516000,
      "opex": 430525000,
      "cogs": null,
      "rd": null,
      "sga": null,
      "fcf": 44236000,
      "ocf": 44236000,
      "capex": null,
      "gross_margin": null,
      "op_margin": 0.13641104848253865,
      "fcf_margin": 0.08873287465147534,
      "incr_op_margin_yoy": 0.4358974358974359,
      "rev_growth_yoy": 0.1965772988022946,
      "op_leverage_ratio": Infinity,
      "fcf_margin_change": -0.03521909603920463
    },
    {
      "date": "2022-03-31T00:00:00",
      "quarter_label": "2022-03 (Q1)",
      "revenue": 482229000,
      "gross_profit": null,
      "operating_income": 39108000,
      "net_income": -21188000,
      "opex": 443121000,
      "cogs": null,
      "rd": null,
      "sga": null,
      "fcf": -97482000,
      "ocf": -97482000,
      "capex": null,
      "gross_margin": null,
      "op_margin": 0.08109839930821248,
      "fcf_margin": -0.2021487716416889,
      "incr_op_margin_yoy": 0.36655767279287405,
      "rev_growth_yoy": 0.07940853223145676,
      "rev_growth_yoy_accel": -0.11716876657083784,
      "fcf_margin_change": -0.29088164629316426
    },
    {
      "date": "2022-06-30T00:00:00",
      "quarter_label": "2022-06 (Q2)",
      "revenue": 486033000,
      "gross_profit": null,
      "operating_income": 50155000,
      "net_income": 27136000,
      "opex": 435878000,
      "cogs": null,
      "rd": null,
      "sga": null,
      "fcf": 82407000,
      "ocf": 82407000,
      "capex": null,
      "gross_margin": null,
      "op_margin": 0.10319258157367915,
      "fcf_margin": 0.16955021572609266,
      "incr_op_margin_yoy": 0.010631788282086585,
      "rev_growth_yoy": 0.02764298808141932,
      "rev_growth_yoy_accel": -0.05176554415003744,
      "fcf_margin_change": 0.37169898736778156
    },
    {
      "date": "2022-09-30T00:00:00",
      "quarter_label": "2022-09 (Q3)",
      "revenue": 489915000,
      "gross_profit": null,
      "operating_income": 47387000,
      "net_income": 30728000,
      "opex": 442528000,
      "cogs": null,
      "rd": null,
      "sga": null,
      "fcf": 83330000,
      "ocf": 83330000,
      "capex": null,
      "gross_margin": null,
      "op_margin": 0.0967249420817897,
      "fcf_margin": 0.1700907300245961,
      "incr_op_margin_yoy": 3.7593935398813447,
      "rev_growth_yoy": -0.006154794917932686,
      "rev_growth_yoy_accel": -0.033797782999352,
      "fcf_margin_change": 0.0005405142985034361
    },
    {
      "date": "2022-12-31T00:00:00",
      "quarter_label": "2022-12 (Q4)",
      "revenue": 513844000,
      "gross_profit": null,
      "operating_income": 36038000,
      "net_income": 29659000,
      "opex": 477806000,
      "cogs": null,
      "rd": null,
      "sga": null,
      "fcf": 98686000,
      "ocf": 98686000,
      "capex": null,
      "gross_margin": null,
      "op_margin": 0.07013412631070909,
      "fcf_margin": 0.19205439783280528,
      "incr_op_margin_yoy": -2.0874363327674024,
      "rev_growth_yoy": 0.030718311836800193,
      "rev_growth_yoy_accel": 0.036873106754732876,
      "op_leverage_ratio": 0.6126897460435641,
      "fcf_margin_change": 0.021963667808209186
    },
    {
      "date": "2023-03-31T00:00:00",
      "quarter_label": "2023-03 (Q1)",
      "revenue": 491008000,
      "gross_profit": null,
      "operating_income": 30041000,
      "net_income": 14206000,
      "opex": 460967000,
      "cogs": null,
      "rd": null,
      "sga": null,
      "fcf": -100917000,
      "ocf": -100917000,
      "capex": null,
      "gross_margin": null,
      "op_margin": 0.0611823025286757,
      "fcf_margin": -0.2055302561261731,
      "incr_op_margin_yoy": -1.0328055587196718,
      "rev_growth_yoy": 0.018205043661828717,
      "rev_growth_yoy_accel": -0.012513268174971476,
      "fcf_margin_change": -0.39758465395897835
    },
    {
      "date": "2023-06-30T00:00:00",
      "quarter_label": "2023-06 (Q2)",
      "revenue": 500577000,
      "gross_profit": null,
      "operating_income": 48498000,
      "net_income": 28282000,
      "opex": 452079000,
      "cogs": null,
      "rd": null,
      "sga": null,
      "fcf": 89054000,
      "ocf": 89054000,
      "capex": null,
      "gross_margin": null,
      "op_margin": 0.09688419563823347,
      "fcf_margin": 0.17790270028387242,
      "incr_op_margin_yoy": -0.11393014301430143,
      "rev_growth_yoy": 0.029923894056576406,
      "rev_growth_yoy_accel": 0.011718850394747689,
      "op_leverage_ratio": Infinity,
      "fcf_margin_change": 0.3834329564100455
    },
    {
      "date": "2023-09-30T00:00:00",
      "quarter_label": "2023-09 (Q3)",
      "revenue": 506612000,
      "gross_profit": null,
      "operating_income": 40272000,
      "net_income": 21391000,
      "opex": 466340000,
      "cogs": null,
      "rd": null,
      "sga": null,
      "fcf": 79938000,
      "ocf": 79938000,
      "capex": null,
      "gross_margin": null,
      "op_margin": 0.07949278737969097,
      "fcf_margin": 0.15778939306609396,
      "incr_op_margin_yoy": -0.42612445349463973,
      "rev_growth_yoy": 0.03408142228753967,
      "rev_growth_yoy_accel": 0.0041575282309632665,
      "op_leverage_ratio": 0.3821824471862605,
      "fcf_margin_change": -0.02011330721777846
    },
    {
      "date": "2023-12-31T00:00:00",
      "quarter_label": "2023-12 (Q4)",
      "revenue": 496443000,
      "gross_profit": null,
      "operating_income": -111490000,
      "net_income": -124287000,
      "opex": 607933000,
      "cogs": null,
      "rd": null,
      "sga": null,
      "fcf": 69250000,
      "ocf": 69250000,
      "capex": null,
      "gross_margin": null,
      "op_margin": -0.22457764536915617,
      "fcf_margin": 0.1394923485677107,
      "incr_op_margin_yoy": 8.478133440606861,
      "rev_growth_yoy": -0.033864363503320075,
      "rev_growth_yoy_accel": -0.06794578579085975,
      "fcf_margin_change": -0.018297044498383264
    },
    {
      "date": "2024-03-31T00:00:00",
      "quarter_label": "2024-03 (Q1)",
      "revenue": 495101000,
      "gross_profit": null,
      "operating_income": 15892000,
      "net_income": 4035000,
      "opex": 479209000,
      "cogs": null,
      "rd": null,
      "sga": null,
      "fcf": -125226000,
      "ocf": -125226000,
      "capex": null,
      "gross_margin": null,
      "op_margin": 0.03209850111391413,
      "fcf_margin": -0.25293021019953504,
      "incr_op_margin_yoy": -3.456877595895431,
      "rev_growth_yoy": 0.008335913060479667,
      "rev_growth_yoy_accel": 0.04220027656379974,
      "fcf_margin_change": -0.39242255876724574
    },
    {
      "date": "2024-06-30T00:00:00",
      "quarter_label": "2024-06 (Q2)",
      "revenue": 504296000,
      "gross_profit": null,
      "operating_income": -157723000,
      "net_income": -153025000,
      "opex": 662019000,
      "cogs": null,
      "rd": null,
      "sga": null,
      "fcf": 106951000,
      "ocf": 106951000,
      "capex": null,
      "gross_margin": null,
      "op_margin": -0.3127587765915256,
      "fcf_margin": 0.2120798102701588,
      "incr_op_margin_yoy": -55.450658779241735,
      "rev_growth_yoy": 0.007429426441886064,
      "rev_growth_yoy_accel": -0.0009064866185936032,
      "op_leverage_ratio": 0.04868362935428893,
      "fcf_margin_change": 0.46501002046969386
    },
    {
      "date": "2024-09-30T00:00:00",
      "quarter_label": "2024-09 (Q3)",
      "revenue": 511158000,
      "gross_profit": null,
      "operating_income": 33827000,
      "net_income": 19441000,
      "opex": 477331000,
      "cogs": null,
      "rd": null,
      "sga": null,
      "fcf": 91838000,
      "ocf": 91838000,
      "capex": null,
      "gross_margin": null,
      "op_margin": 0.06617718983171544,
      "fcf_margin": 0.1796665610241843,
      "incr_op_margin_yoy": -1.4177298724153102,
      "rev_growth_yoy": 0.008973336596843344,
      "rev_growth_yoy_accel": 0.0015439101549572804,
      "op_leverage_ratio": Infinity,
      "fcf_margin_change": -0.032413249245974496
    },
    {
      "date": "2024-12-31T00:00:00",
      "quarter_label": "2024-12 (Q4)",
      "revenue": 502364000,
      "gross_profit": null,
      "operating_income": 39291000,
      "net_income": 30480000,
      "opex": 463073000,
      "cogs": null,
      "rd": null,
      "sga": null,
      "fcf": 133010000,
      "ocf": 133010000,
      "capex": null,
      "gross_margin": null,
      "op_margin": 0.07821221265855037,
      "fcf_margin": 0.26476817606357145,
      "incr_op_margin_yoy": 25.465461915217023,
      "rev_growth_yoy": 0.011926847593782167,
      "rev_growth_yoy_accel": 0.0029535109969388226,
      "fcf_margin_change": 0.08510161503938715
    },
    {
      "date": "2025-03-31T00:00:00",
      "quarter_label": "2025-03 (Q1)",
      "revenue": 458359000,
      "gross_profit": null,
      "operating_income": 32101000,
      "net_income": 20737000,
      "opex": 426258000,
      "cogs": null,
      "rd": null,
      "sga": null,
      "fcf": -117463000,
      "ocf": -117463000,
      "capex": null,
      "gross_margin": null,
      "op_margin": 0.07003462351562859,
      "fcf_margin": -0.2562685580516582,
      "incr_op_margin_yoy": -0.44115725872298733,
      "rev_growth_yoy": -0.07421112055923942,
      "rev_growth_yoy_accel": -0.08613796815302159,
      "fcf_margin_change": -0.5210367341152297
    },
    {
      "date": "2025-06-30T00:00:00",
      "quarter_label": "2025-06 (Q2)",
      "revenue": 468844000,
      "gross_profit": null,
      "operating_income": 59867000,
      "net_income": 39260000,
      "opex": 408977000,
      "cogs": null,
      "rd": null,
      "sga": null,
      "fcf": 137167000,
      "ocf": 137167000,
      "capex": null,
      "gross_margin": null,
      "op_margin": 0.12769066043289454,
      "fcf_margin": 0.29256426444616973,
      "incr_op_margin_yoy": -6.137594493963669,
      "rev_growth_yoy": -0.07029998254993099,
      "rev_growth_yoy_accel": 0.0039111380093084375,
      "op_leverage_ratio": Infinity,
      "fcf_margin_change": 0.5488328224978279
    },
    {
      "date": "2025-09-30T00:00:00",
      "quarter_label": "2025-09 (Q3)",
      "revenue": 492875000,
      "gross_profit": null,
      "operating_income": 68051000,
      "net_income": 71708000,
      "opex": 424824000,
      "cogs": null,
      "rd": null,
      "sga": null,
      "fcf": 137285000,
      "ocf": 137285000,
      "capex": null,
      "gross_margin": null,
      "op_margin": 0.13806949023586101,
      "fcf_margin": 0.27853918336292166,
      "incr_op_margin_yoy": -1.8719028605808674,
      "rev_growth_yoy": -0.03576780564913393,
      "rev_growth_yoy_accel": 0.03453217690079706,
      "op_leverage_ratio": 1.3228034163650604,
      "fcf_margin_change": -0.01402508108324807
    }
  ],
  "signals": [
    {
      "quarter": "2025-06 (Q2)",
      "signal": "FCF TURNED POSITIVE",
      "detail": "FCF margin: -25.6% -> +29.3%",
      "severity": "HIGH"
    },
    {
      "quarter": "2025-06 (Q2)",
      "signal": "OP MARGIN TURNED POSITIVE (YoY)",
      "detail": "Op margin: -31.3% (year-ago) -> +12.8%",
      "severity": "HIGH"
    },
    {
      "quarter": "2025-03 (Q1)",
      "signal": "YoY REVENUE GROWTH DECELERATION",
      "detail": "YoY growth: -7.4% vs prior quarter YoY: +1.2% (decel: -8.6%)",
      "severity": "WARNING"
    },
    {
      "quarter": "2024-12 (Q4)",
      "signal": "FCF MARGIN EXPANSION",
      "detail": "FCF margin: +18.0% -> +26.5% (+8.5%)",
      "severity": "MEDIUM"
    },
    {
      "quarter": "2024-12 (Q4)",
      "signal": "OP MARGIN TURNED POSITIVE (YoY)",
      "detail": "Op margin: -22.5% (year-ago) -> +7.8%",
      "severity": "HIGH"
    },
    {
      "quarter": "2024-09 (Q3)",
      "signal": "OP MARGIN TURNED POSITIVE (QoQ)",
      "detail": "Op margin: -31.3% -> +6.6%",
      "severity": "HIGH"
    },
    {
      "quarter": "2024-06 (Q2)",
      "signal": "FCF TURNED POSITIVE",
      "detail": "FCF margin: -25.3% -> +21.2%",
      "severity": "HIGH"
    },
    {
      "quarter": "2024-03 (Q1)",
      "signal": "OP MARGIN TURNED POSITIVE (QoQ)",
      "detail": "Op margin: -22.5% -> +3.2%",
      "severity": "HIGH"
    },
    {
      "quarter": "2023-12 (Q4)",
      "signal": "YoY REVENUE GROWTH DECELERATION",
      "detail": "YoY growth: -3.4% vs prior quarter YoY: +3.4% (decel: -6.8%)",
      "severity": "WARNING"
    },
    {
      "quarter": "2023-06 (Q2)",
      "signal": "FCF TURNED POSITIVE",
      "detail": "FCF margin: -20.6% -> +17.8%",
      "severity": "HIGH"
    },
    {
      "quarter": "2022-09 (Q3)",
      "signal": "INCREMENTAL MARGIN (YoY)",
      "detail": "YoY Incr OPM: +375.9% vs year-ago OPM: +11.9%",
      "severity": "HIGH"
    },
    {
      "quarter": "2022-06 (Q2)",
      "signal": "FCF TURNED POSITIVE",
      "detail": "FCF margin: -20.2% -> +17.0%",
      "severity": "HIGH"
    },
    {
      "quarter": "2022-06 (Q2)",
      "signal": "YoY REVENUE GROWTH DECELERATION",
      "detail": "YoY growth: +2.8% vs prior quarter YoY: +7.9% (decel: -5.2%)",
      "severity": "WARNING"
    },
    {
      "quarter": "2022-03 (Q1)",
      "signal": "YoY REVENUE GROWTH DECELERATION",
      "detail": "YoY growth: +7.9% vs prior quarter YoY: +19.7% (decel: -11.7%)",
      "severity": "WARNING"
    },
    {
      "quarter": "2022-03 (Q1)",
      "signal": "INCREMENTAL MARGIN (YoY)",
      "detail": "YoY Incr OPM: +36.7% vs year-ago OPM: +5.8%",
      "severity": "HIGH"
    },
    {
      "quarter": "2021-12 (Q4)",
      "signal": "INCREMENTAL MARGIN (YoY)",
      "detail": "YoY Incr OPM: +43.6% vs year-ago OPM: +7.8%",
      "severity": "HIGH"
    },
    {
      "quarter": "2021-09 (Q3)",
      "signal": "OPERATING LEVERAGE",
      "detail": "Rev growth +4.2% vs OpEx growth +2.7% (leverage: 1.6x)",
      "severity": "MEDIUM"
    },
    {
      "quarter": "2021-06 (Q2)",
      "signal": "FCF TURNED POSITIVE",
      "detail": "FCF margin: -18.4% -> +11.3%",
      "severity": "HIGH"
    },
    {
      "quarter": "2021-06 (Q2)",
      "signal": "OPERATING LEVERAGE",
      "detail": "Rev growth +5.9% vs OpEx growth +0.5% (leverage: 10.8x)",
      "severity": "MEDIUM"
    }
  ],
  "data_quality": {
    "n_quarters": 20,
    "coverage": {
      "revenue": [
        20,
        20
      ],
      "gross_profit": [
        0,
        20
      ],
      "op_income": [
        20,
        20
      ],
      "fcf": [
        20,
        20
      ]
    },
    "gaps": [],
    "warnings": [
      "gross_profit: no data"
    ]
  },
  "market_cap": null,
  "source": "SEC EDGAR",
  "last_updated": "2026-02-02T21:41:10.784477",
  "sector": "Healthcare",
  "industry": "Medical Care Facilities"
}