{
  "ticker": "MDAI",
  "name": "SPECTRAL AI, INC.",
  "quarters": [
    {
      "date": "2022-06-30T00:00:00",
      "quarter_label": "2022-06 (Q2)",
      "revenue": 6390000,
      "gross_profit": 2712000,
      "operating_income": -248722,
      "net_income": 1458973,
      "opex": 2960722,
      "cogs": 3678000,
      "rd": null,
      "sga": null,
      "fcf": 341514,
      "ocf": 341514,
      "capex": null,
      "gross_margin": 0.4244131455399061,
      "op_margin": -0.038923630672926444,
      "fcf_margin": 0.05344507042253521
    },
    {
      "date": "2022-09-30T00:00:00",
      "quarter_label": "2022-09 (Q3)",
      "revenue": 7038000,
      "gross_profit": 3227000,
      "operating_income": -237071,
      "net_income": 1185674,
      "opex": 3464071,
      "cogs": 3811000,
      "rd": null,
      "sga": null,
      "fcf": -901000,
      "ocf": -901000,
      "capex": null,
      "gross_margin": 0.4585109406081273,
      "op_margin": -0.033684427394146066,
      "fcf_margin": -0.1280193236714976,
      "op_leverage_ratio": 0.5964891774611959,
      "fcf_margin_change": -0.1814643940940328
    },
    {
      "date": "2022-12-31T00:00:00",
      "quarter_label": "2022-12 (Q4)",
      "revenue": 6096000,
      "gross_profit": 2508000,
      "operating_income": -300119,
      "net_income": 1340580,
      "opex": 2808119,
      "cogs": 3588000,
      "rd": null,
      "sga": null,
      "fcf": -299000,
      "ocf": -299000,
      "capex": null,
      "gross_margin": 0.41141732283464566,
      "op_margin": -0.049232119422572176,
      "fcf_margin": -0.04904855643044619,
      "fcf_margin_change": 0.0789707672410514
    },
    {
      "date": "2023-03-31T00:00:00",
      "quarter_label": "2023-03 (Q1)",
      "revenue": 5078000,
      "gross_profit": 2181000,
      "operating_income": -527382,
      "net_income": -1282098,
      "opex": 2708382,
      "cogs": 2897000,
      "rd": 4000000,
      "sga": null,
      "fcf": -3755000,
      "ocf": -3755000,
      "capex": null,
      "gross_margin": 0.42949980307207564,
      "op_margin": -0.10385624261520283,
      "fcf_margin": -0.7394643560456873,
      "fcf_margin_change": -0.6904157996152411
    },
    {
      "date": "2023-06-30T00:00:00",
      "quarter_label": "2023-06 (Q2)",
      "revenue": 4251000,
      "gross_profit": 1791000,
      "operating_income": -1475615,
      "net_income": -1033276,
      "opex": 3266615,
      "cogs": 2460000,
      "rd": null,
      "sga": null,
      "fcf": -1772000,
      "ocf": -1772000,
      "capex": null,
      "gross_margin": 0.42131263232180666,
      "op_margin": -0.34712185368148674,
      "fcf_margin": -0.4168430957421783,
      "incr_op_margin_yoy": 0.5735825151940159,
      "rev_growth_yoy": -0.33474178403755867,
      "fcf_margin_change": 0.32262126030350896
    },
    {
      "date": "2023-09-30T00:00:00",
      "quarter_label": "2023-09 (Q3)",
      "revenue": 3440000,
      "gross_profit": 1472000,
      "operating_income": -4166000,
      "net_income": -10629000,
      "opex": 5638000,
      "cogs": 1968000,
      "rd": null,
      "sga": null,
      "fcf": -5338000,
      "ocf": -5338000,
      "capex": null,
      "gross_margin": 0.42790697674418604,
      "op_margin": -1.211046511627907,
      "fcf_margin": -1.5517441860465115,
      "incr_op_margin_yoy": 1.0919758198999445,
      "rev_growth_yoy": -0.5112247797669792,
      "rev_growth_yoy_accel": -0.17648299572942056,
      "fcf_margin_change": -1.1349010903043333
    },
    {
      "date": "2023-12-31T00:00:00",
      "quarter_label": "2023-12 (Q4)",
      "revenue": 5287000,
      "gross_profit": 2436000,
      "operating_income": -2929000,
      "net_income": -3546000,
      "opex": 5365000,
      "cogs": 2851000,
      "rd": null,
      "sga": null,
      "fcf": -2375000,
      "ocf": -2375000,
      "capex": null,
      "gross_margin": 0.46075278986192547,
      "op_margin": -0.5540003782863627,
      "fcf_margin": -0.4492150557972385,
      "rev_growth_yoy": -0.13270997375328084,
      "rev_growth_yoy_accel": 0.37851480601369836,
      "op_leverage_ratio": Infinity,
      "fcf_margin_change": 1.102529130249273
    },
    {
      "date": "2024-03-31T00:00:00",
      "quarter_label": "2024-03 (Q1)",
      "revenue": 6326000,
      "gross_profit": 2945000,
      "operating_income": -2143000,
      "net_income": -3205000,
      "opex": 5088000,
      "cogs": 3381000,
      "rd": 4300000,
      "sga": null,
      "fcf": -2680000,
      "ocf": -2680000,
      "capex": null,
      "gross_margin": 0.4655390452102434,
      "op_margin": -0.33876067024976286,
      "fcf_margin": -0.4236484350300348,
      "incr_op_margin_yoy": -1.2945657051282051,
      "rev_growth_yoy": 0.24576604962583695,
      "rev_growth_yoy_accel": 0.3784760233791178,
      "op_leverage_ratio": Infinity,
      "fcf_margin_change": 0.02556662076720373
    },
    {
      "date": "2024-06-30T00:00:00",
      "quarter_label": "2024-06 (Q2)",
      "revenue": 7478000,
      "gross_profit": 3314000,
      "operating_income": -2442000,
      "net_income": -2864000,
      "opex": 5756000,
      "cogs": 4164000,
      "rd": null,
      "sga": null,
      "fcf": -5362000,
      "ocf": -5362000,
      "capex": null,
      "gross_margin": 0.4431666220914683,
      "op_margin": -0.32655790318266914,
      "fcf_margin": -0.7170366408130516,
      "incr_op_margin_yoy": -0.299468546637744,
      "rev_growth_yoy": 0.7591155022347683,
      "rev_growth_yoy_accel": 0.5133494526089314,
      "op_leverage_ratio": 1.3870557967214479,
      "fcf_margin_change": -0.29338820578301683
    },
    {
      "date": "2024-09-30T00:00:00",
      "quarter_label": "2024-09 (Q3)",
      "revenue": 8173000,
      "gross_profit": 3667000,
      "operating_income": -886000,
      "net_income": -1504000,
      "opex": 4553000,
      "cogs": 4506000,
      "rd": null,
      "sga": null,
      "fcf": -1626000,
      "ocf": -1626000,
      "capex": null,
      "gross_margin": 0.44867245809372325,
      "op_margin": -0.10840572617154044,
      "fcf_margin": -0.19894775480239815,
      "incr_op_margin_yoy": 0.6930065497570251,
      "rev_growth_yoy": 1.3758720930232557,
      "rev_growth_yoy_accel": 0.6167565907884874,
      "op_leverage_ratio": Infinity,
      "fcf_margin_change": 0.5180888860106535
    },
    {
      "date": "2024-12-31T00:00:00",
      "quarter_label": "2024-12 (Q4)",
      "revenue": 7604000,
      "gross_profit": 3348000,
      "operating_income": -1111000,
      "net_income": -7742000,
      "opex": 4459000,
      "cogs": 4256000,
      "rd": null,
      "sga": null,
      "fcf": 469000,
      "ocf": 469000,
      "capex": null,
      "gross_margin": 0.4402945817990531,
      "op_margin": -0.14610731194108365,
      "fcf_margin": 0.06167806417674908,
      "incr_op_margin_yoy": 0.7846353042727665,
      "rev_growth_yoy": 0.43824475127671647,
      "rev_growth_yoy_accel": -0.9376273417465393,
      "fcf_margin_change": 0.2606258189791472
    },
    {
      "date": "2025-03-31T00:00:00",
      "quarter_label": "2025-03 (Q1)",
      "revenue": 6707000,
      "gross_profit": 3168000,
      "operating_income": -896000,
      "net_income": 2897000,
      "opex": 4064000,
      "cogs": 3539000,
      "rd": 3600000,
      "sga": null,
      "fcf": -1505000,
      "ocf": -1505000,
      "capex": null,
      "gross_margin": 0.4723423289100939,
      "op_margin": -0.13359176979275383,
      "fcf_margin": -0.2243924258237662,
      "rev_growth_yoy": 0.06022763199494151,
      "rev_growth_yoy_accel": -0.37801711928177495,
      "fcf_margin_change": -0.28607049000051527
    },
    {
      "date": "2025-06-30T00:00:00",
      "quarter_label": "2025-06 (Q2)",
      "revenue": 5065000,
      "gross_profit": 2290000,
      "operating_income": -2123000,
      "net_income": -7968000,
      "opex": 4413000,
      "cogs": 2775000,
      "rd": null,
      "sga": null,
      "fcf": -3362000,
      "ocf": -3362000,
      "capex": null,
      "gross_margin": 0.4521224086870681,
      "op_margin": -0.41915103652517277,
      "fcf_margin": -0.6637709772951629,
      "incr_op_margin_yoy": -0.13220058019063408,
      "rev_growth_yoy": -0.32267986092538115,
      "rev_growth_yoy_accel": -0.38290749292032267,
      "fcf_margin_change": -0.4393785514713967
    },
    {
      "date": "2025-09-30T00:00:00",
      "quarter_label": "2025-09 (Q3)",
      "revenue": 3792000,
      "gross_profit": 1621000,
      "operating_income": -3341000,
      "net_income": -3552000,
      "opex": 4962000,
      "cogs": 2171000,
      "rd": null,
      "sga": null,
      "fcf": -2501000,
      "ocf": -2501000,
      "capex": null,
      "gross_margin": 0.4274789029535865,
      "op_margin": -0.8810654008438819,
      "fcf_margin": -0.6595464135021097,
      "incr_op_margin_yoy": 0.560374343757133,
      "rev_growth_yoy": -0.5360332803132265,
      "rev_growth_yoy_accel": -0.21335341938784536,
      "fcf_margin_change": 0.004224563793053138
    }
  ],
  "signals": [
    {
      "quarter": "2025-09 (Q3)",
      "signal": "YoY REVENUE GROWTH DECELERATION",
      "detail": "YoY growth: -53.6% vs prior quarter YoY: -32.3% (decel: -21.3%)",
      "severity": "WARNING"
    },
    {
      "quarter": "2025-06 (Q2)",
      "signal": "YoY REVENUE GROWTH DECELERATION",
      "detail": "YoY growth: -32.3% vs prior quarter YoY: +6.0% (decel: -38.3%)",
      "severity": "WARNING"
    },
    {
      "quarter": "2025-03 (Q1)",
      "signal": "GROSS MARGIN INFLECTION",
      "detail": "GM: +44.9% -> +44.0% -> +47.2% (reversal +3.2%)",
      "severity": "MEDIUM"
    },
    {
      "quarter": "2025-03 (Q1)",
      "signal": "YoY REVENUE GROWTH DECELERATION",
      "detail": "YoY growth: +6.0% vs prior quarter YoY: +43.8% (decel: -37.8%)",
      "severity": "WARNING"
    },
    {
      "quarter": "2024-12 (Q4)",
      "signal": "FCF TURNED POSITIVE",
      "detail": "FCF margin: -19.9% -> +6.2%",
      "severity": "HIGH"
    },
    {
      "quarter": "2024-12 (Q4)",
      "signal": "YoY REVENUE GROWTH DECELERATION",
      "detail": "YoY growth: +43.8% vs prior quarter YoY: +137.6% (decel: -93.8%)",
      "severity": "WARNING"
    },
    {
      "quarter": "2024-09 (Q3)",
      "signal": "FCF MARGIN EXPANSION",
      "detail": "FCF margin: -71.7% -> -19.9% (+51.8%)",
      "severity": "MEDIUM"
    },
    {
      "quarter": "2024-09 (Q3)",
      "signal": "YoY REVENUE GROWTH ACCELERATION",
      "detail": "YoY growth: +137.6% vs prior quarter YoY: +75.9% (accel: +61.7%)",
      "severity": "HIGH"
    },
    {
      "quarter": "2024-06 (Q2)",
      "signal": "YoY REVENUE GROWTH ACCELERATION",
      "detail": "YoY growth: +75.9% vs prior quarter YoY: +24.6% (accel: +51.3%)",
      "severity": "HIGH"
    },
    {
      "quarter": "2024-03 (Q1)",
      "signal": "YoY REVENUE GROWTH ACCELERATION",
      "detail": "YoY growth: +24.6% vs prior quarter YoY: -13.3% (accel: +37.8%)",
      "severity": "HIGH"
    },
    {
      "quarter": "2023-12 (Q4)",
      "signal": "FCF MARGIN EXPANSION",
      "detail": "FCF margin: -155.2% -> -44.9% (+110.3%)",
      "severity": "MEDIUM"
    },
    {
      "quarter": "2023-12 (Q4)",
      "signal": "YoY REVENUE GROWTH ACCELERATION",
      "detail": "YoY growth: -13.3% vs prior quarter YoY: -51.1% (accel: +37.9%)",
      "severity": "HIGH"
    },
    {
      "quarter": "2023-09 (Q3)",
      "signal": "YoY REVENUE GROWTH DECELERATION",
      "detail": "YoY growth: -51.1% vs prior quarter YoY: -33.5% (decel: -17.6%)",
      "severity": "WARNING"
    },
    {
      "quarter": "2023-06 (Q2)",
      "signal": "FCF MARGIN EXPANSION",
      "detail": "FCF margin: -73.9% -> -41.7% (+32.3%)",
      "severity": "MEDIUM"
    },
    {
      "quarter": "2022-12 (Q4)",
      "signal": "FCF MARGIN EXPANSION",
      "detail": "FCF margin: -12.8% -> -4.9% (+7.9%)",
      "severity": "MEDIUM"
    }
  ],
  "data_quality": {
    "n_quarters": 14,
    "coverage": {
      "revenue": [
        14,
        14
      ],
      "gross_profit": [
        14,
        14
      ],
      "op_income": [
        14,
        14
      ],
      "fcf": [
        14,
        14
      ]
    },
    "gaps": [],
    "warnings": []
  },
  "market_cap": null,
  "source": "SEC EDGAR",
  "last_updated": "2026-02-02T23:35:43.823603"
}