{
  "ticker": "MDIA",
  "name": "MEDIACO HOLDING INC.",
  "quarters": [
    {
      "date": "2020-12-31T00:00:00",
      "quarter_label": "2020-12 (Q4)",
      "revenue": 11120000,
      "gross_profit": null,
      "operating_income": 357000,
      "net_income": -3915000,
      "opex": 10763000,
      "cogs": null,
      "rd": null,
      "sga": null,
      "fcf": -2508000,
      "ocf": -2438000,
      "capex": -70000,
      "gross_margin": null,
      "op_margin": 0.03210431654676259,
      "fcf_margin": -0.22553956834532374
    },
    {
      "date": "2021-03-31T00:00:00",
      "quarter_label": "2021-03 (Q1)",
      "revenue": 9743000,
      "gross_profit": null,
      "operating_income": -634000,
      "net_income": -3253000,
      "opex": 10377000,
      "cogs": null,
      "rd": null,
      "sga": null,
      "fcf": 372000,
      "ocf": 578000,
      "capex": -206000,
      "gross_margin": null,
      "op_margin": -0.06507235964282049,
      "fcf_margin": 0.03818125833932054,
      "fcf_margin_change": 0.26372082668464425
    },
    {
      "date": "2021-06-30T00:00:00",
      "quarter_label": "2021-06 (Q2)",
      "revenue": 14376000,
      "gross_profit": null,
      "operating_income": 3807000,
      "net_income": 943000,
      "opex": 10569000,
      "cogs": null,
      "rd": null,
      "sga": null,
      "fcf": -901000,
      "ocf": -7000,
      "capex": -894000,
      "gross_margin": null,
      "op_margin": 0.26481636060100167,
      "fcf_margin": -0.06267390094602114,
      "op_leverage_ratio": 25.700417928256183,
      "fcf_margin_change": -0.10085515928534168
    },
    {
      "date": "2021-09-30T00:00:00",
      "quarter_label": "2021-09 (Q3)",
      "revenue": 17820000,
      "gross_profit": null,
      "operating_income": 1790000,
      "net_income": -1188000,
      "opex": 16030000,
      "cogs": null,
      "rd": null,
      "sga": null,
      "fcf": 3278000,
      "ocf": 3606000,
      "capex": -328000,
      "gross_margin": null,
      "op_margin": 0.10044893378226712,
      "fcf_margin": 0.18395061728395062,
      "op_leverage_ratio": 0.46364630179273947,
      "fcf_margin_change": 0.24662451822997178
    },
    {
      "date": "2021-12-31T00:00:00",
      "quarter_label": "2021-12 (Q4)",
      "revenue": 13554000,
      "gross_profit": null,
      "operating_income": 494000,
      "net_income": -2584000,
      "opex": 13060000,
      "cogs": null,
      "rd": null,
      "sga": null,
      "fcf": -175000,
      "ocf": -1237000,
      "capex": 1062000,
      "gross_margin": null,
      "op_margin": 0.03644680537110816,
      "fcf_margin": -0.012911317692194186,
      "incr_op_margin_yoy": 0.05628594905505341,
      "rev_growth_yoy": 0.21888489208633094,
      "fcf_margin_change": -0.19686193497614482
    },
    {
      "date": "2022-03-31T00:00:00",
      "quarter_label": "2022-03 (Q1)",
      "revenue": 11535000,
      "gross_profit": null,
      "operating_income": -1232000,
      "net_income": -4293000,
      "opex": 12767000,
      "cogs": null,
      "rd": null,
      "sga": null,
      "fcf": 4658000,
      "ocf": 4661000,
      "capex": -3000,
      "gross_margin": null,
      "op_margin": -0.10680537494581707,
      "fcf_margin": 0.4038144776766363,
      "incr_op_margin_yoy": -0.33370535714285715,
      "rev_growth_yoy": 0.18392692189264087,
      "rev_growth_yoy_accel": -0.03495797019369007,
      "fcf_margin_change": 0.4167257953688305
    },
    {
      "date": "2022-06-30T00:00:00",
      "quarter_label": "2022-06 (Q2)",
      "revenue": 16152000,
      "gross_profit": null,
      "operating_income": -34000,
      "net_income": -2903000,
      "opex": 16186000,
      "cogs": null,
      "rd": null,
      "sga": null,
      "fcf": -797000,
      "ocf": -773000,
      "capex": -24000,
      "gross_margin": null,
      "op_margin": -0.0021050024764735016,
      "fcf_margin": -0.04934373452204061,
      "incr_op_margin_yoy": -2.162725225225225,
      "rev_growth_yoy": 0.12353923205342238,
      "rev_growth_yoy_accel": -0.060387689839218495,
      "op_leverage_ratio": 1.4946242808203678,
      "fcf_margin_change": -0.4531582121986769
    },
    {
      "date": "2022-09-30T00:00:00",
      "quarter_label": "2022-09 (Q3)",
      "revenue": 11825000,
      "gross_profit": null,
      "operating_income": -169000,
      "net_income": -2651000,
      "opex": 11994000,
      "cogs": null,
      "rd": null,
      "sga": null,
      "fcf": 808000,
      "ocf": 837000,
      "capex": -29000,
      "gross_margin": null,
      "op_margin": -0.014291754756871037,
      "fcf_margin": 0.06832980972515856,
      "incr_op_margin_yoy": 0.3267723102585488,
      "rev_growth_yoy": -0.33641975308641975,
      "rev_growth_yoy_accel": -0.4599589851398421,
      "fcf_margin_change": 0.11767354424719917
    },
    {
      "date": "2022-12-31T00:00:00",
      "quarter_label": "2022-12 (Q4)",
      "revenue": -917000,
      "gross_profit": null,
      "operating_income": 49000,
      "net_income": 40761000,
      "opex": -966000,
      "cogs": null,
      "rd": null,
      "sga": null,
      "fcf": -2547000,
      "ocf": -2527000,
      "capex": -20000,
      "gross_margin": null,
      "op_margin": -0.05343511450381679,
      "fcf_margin": 2.7775354416575793,
      "incr_op_margin_yoy": 0.03075115748738857,
      "rev_growth_yoy": -1.0676553047070976,
      "rev_growth_yoy_accel": -0.7312355516206779,
      "fcf_margin_change": 2.709205631932421
    },
    {
      "date": "2023-03-31T00:00:00",
      "quarter_label": "2023-03 (Q1)",
      "revenue": 7335000,
      "gross_profit": null,
      "operating_income": -1906000,
      "net_income": -2107000,
      "opex": 9241000,
      "cogs": null,
      "rd": null,
      "sga": null,
      "fcf": 741000,
      "ocf": 978000,
      "capex": -237000,
      "gross_margin": null,
      "op_margin": -0.25985003408316293,
      "fcf_margin": 0.10102249488752556,
      "incr_op_margin_yoy": 0.16047619047619047,
      "rev_growth_yoy": -0.3641092327698309,
      "rev_growth_yoy_accel": 0.7035460719372666,
      "fcf_margin_change": -2.6765129467700537
    },
    {
      "date": "2023-06-30T00:00:00",
      "quarter_label": "2023-06 (Q2)",
      "revenue": 12080000,
      "gross_profit": null,
      "operating_income": -116000,
      "net_income": -421000,
      "opex": 12196000,
      "cogs": null,
      "rd": null,
      "sga": null,
      "fcf": -4646000,
      "ocf": -4259000,
      "capex": -387000,
      "gross_margin": null,
      "op_margin": -0.009602649006622516,
      "fcf_margin": -0.3846026490066225,
      "incr_op_margin_yoy": 0.02013752455795678,
      "rev_growth_yoy": -0.2521050024764735,
      "rev_growth_yoy_accel": 0.11200423029335743,
      "op_leverage_ratio": 2.0230079227494446,
      "fcf_margin_change": -0.48562514389414807
    },
    {
      "date": "2023-09-30T00:00:00",
      "quarter_label": "2023-09 (Q3)",
      "revenue": 6447000,
      "gross_profit": null,
      "operating_income": -1964000,
      "net_income": -2316000,
      "opex": 8411000,
      "cogs": null,
      "rd": null,
      "sga": null,
      "fcf": -356000,
      "ocf": -122000,
      "capex": -234000,
      "gross_margin": null,
      "op_margin": -0.3046378160384675,
      "fcf_margin": -0.05521948192957965,
      "incr_op_margin_yoy": 0.33376719970249163,
      "rev_growth_yoy": -0.45479915433403806,
      "rev_growth_yoy_accel": -0.20269415185756456,
      "fcf_margin_change": 0.32938316707704285
    },
    {
      "date": "2023-12-31T00:00:00",
      "quarter_label": "2023-12 (Q4)",
      "revenue": 6529000,
      "gross_profit": null,
      "operating_income": -2801000,
      "net_income": -2787000,
      "opex": 9330000,
      "cogs": null,
      "rd": null,
      "sga": null,
      "fcf": -2123000,
      "ocf": -1912000,
      "capex": -211000,
      "gross_margin": null,
      "op_margin": -0.4290090366059121,
      "fcf_margin": -0.3251646500229744,
      "incr_op_margin_yoy": -0.3827558420628525,
      "op_leverage_ratio": 0.1164094678075673,
      "fcf_margin_change": -0.26994516809339475
    },
    {
      "date": "2024-03-31T00:00:00",
      "quarter_label": "2024-03 (Q1)",
      "revenue": 6706000,
      "gross_profit": null,
      "operating_income": -3467000,
      "net_income": -3677000,
      "opex": 10173000,
      "cogs": null,
      "rd": null,
      "sga": null,
      "fcf": 386000,
      "ocf": 412000,
      "capex": -26000,
      "gross_margin": null,
      "op_margin": -0.5169997017596183,
      "fcf_margin": 0.05756039367730391,
      "rev_growth_yoy": -0.08575323790047716,
      "op_leverage_ratio": 0.3000410432731275,
      "fcf_margin_change": 0.3827250437002783
    },
    {
      "date": "2024-06-30T00:00:00",
      "quarter_label": "2024-06 (Q2)",
      "revenue": 26202000,
      "gross_profit": null,
      "operating_income": -13326000,
      "net_income": -48307000,
      "opex": 39528000,
      "cogs": null,
      "rd": null,
      "sga": null,
      "fcf": -25190000,
      "ocf": -25123000,
      "capex": -67000,
      "gross_margin": null,
      "op_margin": -0.5085871307533776,
      "fcf_margin": -0.961376994122586,
      "incr_op_margin_yoy": -0.9354199121937402,
      "rev_growth_yoy": 1.1690397350993378,
      "rev_growth_yoy_accel": 1.2547929729998148,
      "op_leverage_ratio": 1.00750898264369,
      "fcf_margin_change": -1.01893738779989
    },
    {
      "date": "2024-09-30T00:00:00",
      "quarter_label": "2024-09 (Q3)",
      "revenue": 29859000,
      "gross_profit": null,
      "operating_income": -6873000,
      "net_income": 54926000,
      "opex": 36732000,
      "cogs": null,
      "rd": null,
      "sga": null,
      "fcf": -6641000,
      "ocf": -6020000,
      "capex": -621000,
      "gross_margin": null,
      "op_margin": -0.2301818547171707,
      "fcf_margin": -0.22241200308114806,
      "incr_op_margin_yoy": -0.2096787971980181,
      "rev_growth_yoy": 3.631456491391345,
      "rev_growth_yoy_accel": 2.462416756292007,
      "op_leverage_ratio": Infinity,
      "fcf_margin_change": 0.738964991041438
    },
    {
      "date": "2024-12-31T00:00:00",
      "quarter_label": "2024-12 (Q4)",
      "revenue": 32804000,
      "gross_profit": null,
      "operating_income": -4540000,
      "net_income": null,
      "opex": 37344000,
      "cogs": null,
      "rd": null,
      "sga": null,
      "fcf": 10470000,
      "ocf": 10869000,
      "capex": -399000,
      "gross_margin": null,
      "op_margin": -0.13839775637117424,
      "fcf_margin": 0.3191683940982807,
      "incr_op_margin_yoy": -0.06618458610846813,
      "rev_growth_yoy": 4.024352887119007,
      "rev_growth_yoy_accel": 0.3928963957276621,
      "op_leverage_ratio": 5.919747650558934,
      "fcf_margin_change": 0.5415803971794287
    },
    {
      "date": "2025-03-31T00:00:00",
      "quarter_label": "2025-03 (Q1)",
      "revenue": 28030000,
      "gross_profit": null,
      "operating_income": -4683000,
      "net_income": null,
      "opex": 32713000,
      "cogs": null,
      "rd": null,
      "sga": null,
      "fcf": 2002000,
      "ocf": 2057000,
      "capex": -55000,
      "gross_margin": null,
      "op_margin": -0.16707099536211203,
      "fcf_margin": 0.07142347484837674,
      "incr_op_margin_yoy": -0.05702494841493153,
      "rev_growth_yoy": 3.179838950193856,
      "rev_growth_yoy_accel": -0.8445139369251509,
      "fcf_margin_change": -0.24774491924990394
    },
    {
      "date": "2025-06-30T00:00:00",
      "quarter_label": "2025-06 (Q2)",
      "revenue": 31245000,
      "gross_profit": null,
      "operating_income": -6785000,
      "net_income": null,
      "opex": 38030000,
      "cogs": null,
      "rd": null,
      "sga": null,
      "fcf": -3172000,
      "ocf": -2950000,
      "capex": -222000,
      "gross_margin": null,
      "op_margin": -0.21715474475916147,
      "fcf_margin": -0.10152024323891823,
      "incr_op_margin_yoy": 1.2970454094784851,
      "rev_growth_yoy": 0.19246622395237004,
      "rev_growth_yoy_accel": -2.987372726241486,
      "op_leverage_ratio": 0.7056861482206489,
      "fcf_margin_change": -0.17294371808729497
    },
    {
      "date": "2025-09-30T00:00:00",
      "quarter_label": "2025-09 (Q3)",
      "revenue": 35398000,
      "gross_profit": null,
      "operating_income": -7091000,
      "net_income": null,
      "opex": 42489000,
      "cogs": null,
      "rd": null,
      "sga": null,
      "fcf": 2826000,
      "ocf": 2831000,
      "capex": -5000,
      "gross_margin": null,
      "op_margin": -0.20032205209333862,
      "fcf_margin": 0.07983501892762303,
      "incr_op_margin_yoy": -0.039357284708431126,
      "rev_growth_yoy": 0.1855052078100405,
      "rev_growth_yoy_accel": -0.006961016142329524,
      "op_leverage_ratio": 1.1336271933134778,
      "fcf_margin_change": 0.18135526216654124
    }
  ],
  "signals": [
    {
      "quarter": "2025-09 (Q3)",
      "signal": "FCF TURNED POSITIVE",
      "detail": "FCF margin: -10.2% -> +8.0%",
      "severity": "HIGH"
    },
    {
      "quarter": "2025-06 (Q2)",
      "signal": "YoY REVENUE GROWTH DECELERATION",
      "detail": "YoY growth: +19.2% vs prior quarter YoY: +318.0% (decel: -298.7%)",
      "severity": "WARNING"
    },
    {
      "quarter": "2025-03 (Q1)",
      "signal": "YoY REVENUE GROWTH DECELERATION",
      "detail": "YoY growth: +318.0% vs prior quarter YoY: +402.4% (decel: -84.5%)",
      "severity": "WARNING"
    },
    {
      "quarter": "2024-12 (Q4)",
      "signal": "FCF TURNED POSITIVE",
      "detail": "FCF margin: -22.2% -> +31.9%",
      "severity": "HIGH"
    },
    {
      "quarter": "2024-12 (Q4)",
      "signal": "OPERATING LEVERAGE",
      "detail": "Rev growth +9.9% vs OpEx growth +1.7% (leverage: 5.9x)",
      "severity": "MEDIUM"
    },
    {
      "quarter": "2024-12 (Q4)",
      "signal": "YoY REVENUE GROWTH ACCELERATION",
      "detail": "YoY growth: +402.4% vs prior quarter YoY: +363.1% (accel: +39.3%)",
      "severity": "HIGH"
    },
    {
      "quarter": "2024-09 (Q3)",
      "signal": "FCF MARGIN EXPANSION",
      "detail": "FCF margin: -96.1% -> -22.2% (+73.9%)",
      "severity": "MEDIUM"
    },
    {
      "quarter": "2024-09 (Q3)",
      "signal": "YoY REVENUE GROWTH ACCELERATION",
      "detail": "YoY growth: +363.1% vs prior quarter YoY: +116.9% (accel: +246.2%)",
      "severity": "HIGH"
    },
    {
      "quarter": "2024-06 (Q2)",
      "signal": "YoY REVENUE GROWTH ACCELERATION",
      "detail": "YoY growth: +116.9% vs prior quarter YoY: -8.6% (accel: +125.5%)",
      "severity": "HIGH"
    },
    {
      "quarter": "2024-03 (Q1)",
      "signal": "FCF TURNED POSITIVE",
      "detail": "FCF margin: -32.5% -> +5.8%",
      "severity": "HIGH"
    },
    {
      "quarter": "2023-09 (Q3)",
      "signal": "FCF MARGIN EXPANSION",
      "detail": "FCF margin: -38.5% -> -5.5% (+32.9%)",
      "severity": "MEDIUM"
    },
    {
      "quarter": "2023-09 (Q3)",
      "signal": "YoY REVENUE GROWTH DECELERATION",
      "detail": "YoY growth: -45.5% vs prior quarter YoY: -25.2% (decel: -20.3%)",
      "severity": "WARNING"
    },
    {
      "quarter": "2023-06 (Q2)",
      "signal": "OPERATING LEVERAGE",
      "detail": "Rev growth +64.7% vs OpEx growth +32.0% (leverage: 2.0x)",
      "severity": "MEDIUM"
    },
    {
      "quarter": "2023-06 (Q2)",
      "signal": "YoY REVENUE GROWTH ACCELERATION",
      "detail": "YoY growth: -25.2% vs prior quarter YoY: -36.4% (accel: +11.2%)",
      "severity": "MEDIUM"
    },
    {
      "quarter": "2023-03 (Q1)",
      "signal": "YoY REVENUE GROWTH ACCELERATION",
      "detail": "YoY growth: -36.4% vs prior quarter YoY: -106.8% (accel: +70.4%)",
      "severity": "HIGH"
    },
    {
      "quarter": "2022-12 (Q4)",
      "signal": "FCF MARGIN EXPANSION",
      "detail": "FCF margin: +6.8% -> +277.8% (+270.9%)",
      "severity": "MEDIUM"
    },
    {
      "quarter": "2022-12 (Q4)",
      "signal": "YoY REVENUE GROWTH DECELERATION",
      "detail": "YoY growth: -106.8% vs prior quarter YoY: -33.6% (decel: -73.1%)",
      "severity": "WARNING"
    },
    {
      "quarter": "2022-09 (Q3)",
      "signal": "FCF TURNED POSITIVE",
      "detail": "FCF margin: -4.9% -> +6.8%",
      "severity": "HIGH"
    },
    {
      "quarter": "2022-09 (Q3)",
      "signal": "YoY REVENUE GROWTH DECELERATION",
      "detail": "YoY growth: -33.6% vs prior quarter YoY: +12.4% (decel: -46.0%)",
      "severity": "WARNING"
    },
    {
      "quarter": "2022-06 (Q2)",
      "signal": "YoY REVENUE GROWTH DECELERATION",
      "detail": "YoY growth: +12.4% vs prior quarter YoY: +18.4% (decel: -6.0%)",
      "severity": "WARNING"
    },
    {
      "quarter": "2022-03 (Q1)",
      "signal": "FCF TURNED POSITIVE",
      "detail": "FCF margin: -1.3% -> +40.4%",
      "severity": "HIGH"
    },
    {
      "quarter": "2021-09 (Q3)",
      "signal": "FCF TURNED POSITIVE",
      "detail": "FCF margin: -6.3% -> +18.4%",
      "severity": "HIGH"
    },
    {
      "quarter": "2021-06 (Q2)",
      "signal": "OPERATING LEVERAGE",
      "detail": "Rev growth +47.6% vs OpEx growth +1.9% (leverage: 25.7x)",
      "severity": "MEDIUM"
    },
    {
      "quarter": "2021-06 (Q2)",
      "signal": "OP MARGIN TURNED POSITIVE (QoQ)",
      "detail": "Op margin: -6.5% -> +26.5%",
      "severity": "HIGH"
    },
    {
      "quarter": "2021-03 (Q1)",
      "signal": "FCF TURNED POSITIVE",
      "detail": "FCF margin: -22.6% -> +3.8%",
      "severity": "HIGH"
    }
  ],
  "data_quality": {
    "n_quarters": 20,
    "coverage": {
      "revenue": [
        20,
        20
      ],
      "gross_profit": [
        0,
        20
      ],
      "op_income": [
        20,
        20
      ],
      "fcf": [
        20,
        20
      ]
    },
    "gaps": [],
    "warnings": [
      "gross_profit: no data"
    ]
  },
  "market_cap": null,
  "source": "SEC EDGAR",
  "last_updated": "2026-02-02T23:37:42.082764"
}