{
  "ticker": "MDU",
  "name": "MDU RESOURCES GROUP, INC.",
  "sector": "Utilities",
  "industry": "Utilities - Regulated Gas",
  "quarters": [
    {
      "date": "2021-03-31T00:00:00",
      "quarter_label": "2021-03 (Q1)",
      "revenue": 1227938000,
      "gross_profit": null,
      "operating_income": 85164000,
      "net_income": 52131000,
      "opex": 1142774000,
      "cogs": null,
      "rd": null,
      "sga": 811659000,
      "fcf": 95620000,
      "ocf": 95620000,
      "capex": null,
      "gross_margin": null,
      "op_margin": 0.06935529318255482,
      "fcf_margin": 0.077870381077872
    },
    {
      "date": "2021-06-30T00:00:00",
      "quarter_label": "2021-06 (Q2)",
      "revenue": 1423657000,
      "gross_profit": null,
      "operating_income": 137689000,
      "net_income": 100190000,
      "opex": 1285968000,
      "cogs": null,
      "rd": null,
      "sga": 1077796000,
      "fcf": 87191000,
      "ocf": 87191000,
      "capex": null,
      "gross_margin": null,
      "op_margin": 0.09671500930350499,
      "fcf_margin": 0.06124438681508257,
      "op_leverage_ratio": 1.2720145493079569,
      "fcf_margin_change": -0.016625994262789434
    },
    {
      "date": "2021-09-30T00:00:00",
      "quarter_label": "2021-09 (Q3)",
      "revenue": 1586013000,
      "gross_profit": null,
      "operating_income": 189169000,
      "net_income": 139276000,
      "opex": 1396844000,
      "cogs": null,
      "rd": null,
      "sga": 1212898000,
      "fcf": 182999000,
      "ocf": 182999000,
      "capex": null,
      "gross_margin": null,
      "op_margin": 0.11927329725544494,
      "fcf_margin": 0.11538303910497581,
      "op_leverage_ratio": 1.3226824375836082,
      "fcf_margin_change": 0.054138652289893244
    },
    {
      "date": "2021-12-31T00:00:00",
      "quarter_label": "2021-12 (Q4)",
      "revenue": 1443125000,
      "gross_profit": null,
      "operating_income": 122196000,
      "net_income": 86534000,
      "opex": 1320929000,
      "cogs": null,
      "rd": null,
      "sga": 976270000,
      "fcf": 129967000,
      "ocf": 129967000,
      "capex": null,
      "gross_margin": null,
      "op_margin": 0.08467457773928107,
      "fcf_margin": 0.09005941966219143,
      "fcf_margin_change": -0.025323619442784384
    },
    {
      "date": "2022-03-31T00:00:00",
      "quarter_label": "2022-03 (Q1)",
      "revenue": 1416559000,
      "gross_profit": null,
      "operating_income": 67343000,
      "net_income": 31763000,
      "opex": 1349216000,
      "cogs": null,
      "rd": null,
      "sga": 907897000,
      "fcf": 112410000,
      "ocf": 112410000,
      "capex": null,
      "gross_margin": null,
      "op_margin": 0.047539848322590166,
      "fcf_margin": 0.07935426621835025,
      "incr_op_margin_yoy": -0.09448046611989121,
      "rev_growth_yoy": 0.15360791831509407,
      "fcf_margin_change": -0.010705153443841181
    },
    {
      "date": "2022-06-30T00:00:00",
      "quarter_label": "2022-06 (Q2)",
      "revenue": 1720921000,
      "gross_profit": null,
      "operating_income": 120570000,
      "net_income": 70667000,
      "opex": 1600351000,
      "cogs": null,
      "rd": null,
      "sga": 1316801000,
      "fcf": 6698000,
      "ocf": 6698000,
      "capex": null,
      "gross_margin": null,
      "op_margin": 0.07006132181546974,
      "fcf_margin": 0.0038921019616821456,
      "incr_op_margin_yoy": -0.057588540825663385,
      "rev_growth_yoy": 0.20880310355654488,
      "rev_growth_yoy_accel": 0.05519518524145081,
      "op_leverage_ratio": 1.1543300483199865,
      "fcf_margin_change": -0.0754621642566681
    },
    {
      "date": "2022-09-30T00:00:00",
      "quarter_label": "2022-09 (Q3)",
      "revenue": 1977206000,
      "gross_profit": null,
      "operating_income": 209851000,
      "net_income": 147971000,
      "opex": 1767355000,
      "cogs": null,
      "rd": null,
      "sga": 1546852000,
      "fcf": 165825000,
      "ocf": 165825000,
      "capex": null,
      "gross_margin": null,
      "op_margin": 0.10613512198526608,
      "fcf_margin": 0.08386834755710837,
      "incr_op_margin_yoy": 0.0528690441802384,
      "rev_growth_yoy": 0.24665182441758043,
      "rev_growth_yoy_accel": 0.03784872086103555,
      "op_leverage_ratio": 1.4270875795700841,
      "fcf_margin_change": 0.07997624559542622
    },
    {
      "date": "2022-12-31T00:00:00",
      "quarter_label": "2022-12 (Q4)",
      "revenue": 1859178000,
      "gross_profit": null,
      "operating_income": 176190000,
      "net_income": 117088000,
      "opex": 1682988000,
      "cogs": null,
      "rd": null,
      "sga": 1207307000,
      "fcf": 225131000,
      "ocf": 225131000,
      "capex": null,
      "gross_margin": null,
      "op_margin": 0.09476768765551227,
      "fcf_margin": 0.1210916867561901,
      "incr_op_margin_yoy": 0.12977673517556657,
      "rev_growth_yoy": 0.28830004330879166,
      "rev_growth_yoy_accel": 0.04164821889121123,
      "fcf_margin_change": 0.03722333919908173
    },
    {
      "date": "2023-03-31T00:00:00",
      "quarter_label": "2023-03 (Q1)",
      "revenue": 1737337000,
      "gross_profit": null,
      "operating_income": 74472000,
      "net_income": 38353000,
      "opex": 1662865000,
      "cogs": null,
      "rd": null,
      "sga": 1104742000,
      "fcf": -43648000,
      "ocf": -43648000,
      "capex": null,
      "gross_margin": null,
      "op_margin": 0.04286560408257005,
      "fcf_margin": -0.0251235079895265,
      "incr_op_margin_yoy": 0.022224092674684674,
      "rev_growth_yoy": 0.22644873951596792,
      "rev_growth_yoy_accel": -0.06185130379282375,
      "fcf_margin_change": -0.1462151947457166
    },
    {
      "date": "2023-06-30T00:00:00",
      "quarter_label": "2023-06 (Q2)",
      "revenue": 1091126000,
      "gross_profit": null,
      "operating_income": 82031000,
      "net_income": 130692000,
      "opex": 1009095000,
      "cogs": null,
      "rd": null,
      "sga": 769593000,
      "fcf": 116749000,
      "ocf": 116749000,
      "capex": null,
      "gross_margin": null,
      "op_margin": 0.07518013501648756,
      "fcf_margin": 0.10699864177006138,
      "incr_op_margin_yoy": 0.06119292785747743,
      "rev_growth_yoy": -0.36596392280645074,
      "rev_growth_yoy_accel": -0.5924126623224186,
      "fcf_margin_change": 0.1321221497595879
    },
    {
      "date": "2023-09-30T00:00:00",
      "quarter_label": "2023-09 (Q3)",
      "revenue": 1000795000,
      "gross_profit": null,
      "operating_income": 84604000,
      "net_income": 74929000,
      "opex": 916191000,
      "cogs": null,
      "rd": null,
      "sga": 738658000,
      "fcf": 101813000,
      "ocf": 101813000,
      "capex": null,
      "gross_margin": null,
      "op_margin": 0.08453679324936675,
      "fcf_margin": 0.10173212296224501,
      "incr_op_margin_yoy": 0.12827282773340326,
      "rev_growth_yoy": -0.49383372294035116,
      "rev_growth_yoy_accel": -0.12786980013390042,
      "fcf_margin_change": -0.005266518807816367
    },
    {
      "date": "2023-12-31T00:00:00",
      "quarter_label": "2023-12 (Q4)",
      "revenue": 1135320000,
      "gross_profit": null,
      "operating_income": 140821000,
      "net_income": 170733000,
      "opex": 994499000,
      "cogs": null,
      "rd": null,
      "sga": 666076000,
      "fcf": 157713000,
      "ocf": 157713000,
      "capex": null,
      "gross_margin": null,
      "op_margin": 0.12403639502519113,
      "fcf_margin": 0.13891501955395835,
      "incr_op_margin_yoy": 0.048861793335156896,
      "rev_growth_yoy": -0.3893430322432817,
      "rev_growth_yoy_accel": 0.10449069069706945,
      "op_leverage_ratio": 1.5726705813981832,
      "fcf_margin_change": 0.03718289659171334
    },
    {
      "date": "2024-03-31T00:00:00",
      "quarter_label": "2024-03 (Q1)",
      "revenue": 1213825000,
      "gross_profit": null,
      "operating_income": 135947000,
      "net_income": 100898000,
      "opex": 1077878000,
      "cogs": null,
      "rd": null,
      "sga": 671917000,
      "fcf": 165097000,
      "ocf": 165097000,
      "capex": null,
      "gross_margin": null,
      "op_margin": 0.11199884662121805,
      "fcf_margin": 0.1360138405453834,
      "incr_op_margin_yoy": -0.11742806277602041,
      "rev_growth_yoy": -0.30133013917276846,
      "rev_growth_yoy_accel": 0.08801289307051324,
      "op_leverage_ratio": 0.8247583061507977,
      "fcf_margin_change": -0.00290117900857495
    },
    {
      "date": "2024-06-30T00:00:00",
      "quarter_label": "2024-06 (Q2)",
      "revenue": 1047545000,
      "gross_profit": null,
      "operating_income": 89746000,
      "net_income": 60436000,
      "opex": 957799000,
      "cogs": null,
      "rd": null,
      "sga": 732992000,
      "fcf": 136472000,
      "ocf": 136472000,
      "capex": null,
      "gross_margin": null,
      "op_margin": 0.08567269186526594,
      "fcf_margin": 0.1302779355540812,
      "incr_op_margin_yoy": -0.17702668594112114,
      "rev_growth_yoy": -0.03994130833652575,
      "rev_growth_yoy_accel": 0.2613888308362427,
      "fcf_margin_change": -0.005735904991302193
    },
    {
      "date": "2024-09-30T00:00:00",
      "quarter_label": "2024-09 (Q3)",
      "revenue": 1050516000,
      "gross_profit": null,
      "operating_income": 90804000,
      "net_income": 64615000,
      "opex": 959712000,
      "cogs": null,
      "rd": null,
      "sga": 786637000,
      "fcf": 140217000,
      "ocf": 140217000,
      "capex": null,
      "gross_margin": null,
      "op_margin": 0.08643752213198086,
      "fcf_margin": 0.1334744068629131,
      "incr_op_margin_yoy": 0.1246958025783874,
      "rev_growth_yoy": 0.049681503204952064,
      "rev_growth_yoy_accel": 0.08962281154147782,
      "fcf_margin_change": 0.003196471308831883
    },
    {
      "date": "2024-12-31T00:00:00",
      "quarter_label": "2024-12 (Q4)",
      "revenue": -1553908000,
      "gross_profit": null,
      "operating_income": -50855000,
      "net_income": 55158000,
      "opex": -1503053000,
      "cogs": null,
      "rd": null,
      "sga": -1777056000,
      "fcf": 60532000,
      "ocf": 60532000,
      "capex": null,
      "gross_margin": null,
      "op_margin": 0.032727162740651315,
      "fcf_margin": -0.03895468715007581,
      "incr_op_margin_yoy": 0.07127547385346278,
      "rev_growth_yoy": -2.3686960504527357,
      "rev_growth_yoy_accel": -2.4183775536576877,
      "fcf_margin_change": -0.1724290940129889
    },
    {
      "date": "2025-03-31T00:00:00",
      "quarter_label": "2025-03 (Q1)",
      "revenue": 674833000,
      "gross_profit": null,
      "operating_income": 112863000,
      "net_income": 81965000,
      "opex": 561970000,
      "cogs": null,
      "rd": null,
      "sga": 111047000,
      "fcf": 217472000,
      "ocf": 217472000,
      "capex": null,
      "gross_margin": null,
      "op_margin": 0.16724582229973933,
      "fcf_margin": 0.3222604703682244,
      "incr_op_margin_yoy": 0.04282809392347196,
      "rev_growth_yoy": -0.44404424031470763,
      "rev_growth_yoy_accel": 1.924651810138028,
      "fcf_margin_change": 0.36121515751830024
    },
    {
      "date": "2025-06-30T00:00:00",
      "quarter_label": "2025-06 (Q2)",
      "revenue": 351186000,
      "gross_profit": null,
      "operating_income": 30332000,
      "net_income": 13780000,
      "opex": 320854000,
      "cogs": null,
      "rd": null,
      "sga": 112887000,
      "fcf": 117412000,
      "ocf": 117412000,
      "capex": null,
      "gross_margin": null,
      "op_margin": 0.08637018559965375,
      "fcf_margin": 0.3343299562055435,
      "incr_op_margin_yoy": 0.08532093359890516,
      "rev_growth_yoy": -0.6647533041539981,
      "rev_growth_yoy_accel": -0.2207090638392905,
      "fcf_margin_change": 0.012069485837319094
    },
    {
      "date": "2025-09-30T00:00:00",
      "quarter_label": "2025-09 (Q3)",
      "revenue": 315036000,
      "gross_profit": null,
      "operating_income": 39840000,
      "net_income": 18311000,
      "opex": 275196000,
      "cogs": null,
      "rd": null,
      "sga": 101762000,
      "fcf": 57909000,
      "ocf": 57909000,
      "capex": null,
      "gross_margin": null,
      "op_margin": 0.12646173770616692,
      "fcf_margin": 0.18381708757094428,
      "incr_op_margin_yoy": 0.06929352259748736,
      "rev_growth_yoy": -0.7001130872828211,
      "rev_growth_yoy_accel": -0.03535978312882293,
      "fcf_margin_change": -0.15051286863459923
    },
    {
      "date": "2025-12-31T00:00:00",
      "quarter_label": "2025-12 (Q4)",
      "revenue": 534011000,
      "gross_profit": null,
      "operating_income": 107342000,
      "net_income": 76339000,
      "opex": 426669000,
      "cogs": null,
      "rd": null,
      "sga": 107327000,
      "fcf": 80572000,
      "ocf": 80572000,
      "capex": null,
      "gross_margin": null,
      "op_margin": 0.2010108406006618,
      "fcf_margin": 0.1508807870998912,
      "incr_op_margin_yoy": 0.07576778601085578,
      "op_leverage_ratio": 1.2628193868596522,
      "fcf_margin_change": -0.03293630047105309
    }
  ],
  "signals": [
    {
      "quarter": "2025-06 (Q2)",
      "signal": "YoY REVENUE GROWTH DECELERATION",
      "detail": "YoY growth: -66.5% vs prior quarter YoY: -44.4% (decel: -22.1%)",
      "severity": "WARNING"
    },
    {
      "quarter": "2025-03 (Q1)",
      "signal": "FCF TURNED POSITIVE",
      "detail": "FCF margin: -3.9% -> +32.2%",
      "severity": "HIGH"
    },
    {
      "quarter": "2025-03 (Q1)",
      "signal": "YoY REVENUE GROWTH ACCELERATION",
      "detail": "YoY growth: -44.4% vs prior quarter YoY: -236.9% (accel: +192.5%)",
      "severity": "HIGH"
    },
    {
      "quarter": "2024-12 (Q4)",
      "signal": "YoY REVENUE GROWTH DECELERATION",
      "detail": "YoY growth: -236.9% vs prior quarter YoY: +5.0% (decel: -241.8%)",
      "severity": "WARNING"
    },
    {
      "quarter": "2024-09 (Q3)",
      "signal": "YoY REVENUE GROWTH ACCELERATION",
      "detail": "YoY growth: +5.0% vs prior quarter YoY: -4.0% (accel: +9.0%)",
      "severity": "MEDIUM"
    },
    {
      "quarter": "2024-06 (Q2)",
      "signal": "YoY REVENUE GROWTH ACCELERATION",
      "detail": "YoY growth: -4.0% vs prior quarter YoY: -30.1% (accel: +26.1%)",
      "severity": "HIGH"
    },
    {
      "quarter": "2024-03 (Q1)",
      "signal": "YoY REVENUE GROWTH ACCELERATION",
      "detail": "YoY growth: -30.1% vs prior quarter YoY: -38.9% (accel: +8.8%)",
      "severity": "MEDIUM"
    },
    {
      "quarter": "2023-12 (Q4)",
      "signal": "OPERATING LEVERAGE",
      "detail": "Rev growth +13.4% vs OpEx growth +8.5% (leverage: 1.6x)",
      "severity": "MEDIUM"
    },
    {
      "quarter": "2023-12 (Q4)",
      "signal": "YoY REVENUE GROWTH ACCELERATION",
      "detail": "YoY growth: -38.9% vs prior quarter YoY: -49.4% (accel: +10.4%)",
      "severity": "MEDIUM"
    },
    {
      "quarter": "2023-09 (Q3)",
      "signal": "YoY REVENUE GROWTH DECELERATION",
      "detail": "YoY growth: -49.4% vs prior quarter YoY: -36.6% (decel: -12.8%)",
      "severity": "WARNING"
    },
    {
      "quarter": "2023-06 (Q2)",
      "signal": "FCF TURNED POSITIVE",
      "detail": "FCF margin: -2.5% -> +10.7%",
      "severity": "HIGH"
    },
    {
      "quarter": "2023-06 (Q2)",
      "signal": "YoY REVENUE GROWTH DECELERATION",
      "detail": "YoY growth: -36.6% vs prior quarter YoY: +22.6% (decel: -59.2%)",
      "severity": "WARNING"
    },
    {
      "quarter": "2023-03 (Q1)",
      "signal": "YoY REVENUE GROWTH DECELERATION",
      "detail": "YoY growth: +22.6% vs prior quarter YoY: +28.8% (decel: -6.2%)",
      "severity": "WARNING"
    },
    {
      "quarter": "2022-09 (Q3)",
      "signal": "FCF MARGIN EXPANSION",
      "detail": "FCF margin: +0.4% -> +8.4% (+8.0%)",
      "severity": "MEDIUM"
    },
    {
      "quarter": "2022-06 (Q2)",
      "signal": "YoY REVENUE GROWTH ACCELERATION",
      "detail": "YoY growth: +20.9% vs prior quarter YoY: +15.4% (accel: +5.5%)",
      "severity": "MEDIUM"
    },
    {
      "quarter": "2021-09 (Q3)",
      "signal": "FCF MARGIN EXPANSION",
      "detail": "FCF margin: +6.1% -> +11.5% (+5.4%)",
      "severity": "MEDIUM"
    }
  ],
  "data_quality": {
    "n_quarters": 20,
    "coverage": {
      "revenue": [
        20,
        20
      ],
      "gross_profit": [
        0,
        20
      ],
      "op_income": [
        20,
        20
      ],
      "fcf": [
        20,
        20
      ]
    },
    "gaps": [],
    "warnings": [
      "gross_profit: no data"
    ]
  },
  "market_cap": null,
  "source": "SEC EDGAR",
  "last_updated": "2026-02-24T10:12:28.859335"
}