{
  "ticker": "MDV",
  "name": "Modiv Industrial, Inc.",
  "quarters": [
    {
      "date": "2019-12-31T00:00:00",
      "quarter_label": "2019-12 (Q4)",
      "revenue": 6637290,
      "gross_profit": null,
      "operating_income": null,
      "net_income": null,
      "opex": null,
      "cogs": null,
      "rd": null,
      "sga": null,
      "fcf": null,
      "ocf": null,
      "capex": null,
      "gross_margin": null,
      "op_margin": null,
      "fcf_margin": null
    },
    {
      "date": "2020-03-31T00:00:00",
      "quarter_label": "2020-03 (Q1)",
      "revenue": 11054409,
      "gross_profit": null,
      "operating_income": null,
      "net_income": null,
      "opex": null,
      "cogs": null,
      "rd": null,
      "sga": null,
      "fcf": null,
      "ocf": null,
      "capex": null,
      "gross_margin": null,
      "op_margin": null,
      "fcf_margin": null
    },
    {
      "date": "2020-06-30T00:00:00",
      "quarter_label": "2020-06 (Q2)",
      "revenue": 9277020,
      "gross_profit": null,
      "operating_income": null,
      "net_income": null,
      "opex": null,
      "cogs": null,
      "rd": null,
      "sga": null,
      "fcf": null,
      "ocf": null,
      "capex": null,
      "gross_margin": null,
      "op_margin": null,
      "fcf_margin": null
    },
    {
      "date": "2020-09-30T00:00:00",
      "quarter_label": "2020-09 (Q3)",
      "revenue": 9557191,
      "gross_profit": null,
      "operating_income": null,
      "net_income": null,
      "opex": null,
      "cogs": null,
      "rd": null,
      "sga": null,
      "fcf": null,
      "ocf": null,
      "capex": null,
      "gross_margin": null,
      "op_margin": null,
      "fcf_margin": null
    },
    {
      "date": "2020-12-31T00:00:00",
      "quarter_label": "2020-12 (Q4)",
      "revenue": 9014810,
      "gross_profit": null,
      "operating_income": 2711013,
      "net_income": 2955390,
      "opex": 8749904,
      "cogs": null,
      "rd": null,
      "sga": null,
      "fcf": 1764012,
      "ocf": 1764012,
      "capex": null,
      "gross_margin": null,
      "op_margin": 0.30072880071792973,
      "fcf_margin": 0.1956793321212538,
      "rev_growth_yoy": 0.3582064366631562
    },
    {
      "date": "2021-03-31T00:00:00",
      "quarter_label": "2021-03 (Q1)",
      "revenue": 9040863,
      "gross_profit": null,
      "operating_income": -1513165,
      "net_income": -903648,
      "opex": 10843670,
      "cogs": null,
      "rd": null,
      "sga": null,
      "fcf": 100625,
      "ocf": 100625,
      "capex": null,
      "gross_margin": null,
      "op_margin": -0.16736953098393373,
      "fcf_margin": 0.011130021547721716,
      "rev_growth_yoy": -0.18214867931881298,
      "rev_growth_yoy_accel": -0.5403551159819692,
      "fcf_margin_change": -0.18454931057353208
    },
    {
      "date": "2021-06-30T00:00:00",
      "quarter_label": "2021-06 (Q2)",
      "revenue": 9173000,
      "gross_profit": null,
      "operating_income": -1076728,
      "net_income": -1001843,
      "opex": 10249728,
      "cogs": null,
      "rd": null,
      "sga": null,
      "fcf": 2982728,
      "ocf": 2982728,
      "capex": null,
      "gross_margin": null,
      "op_margin": -0.11738013735964242,
      "fcf_margin": 0.3251638504306116,
      "rev_growth_yoy": -0.011212652338789826,
      "rev_growth_yoy_accel": 0.17093602698002316,
      "op_leverage_ratio": Infinity,
      "fcf_margin_change": 0.3140338288828899
    },
    {
      "date": "2021-09-30T00:00:00",
      "quarter_label": "2021-09 (Q3)",
      "revenue": 10307683,
      "gross_profit": null,
      "operating_income": 3571782,
      "net_income": 3648455,
      "opex": 10978672,
      "cogs": null,
      "rd": null,
      "sga": null,
      "fcf": 3229330,
      "ocf": 3229330,
      "capex": null,
      "gross_margin": null,
      "op_margin": 0.3465164770783114,
      "fcf_margin": 0.313293491854571,
      "rev_growth_yoy": 0.07852642057692474,
      "rev_growth_yoy_accel": 0.08973907291571456,
      "op_leverage_ratio": 1.739327364515863,
      "fcf_margin_change": -0.011870358576040574
    },
    {
      "date": "2021-12-31T00:00:00",
      "quarter_label": "2021-12 (Q4)",
      "revenue": 7701171,
      "gross_profit": null,
      "operating_income": -2515735,
      "net_income": -2178469,
      "opex": 13488195,
      "cogs": null,
      "rd": null,
      "sga": null,
      "fcf": 3416002,
      "ocf": 3416002,
      "capex": null,
      "gross_margin": null,
      "op_margin": -0.3266691520029876,
      "fcf_margin": 0.4435691662995147,
      "incr_op_margin_yoy": 3.978831322760667,
      "rev_growth_yoy": -0.14572009837145763,
      "rev_growth_yoy_accel": -0.22424651894838238,
      "fcf_margin_change": 0.1302756744449437
    },
    {
      "date": "2023-03-31T00:00:00",
      "quarter_label": "2023-03 (Q1)",
      "revenue": 10377175,
      "gross_profit": null,
      "operating_income": -4754176,
      "net_income": -3762722,
      "opex": 15065358,
      "cogs": null,
      "rd": null,
      "sga": null,
      "fcf": 2784870,
      "ocf": 2784870,
      "capex": null,
      "gross_margin": null,
      "op_margin": -0.4581377879817966,
      "fcf_margin": 0.26836494518016707,
      "op_leverage_ratio": 2.9717156228007755,
      "fcf_margin_change": -0.17520422111934764
    },
    {
      "date": "2023-06-30T00:00:00",
      "quarter_label": "2023-06 (Q2)",
      "revenue": 11902556,
      "gross_profit": null,
      "operating_income": 4094415,
      "net_income": 3980310,
      "opex": 7742148,
      "cogs": null,
      "rd": null,
      "sga": null,
      "fcf": 4504238,
      "ocf": 4504238,
      "capex": null,
      "gross_margin": null,
      "op_margin": 0.3439946008235542,
      "fcf_margin": 0.3784261128450057,
      "op_leverage_ratio": Infinity,
      "fcf_margin_change": 0.11006116766483864
    },
    {
      "date": "2023-09-30T00:00:00",
      "quarter_label": "2023-09 (Q3)",
      "revenue": 12566329,
      "gross_profit": null,
      "operating_income": -4783867,
      "net_income": -5536346,
      "opex": 15575404,
      "cogs": null,
      "rd": null,
      "sga": null,
      "fcf": 3921058,
      "ocf": 3921058,
      "capex": null,
      "gross_margin": null,
      "op_margin": -0.38068930074964613,
      "fcf_margin": 0.3120289147291942,
      "op_leverage_ratio": 0.05511864066214926,
      "fcf_margin_change": -0.06639719811581152
    },
    {
      "date": "2023-12-31T00:00:00",
      "quarter_label": "2023-12 (Q4)",
      "revenue": 12387939,
      "gross_profit": null,
      "operating_income": 3738623,
      "net_income": -1295084,
      "opex": 8549893,
      "cogs": null,
      "rd": null,
      "sga": null,
      "fcf": 5368834,
      "ocf": 5368834,
      "capex": null,
      "gross_margin": null,
      "op_margin": 0.3017953995414411,
      "fcf_margin": 0.43339202751967054,
      "fcf_margin_change": 0.12136311279047635
    },
    {
      "date": "2024-03-31T00:00:00",
      "quarter_label": "2024-03 (Q1)",
      "revenue": 11966560,
      "gross_profit": null,
      "operating_income": 6658980,
      "net_income": 3724459,
      "opex": 8495386,
      "cogs": null,
      "rd": null,
      "sga": null,
      "fcf": 2987000,
      "ocf": 2987000,
      "capex": null,
      "gross_margin": null,
      "op_margin": 0.5564656843737883,
      "fcf_margin": 0.2496122528111671,
      "incr_op_margin_yoy": 7.180863038219186,
      "rev_growth_yoy": 0.15316162635784789,
      "fcf_margin_change": -0.18377977470850343
    },
    {
      "date": "2024-06-30T00:00:00",
      "quarter_label": "2024-06 (Q2)",
      "revenue": 11409514,
      "gross_profit": null,
      "operating_income": 5092550,
      "net_income": 1324917,
      "opex": 6316964,
      "cogs": null,
      "rd": null,
      "sga": null,
      "fcf": 4710000,
      "ocf": 4710000,
      "capex": null,
      "gross_margin": null,
      "op_margin": 0.4463424121307884,
      "fcf_margin": 0.41281337662585804,
      "rev_growth_yoy": -0.04142320355392573,
      "rev_growth_yoy_accel": -0.19458482991177362,
      "fcf_margin_change": 0.16320112381469093
    },
    {
      "date": "2024-09-30T00:00:00",
      "quarter_label": "2024-09 (Q3)",
      "revenue": 11655363,
      "gross_profit": null,
      "operating_income": 4899801,
      "net_income": -586402,
      "opex": 6927563,
      "cogs": null,
      "rd": null,
      "sga": null,
      "fcf": 5138000,
      "ocf": 5138000,
      "capex": null,
      "gross_margin": null,
      "op_margin": 0.4203902529676682,
      "fcf_margin": 0.44082711109040534,
      "rev_growth_yoy": -0.07249261100835415,
      "rev_growth_yoy_accel": -0.03106940745442842,
      "op_leverage_ratio": 0.22292235054439624,
      "fcf_margin_change": 0.028013734464547302
    },
    {
      "date": "2024-12-31T00:00:00",
      "quarter_label": "2024-12 (Q4)",
      "revenue": 11729563,
      "gross_profit": null,
      "operating_income": 5329669,
      "net_income": 1555026,
      "opex": 6400087,
      "cogs": null,
      "rd": null,
      "sga": null,
      "fcf": 5406000,
      "ocf": 5406000,
      "capex": null,
      "gross_margin": null,
      "op_margin": 0.4543791614402003,
      "fcf_margin": 0.46088673550753767,
      "rev_growth_yoy": -0.05314653228434528,
      "rev_growth_yoy_accel": 0.01934607872400887,
      "fcf_margin_change": 0.020059624417132327
    },
    {
      "date": "2025-03-31T00:00:00",
      "quarter_label": "2025-03 (Q1)",
      "revenue": 11793000,
      "gross_profit": null,
      "operating_income": 4736000,
      "net_income": 829000,
      "opex": 7141000,
      "cogs": null,
      "rd": null,
      "sga": null,
      "fcf": 3050000,
      "ocf": 3050000,
      "capex": null,
      "gross_margin": null,
      "op_margin": 0.4015941660306962,
      "fcf_margin": 0.25862799966081573,
      "rev_growth_yoy": -0.014503750451257505,
      "rev_growth_yoy_accel": 0.03864278183308777,
      "fcf_margin_change": -0.20225873584672194
    },
    {
      "date": "2025-06-30T00:00:00",
      "quarter_label": "2025-06 (Q2)",
      "revenue": 11833000,
      "gross_profit": null,
      "operating_income": 1165000,
      "net_income": -2022000,
      "opex": 10668000,
      "cogs": null,
      "rd": null,
      "sga": null,
      "fcf": 3938000,
      "ocf": 3938000,
      "capex": null,
      "gross_margin": null,
      "op_margin": 0.09845347756274825,
      "fcf_margin": 0.33279810698892925,
      "rev_growth_yoy": 0.03711691838933718,
      "rev_growth_yoy_accel": 0.051620668840594686,
      "fcf_margin_change": 0.07417010732811352
    },
    {
      "date": "2025-09-30T00:00:00",
      "quarter_label": "2025-09 (Q3)",
      "revenue": 11687000,
      "gross_profit": null,
      "operating_income": 4844000,
      "net_income": 1048000,
      "opex": 6843000,
      "cogs": null,
      "rd": null,
      "sga": null,
      "fcf": 4138000,
      "ocf": 4138000,
      "capex": null,
      "gross_margin": null,
      "op_margin": 0.4144776247112176,
      "fcf_margin": 0.3540686232566099,
      "rev_growth_yoy": 0.0027143727741469744,
      "rev_growth_yoy_accel": -0.034402545615190204,
      "fcf_margin_change": 0.021270516267680672
    }
  ],
  "signals": [
    {
      "quarter": "2025-06 (Q2)",
      "signal": "FCF MARGIN EXPANSION",
      "detail": "FCF margin: +25.9% -> +33.3% (+7.4%)",
      "severity": "MEDIUM"
    },
    {
      "quarter": "2025-06 (Q2)",
      "signal": "YoY REVENUE GROWTH ACCELERATION",
      "detail": "YoY growth: +3.7% vs prior quarter YoY: -1.5% (accel: +5.2%)",
      "severity": "MEDIUM"
    },
    {
      "quarter": "2024-09 (Q3)",
      "signal": "OP MARGIN TURNED POSITIVE (YoY)",
      "detail": "Op margin: -38.1% (year-ago) -> +42.0%",
      "severity": "HIGH"
    },
    {
      "quarter": "2024-06 (Q2)",
      "signal": "FCF MARGIN EXPANSION",
      "detail": "FCF margin: +25.0% -> +41.3% (+16.3%)",
      "severity": "MEDIUM"
    },
    {
      "quarter": "2024-06 (Q2)",
      "signal": "YoY REVENUE GROWTH DECELERATION",
      "detail": "YoY growth: -4.1% vs prior quarter YoY: +15.3% (decel: -19.5%)",
      "severity": "WARNING"
    },
    {
      "quarter": "2024-03 (Q1)",
      "signal": "OP MARGIN TURNED POSITIVE (YoY)",
      "detail": "Op margin: -45.8% (year-ago) -> +55.6%",
      "severity": "HIGH"
    },
    {
      "quarter": "2023-12 (Q4)",
      "signal": "FCF MARGIN EXPANSION",
      "detail": "FCF margin: +31.2% -> +43.3% (+12.1%)",
      "severity": "MEDIUM"
    },
    {
      "quarter": "2023-12 (Q4)",
      "signal": "OP MARGIN TURNED POSITIVE (QoQ)",
      "detail": "Op margin: -38.1% -> +30.2%",
      "severity": "HIGH"
    },
    {
      "quarter": "2023-06 (Q2)",
      "signal": "FCF MARGIN EXPANSION",
      "detail": "FCF margin: +26.8% -> +37.8% (+11.0%)",
      "severity": "MEDIUM"
    },
    {
      "quarter": "2023-06 (Q2)",
      "signal": "OP MARGIN TURNED POSITIVE (QoQ)",
      "detail": "Op margin: -45.8% -> +34.4%",
      "severity": "HIGH"
    },
    {
      "quarter": "2023-03 (Q1)",
      "signal": "OPERATING LEVERAGE",
      "detail": "Rev growth +34.7% vs OpEx growth +11.7% (leverage: 3.0x)",
      "severity": "MEDIUM"
    },
    {
      "quarter": "2021-12 (Q4)",
      "signal": "FCF MARGIN EXPANSION",
      "detail": "FCF margin: +31.3% -> +44.4% (+13.0%)",
      "severity": "MEDIUM"
    },
    {
      "quarter": "2021-12 (Q4)",
      "signal": "YoY REVENUE GROWTH DECELERATION",
      "detail": "YoY growth: -14.6% vs prior quarter YoY: +7.9% (decel: -22.4%)",
      "severity": "WARNING"
    },
    {
      "quarter": "2021-09 (Q3)",
      "signal": "OPERATING LEVERAGE",
      "detail": "Rev growth +12.4% vs OpEx growth +7.1% (leverage: 1.7x)",
      "severity": "MEDIUM"
    },
    {
      "quarter": "2021-09 (Q3)",
      "signal": "YoY REVENUE GROWTH ACCELERATION",
      "detail": "YoY growth: +7.9% vs prior quarter YoY: -1.1% (accel: +9.0%)",
      "severity": "MEDIUM"
    },
    {
      "quarter": "2021-09 (Q3)",
      "signal": "OP MARGIN TURNED POSITIVE (QoQ)",
      "detail": "Op margin: -11.7% -> +34.7%",
      "severity": "HIGH"
    },
    {
      "quarter": "2021-06 (Q2)",
      "signal": "FCF MARGIN EXPANSION",
      "detail": "FCF margin: +1.1% -> +32.5% (+31.4%)",
      "severity": "MEDIUM"
    },
    {
      "quarter": "2021-06 (Q2)",
      "signal": "YoY REVENUE GROWTH ACCELERATION",
      "detail": "YoY growth: -1.1% vs prior quarter YoY: -18.2% (accel: +17.1%)",
      "severity": "HIGH"
    },
    {
      "quarter": "2021-03 (Q1)",
      "signal": "YoY REVENUE GROWTH DECELERATION",
      "detail": "YoY growth: -18.2% vs prior quarter YoY: +35.8% (decel: -54.0%)",
      "severity": "WARNING"
    }
  ],
  "data_quality": {
    "n_quarters": 20,
    "coverage": {
      "revenue": [
        20,
        20
      ],
      "gross_profit": [
        0,
        20
      ],
      "op_income": [
        16,
        20
      ],
      "fcf": [
        16,
        20
      ]
    },
    "gaps": [
      [
        "2021-12 (Q4)",
        "2023-03 (Q1)",
        455
      ]
    ],
    "warnings": [
      "gross_profit: no data",
      "gap: 4Q missing between 2021-12 (Q4) and 2023-03 (Q1)"
    ]
  },
  "market_cap": null,
  "source": "SEC EDGAR",
  "last_updated": "2026-02-02T23:08:10.217705"
}