{
  "ticker": "MEDP",
  "name": "Medpace Holdings, Inc.",
  "sector": "Healthcare",
  "industry": "Diagnostics & Research",
  "quarters": [
    {
      "date": "2021-03-31T00:00:00",
      "quarter_label": "2021-03 (Q1)",
      "revenue": 259965000,
      "gross_profit": null,
      "operating_income": 47599000,
      "net_income": 43306000,
      "opex": 212366000,
      "cogs": null,
      "rd": null,
      "sga": 25738000,
      "fcf": 50812000,
      "ocf": 57319000,
      "capex": -6507000,
      "gross_margin": null,
      "op_margin": 0.18309772469370877,
      "fcf_margin": 0.19545708076087165
    },
    {
      "date": "2021-06-30T00:00:00",
      "quarter_label": "2021-06 (Q2)",
      "revenue": 278293000,
      "gross_profit": null,
      "operating_income": 42448000,
      "net_income": 39934000,
      "opex": 235845000,
      "cogs": null,
      "rd": null,
      "sga": 26973000,
      "fcf": 56753000,
      "ocf": 62761000,
      "capex": -6008000,
      "gross_margin": null,
      "op_margin": 0.15252988756454527,
      "fcf_margin": 0.20393254591383903,
      "op_leverage_ratio": 0.637684096503842,
      "fcf_margin_change": 0.008475465152967376
    },
    {
      "date": "2021-09-30T00:00:00",
      "quarter_label": "2021-09 (Q3)",
      "revenue": 295567000,
      "gross_profit": null,
      "operating_income": 53713000,
      "net_income": 48574000,
      "opex": 241854000,
      "cogs": null,
      "rd": null,
      "sga": 28046000,
      "fcf": 65713000,
      "ocf": 72353000,
      "capex": -6640000,
      "gross_margin": null,
      "op_margin": 0.181728677423393,
      "fcf_margin": 0.2223286090801747,
      "op_leverage_ratio": 2.4362121354984265,
      "fcf_margin_change": 0.018396063166335686
    },
    {
      "date": "2021-12-31T00:00:00",
      "quarter_label": "2021-12 (Q4)",
      "revenue": 308552000,
      "gross_profit": null,
      "operating_income": 54855000,
      "net_income": 50034000,
      "opex": 253697000,
      "cogs": null,
      "rd": null,
      "sga": 27664000,
      "fcf": 61778000,
      "ocf": 70894000,
      "capex": -9116000,
      "gross_margin": null,
      "op_margin": 0.17778202701651585,
      "fcf_margin": 0.20021908786849543,
      "op_leverage_ratio": 0.897175810492041,
      "fcf_margin_change": -0.02210952121167928
    },
    {
      "date": "2022-03-31T00:00:00",
      "quarter_label": "2022-03 (Q1)",
      "revenue": 330947000,
      "gross_profit": null,
      "operating_income": 64203000,
      "net_income": 61311000,
      "opex": 266744000,
      "cogs": null,
      "rd": null,
      "sga": 29366000,
      "fcf": 36999000,
      "ocf": 46256000,
      "capex": -9257000,
      "gross_margin": null,
      "op_margin": 0.19399783046832272,
      "fcf_margin": 0.11179735728077306,
      "incr_op_margin_yoy": 0.2339184582006706,
      "rev_growth_yoy": 0.2730444482911161,
      "op_leverage_ratio": 1.4113260906695122,
      "fcf_margin_change": -0.08842173058772237
    },
    {
      "date": "2022-06-30T00:00:00",
      "quarter_label": "2022-06 (Q2)",
      "revenue": 351207000,
      "gross_profit": null,
      "operating_income": 60236000,
      "net_income": 49360000,
      "opex": 290971000,
      "cogs": null,
      "rd": null,
      "sga": 33215000,
      "fcf": 85419000,
      "ocf": 96619000,
      "capex": -11200000,
      "gross_margin": null,
      "op_margin": 0.17151138787097067,
      "fcf_margin": 0.2432155395535966,
      "incr_op_margin_yoy": 0.2439586362015525,
      "rev_growth_yoy": 0.2620044341754913,
      "rev_growth_yoy_accel": -0.01104001411562483,
      "op_leverage_ratio": 0.6740250115454568,
      "fcf_margin_change": 0.13141818227282354
    },
    {
      "date": "2022-09-30T00:00:00",
      "quarter_label": "2022-09 (Q3)",
      "revenue": 383744000,
      "gross_profit": null,
      "operating_income": 77827000,
      "net_income": 66027000,
      "opex": 305917000,
      "cogs": null,
      "rd": null,
      "sga": 35418000,
      "fcf": 101312000,
      "ocf": 108491000,
      "capex": -7179000,
      "gross_margin": null,
      "op_margin": 0.20280968562374915,
      "fcf_margin": 0.26400933955970646,
      "incr_op_margin_yoy": 0.2734726742801411,
      "rev_growth_yoy": 0.2983316811416701,
      "rev_growth_yoy_accel": 0.03632724696617878,
      "op_leverage_ratio": 1.803595207603521,
      "fcf_margin_change": 0.020793800006109864
    },
    {
      "date": "2022-12-31T00:00:00",
      "quarter_label": "2022-12 (Q4)",
      "revenue": 394098000,
      "gross_profit": null,
      "operating_income": 76431000,
      "net_income": 68670000,
      "opex": 317667000,
      "cogs": null,
      "rd": null,
      "sga": 33401000,
      "fcf": 127441000,
      "ocf": 136684000,
      "capex": -9243000,
      "gross_margin": null,
      "op_margin": 0.19393907099249424,
      "fcf_margin": 0.32337388162335257,
      "incr_op_margin_yoy": 0.25221518247492575,
      "rev_growth_yoy": 0.2772498638803184,
      "rev_growth_yoy_accel": -0.021081817261351665,
      "op_leverage_ratio": 0.7024773204299319,
      "fcf_margin_change": 0.05936454206364611
    },
    {
      "date": "2023-03-31T00:00:00",
      "quarter_label": "2023-03 (Q1)",
      "revenue": 434074000,
      "gross_profit": null,
      "operating_income": 86204000,
      "net_income": 72894000,
      "opex": 347870000,
      "cogs": null,
      "rd": null,
      "sga": 38027000,
      "fcf": 70563000,
      "ocf": 80076000,
      "capex": -9513000,
      "gross_margin": null,
      "op_margin": 0.1985928666540728,
      "fcf_margin": 0.16255984002727644,
      "incr_op_margin_yoy": 0.21333889282147256,
      "rev_growth_yoy": 0.3116118290844153,
      "rev_growth_yoy_accel": 0.0343619652040969,
      "op_leverage_ratio": 1.0668838094892577,
      "fcf_margin_change": -0.16081404159607612
    },
    {
      "date": "2023-06-30T00:00:00",
      "quarter_label": "2023-06 (Q2)",
      "revenue": 460868000,
      "gross_profit": null,
      "operating_income": 78393000,
      "net_income": 61068000,
      "opex": 382475000,
      "cogs": null,
      "rd": null,
      "sga": 39404000,
      "fcf": 74072000,
      "ocf": 82518000,
      "capex": -8446000,
      "gross_margin": null,
      "op_margin": 0.17009859656127135,
      "fcf_margin": 0.16072281000199623,
      "incr_op_margin_yoy": 0.16557390503460664,
      "rev_growth_yoy": 0.3122403596739245,
      "rev_growth_yoy_accel": 0.0006285305895091797,
      "op_leverage_ratio": 0.6205144554506798,
      "fcf_margin_change": -0.0018370300252802119
    },
    {
      "date": "2023-09-30T00:00:00",
      "quarter_label": "2023-09 (Q3)",
      "revenue": 492499000,
      "gross_profit": null,
      "operating_income": 84908000,
      "net_income": 70550000,
      "opex": 407591000,
      "cogs": null,
      "rd": null,
      "sga": 41407000,
      "fcf": 105682000,
      "ocf": 114385000,
      "capex": -8703000,
      "gross_margin": null,
      "op_margin": 0.17240238051244774,
      "fcf_margin": 0.21458317681863315,
      "incr_op_margin_yoy": 0.06510965013102846,
      "rev_growth_yoy": 0.2834050825550367,
      "rev_growth_yoy_accel": -0.02883527711888778,
      "op_leverage_ratio": 1.0451748404272345,
      "fcf_margin_change": 0.05386036681663692
    },
    {
      "date": "2023-12-31T00:00:00",
      "quarter_label": "2023-12 (Q4)",
      "revenue": 498401000,
      "gross_profit": null,
      "operating_income": 87320000,
      "net_income": 78298000,
      "opex": 411081000,
      "cogs": null,
      "rd": null,
      "sga": 42514000,
      "fcf": 146409000,
      "ocf": 156395000,
      "capex": -9986000,
      "gross_margin": null,
      "op_margin": 0.1752002905291121,
      "fcf_margin": 0.29375743628122736,
      "incr_op_margin_yoy": 0.10439776420620692,
      "rev_growth_yoy": 0.2646625966130252,
      "rev_growth_yoy_accel": -0.0187424859420115,
      "op_leverage_ratio": 1.3995647994886915,
      "fcf_margin_change": 0.07917425946259421
    },
    {
      "date": "2024-03-31T00:00:00",
      "quarter_label": "2024-03 (Q1)",
      "revenue": 511044000,
      "gross_profit": null,
      "operating_income": 104069000,
      "net_income": 102591000,
      "opex": 406975000,
      "cogs": null,
      "rd": null,
      "sga": 44081000,
      "fcf": 147180000,
      "ocf": 152677000,
      "capex": -5497000,
      "gross_margin": null,
      "op_margin": 0.2036399996869154,
      "fcf_margin": 0.287998685044732,
      "incr_op_margin_yoy": 0.23210341691568143,
      "rev_growth_yoy": 0.17731999612969218,
      "rev_growth_yoy_accel": -0.08734260048333303,
      "op_leverage_ratio": null,
      "fcf_margin_change": -0.005758751236495385
    },
    {
      "date": "2024-06-30T00:00:00",
      "quarter_label": "2024-06 (Q2)",
      "revenue": 528104000,
      "gross_profit": null,
      "operating_income": 105150000,
      "net_income": 88351000,
      "opex": 422954000,
      "cogs": null,
      "rd": null,
      "sga": 41453000,
      "fcf": 103526000,
      "ocf": 116397000,
      "capex": -12871000,
      "gross_margin": null,
      "op_margin": 0.19910850893005924,
      "fcf_margin": 0.19603335706603245,
      "incr_op_margin_yoy": 0.39795645190076745,
      "rev_growth_yoy": 0.1458899294374962,
      "rev_growth_yoy_accel": -0.031430066692195974,
      "op_leverage_ratio": 0.8502347834871533,
      "fcf_margin_change": -0.09196532797869952
    },
    {
      "date": "2024-09-30T00:00:00",
      "quarter_label": "2024-09 (Q3)",
      "revenue": 533317000,
      "gross_profit": null,
      "operating_income": 112273000,
      "net_income": 96426000,
      "opex": 421044000,
      "cogs": null,
      "rd": null,
      "sga": 49217000,
      "fcf": 138538000,
      "ocf": 149075000,
      "capex": -10537000,
      "gross_margin": null,
      "op_margin": 0.21051832212361504,
      "fcf_margin": 0.2597667053553515,
      "incr_op_margin_yoy": 0.6704150129844676,
      "rev_growth_yoy": 0.08287935610021543,
      "rev_growth_yoy_accel": -0.06301057333728077,
      "fcf_margin_change": 0.06373334828931906
    },
    {
      "date": "2024-12-31T00:00:00",
      "quarter_label": "2024-12 (Q4)",
      "revenue": 536589000,
      "gross_profit": null,
      "operating_income": 125378000,
      "net_income": 117018000,
      "opex": 411211000,
      "cogs": null,
      "rd": null,
      "sga": 45433000,
      "fcf": 183023000,
      "ocf": 190666000,
      "capex": -7643000,
      "gross_margin": null,
      "op_margin": 0.233657417502036,
      "fcf_margin": 0.3410860080993088,
      "incr_op_margin_yoy": 0.9965957892531685,
      "rev_growth_yoy": 0.07662103406694609,
      "rev_growth_yoy_accel": -0.006258322033269342,
      "fcf_margin_change": 0.08131930274395727
    },
    {
      "date": "2025-03-31T00:00:00",
      "quarter_label": "2025-03 (Q1)",
      "revenue": 558570000,
      "gross_profit": null,
      "operating_income": 113523000,
      "net_income": 114595000,
      "opex": 445047000,
      "cogs": null,
      "rd": null,
      "sga": 57897000,
      "fcf": 115842000,
      "ocf": 125836000,
      "capex": -9994000,
      "gross_margin": null,
      "op_margin": 0.20323862720876523,
      "fcf_margin": 0.20739030023094687,
      "incr_op_margin_yoy": 0.19892269494592435,
      "rev_growth_yoy": 0.09299786319768943,
      "rev_growth_yoy_accel": 0.016376829130743342,
      "op_leverage_ratio": 0.4978418343151597,
      "fcf_margin_change": -0.1336957078683619
    },
    {
      "date": "2025-06-30T00:00:00",
      "quarter_label": "2025-06 (Q2)",
      "revenue": 603311000,
      "gross_profit": null,
      "operating_income": 126335000,
      "net_income": 90260000,
      "opex": 476976000,
      "cogs": null,
      "rd": null,
      "sga": 46664000,
      "fcf": 142413000,
      "ocf": 148526000,
      "capex": -6113000,
      "gross_margin": null,
      "op_margin": 0.2094027789978966,
      "fcf_margin": 0.23605238425952785,
      "incr_op_margin_yoy": 0.2816892044623506,
      "rev_growth_yoy": 0.14240944965385605,
      "rev_growth_yoy_accel": 0.04941158645616661,
      "op_leverage_ratio": 1.1164740699693894,
      "fcf_margin_change": 0.028662084028580975
    },
    {
      "date": "2025-09-30T00:00:00",
      "quarter_label": "2025-09 (Q3)",
      "revenue": 659903000,
      "gross_profit": null,
      "operating_income": 141808000,
      "net_income": 111135000,
      "opex": 518095000,
      "cogs": null,
      "rd": null,
      "sga": 48082000,
      "fcf": 235496000,
      "ocf": 246209000,
      "capex": -10713000,
      "gross_margin": null,
      "op_margin": 0.21489218870046053,
      "fcf_margin": 0.35686456948975837,
      "incr_op_margin_yoy": 0.23331964040257216,
      "rev_growth_yoy": 0.23735601902808273,
      "rev_growth_yoy_accel": 0.09494656937422669,
      "op_leverage_ratio": 1.0880974228690152,
      "fcf_margin_change": 0.12081218523023052
    },
    {
      "date": "2025-12-31T00:00:00",
      "quarter_label": "2025-12 (Q4)",
      "revenue": 708450000,
      "gross_profit": null,
      "operating_income": 153269000,
      "net_income": 135133000,
      "opex": 555181000,
      "cogs": null,
      "rd": null,
      "sga": 44916000,
      "fcf": 188116000,
      "ocf": 192652000,
      "capex": -4536000,
      "gross_margin": null,
      "op_margin": 0.21634413155480273,
      "fcf_margin": 0.2655317947632155,
      "incr_op_margin_yoy": 0.16228812819662403,
      "rev_growth_yoy": 0.32028423989310256,
      "rev_growth_yoy_accel": 0.08292822086501983,
      "op_leverage_ratio": 1.0277363133030994,
      "fcf_margin_change": -0.09133277472654289
    }
  ],
  "signals": [
    {
      "quarter": "2025-12 (Q4)",
      "signal": "YoY REVENUE GROWTH ACCELERATION",
      "detail": "YoY growth: +32.0% vs prior quarter YoY: +23.7% (accel: +8.3%)",
      "severity": "MEDIUM"
    },
    {
      "quarter": "2025-09 (Q3)",
      "signal": "FCF MARGIN EXPANSION",
      "detail": "FCF margin: +23.6% -> +35.7% (+12.1%)",
      "severity": "MEDIUM"
    },
    {
      "quarter": "2025-09 (Q3)",
      "signal": "YoY REVENUE GROWTH ACCELERATION",
      "detail": "YoY growth: +23.7% vs prior quarter YoY: +14.2% (accel: +9.5%)",
      "severity": "MEDIUM"
    },
    {
      "quarter": "2024-12 (Q4)",
      "signal": "FCF MARGIN EXPANSION",
      "detail": "FCF margin: +26.0% -> +34.1% (+8.1%)",
      "severity": "MEDIUM"
    },
    {
      "quarter": "2024-12 (Q4)",
      "signal": "INCREMENTAL MARGIN (YoY)",
      "detail": "YoY Incr OPM: +99.7% vs year-ago OPM: +17.5%",
      "severity": "HIGH"
    },
    {
      "quarter": "2024-09 (Q3)",
      "signal": "FCF MARGIN EXPANSION",
      "detail": "FCF margin: +19.6% -> +26.0% (+6.4%)",
      "severity": "MEDIUM"
    },
    {
      "quarter": "2024-09 (Q3)",
      "signal": "YoY REVENUE GROWTH DECELERATION",
      "detail": "YoY growth: +8.3% vs prior quarter YoY: +14.6% (decel: -6.3%)",
      "severity": "WARNING"
    },
    {
      "quarter": "2024-09 (Q3)",
      "signal": "INCREMENTAL MARGIN (YoY)",
      "detail": "YoY Incr OPM: +67.0% vs year-ago OPM: +17.2%",
      "severity": "HIGH"
    },
    {
      "quarter": "2024-06 (Q2)",
      "signal": "INCREMENTAL MARGIN (YoY)",
      "detail": "YoY Incr OPM: +39.8% vs year-ago OPM: +17.0%",
      "severity": "HIGH"
    },
    {
      "quarter": "2024-03 (Q1)",
      "signal": "YoY REVENUE GROWTH DECELERATION",
      "detail": "YoY growth: +17.7% vs prior quarter YoY: +26.5% (decel: -8.7%)",
      "severity": "WARNING"
    },
    {
      "quarter": "2023-12 (Q4)",
      "signal": "FCF MARGIN EXPANSION",
      "detail": "FCF margin: +21.5% -> +29.4% (+7.9%)",
      "severity": "MEDIUM"
    },
    {
      "quarter": "2023-09 (Q3)",
      "signal": "FCF MARGIN EXPANSION",
      "detail": "FCF margin: +16.1% -> +21.5% (+5.4%)",
      "severity": "MEDIUM"
    },
    {
      "quarter": "2022-12 (Q4)",
      "signal": "FCF MARGIN EXPANSION",
      "detail": "FCF margin: +26.4% -> +32.3% (+5.9%)",
      "severity": "MEDIUM"
    },
    {
      "quarter": "2022-09 (Q3)",
      "signal": "OPERATING LEVERAGE",
      "detail": "Rev growth +9.3% vs OpEx growth +5.1% (leverage: 1.8x)",
      "severity": "MEDIUM"
    },
    {
      "quarter": "2022-06 (Q2)",
      "signal": "FCF MARGIN EXPANSION",
      "detail": "FCF margin: +11.2% -> +24.3% (+13.1%)",
      "severity": "MEDIUM"
    },
    {
      "quarter": "2021-09 (Q3)",
      "signal": "OPERATING LEVERAGE",
      "detail": "Rev growth +6.2% vs OpEx growth +2.5% (leverage: 2.4x)",
      "severity": "MEDIUM"
    }
  ],
  "data_quality": {
    "n_quarters": 20,
    "coverage": {
      "revenue": [
        20,
        20
      ],
      "gross_profit": [
        0,
        20
      ],
      "op_income": [
        20,
        20
      ],
      "fcf": [
        20,
        20
      ]
    },
    "gaps": [],
    "warnings": [
      "gross_profit: no data"
    ]
  },
  "market_cap": null,
  "source": "SEC EDGAR",
  "last_updated": "2026-02-24T11:03:25.176051"
}