{
  "ticker": "MET",
  "name": "MetLife, Inc.",
  "quarters": [
    {
      "date": "2020-12-31T00:00:00",
      "quarter_label": "2020-12 (Q4)",
      "revenue": 19418000000,
      "gross_profit": null,
      "operating_income": null,
      "net_income": 158000000,
      "opex": 3424000000,
      "cogs": null,
      "rd": null,
      "sga": null,
      "fcf": 5153000000,
      "ocf": 5153000000,
      "capex": null,
      "gross_margin": null,
      "op_margin": null,
      "fcf_margin": 0.26537233494695645
    },
    {
      "date": "2021-03-31T00:00:00",
      "quarter_label": "2021-03 (Q1)",
      "revenue": 15562000000,
      "gross_profit": null,
      "operating_income": null,
      "net_income": 358000000,
      "opex": 3150000000,
      "cogs": null,
      "rd": null,
      "sga": null,
      "fcf": 1496000000,
      "ocf": 1496000000,
      "capex": null,
      "gross_margin": null,
      "op_margin": null,
      "fcf_margin": 0.09613160262177098,
      "fcf_margin_change": -0.16924073232518547
    },
    {
      "date": "2021-06-30T00:00:00",
      "quarter_label": "2021-06 (Q2)",
      "revenue": 18524000000,
      "gross_profit": null,
      "operating_income": null,
      "net_income": 3407000000,
      "opex": 2881000000,
      "cogs": null,
      "rd": null,
      "sga": null,
      "fcf": 2254000000,
      "ocf": 2254000000,
      "capex": null,
      "gross_margin": null,
      "op_margin": null,
      "fcf_margin": 0.12167998272511336,
      "op_leverage_ratio": Infinity,
      "fcf_margin_change": 0.025548380103342386
    },
    {
      "date": "2021-09-30T00:00:00",
      "quarter_label": "2021-09 (Q3)",
      "revenue": 16905000000,
      "gross_profit": null,
      "operating_income": null,
      "net_income": 1584000000,
      "opex": 3284000000,
      "cogs": null,
      "rd": null,
      "sga": null,
      "fcf": 3506000000,
      "ocf": 3506000000,
      "capex": null,
      "gross_margin": null,
      "op_margin": null,
      "fcf_margin": 0.20739426205264713,
      "fcf_margin_change": 0.08571427932753377
    },
    {
      "date": "2021-12-31T00:00:00",
      "quarter_label": "2021-12 (Q4)",
      "revenue": 20089000000,
      "gross_profit": null,
      "operating_income": null,
      "net_income": 1205000000,
      "opex": 3271000000,
      "cogs": null,
      "rd": null,
      "sga": null,
      "fcf": 5091000000,
      "ocf": 5091000000,
      "capex": null,
      "gross_margin": null,
      "op_margin": null,
      "fcf_margin": 0.2534222708945194,
      "rev_growth_yoy": 0.034555566999691006,
      "op_leverage_ratio": Infinity,
      "fcf_margin_change": 0.046028008841872275
    },
    {
      "date": "2022-03-31T00:00:00",
      "quarter_label": "2022-03 (Q1)",
      "revenue": 15756000000,
      "gross_profit": null,
      "operating_income": null,
      "net_income": 669000000,
      "opex": 3020000000,
      "cogs": null,
      "rd": null,
      "sga": null,
      "fcf": 2040000000,
      "ocf": 2040000000,
      "capex": null,
      "gross_margin": null,
      "op_margin": null,
      "fcf_margin": 0.12947448591012947,
      "rev_growth_yoy": 0.012466263976352653,
      "rev_growth_yoy_accel": -0.022089303023338353,
      "fcf_margin_change": -0.12394778498438994
    },
    {
      "date": "2022-06-30T00:00:00",
      "quarter_label": "2022-06 (Q2)",
      "revenue": 15556000000,
      "gross_profit": null,
      "operating_income": null,
      "net_income": 132000000,
      "opex": 3083000000,
      "cogs": null,
      "rd": null,
      "sga": null,
      "fcf": 4393000000,
      "ocf": 4393000000,
      "capex": null,
      "gross_margin": null,
      "op_margin": null,
      "fcf_margin": 0.2823990743121625,
      "rev_growth_yoy": -0.16022457352623623,
      "rev_growth_yoy_accel": -0.17269083750258887,
      "fcf_margin_change": 0.15292458840203302
    },
    {
      "date": "2022-09-30T00:00:00",
      "quarter_label": "2022-09 (Q3)",
      "revenue": 22270000000,
      "gross_profit": null,
      "operating_income": null,
      "net_income": 395000000,
      "opex": 2723000000,
      "cogs": null,
      "rd": null,
      "sga": null,
      "fcf": 4310000000,
      "ocf": 4310000000,
      "capex": null,
      "gross_margin": null,
      "op_margin": null,
      "fcf_margin": 0.1935339021104625,
      "rev_growth_yoy": 0.3173617272996155,
      "rev_growth_yoy_accel": 0.47758630082585174,
      "op_leverage_ratio": Infinity,
      "fcf_margin_change": -0.08886517220169998
    },
    {
      "date": "2022-12-31T00:00:00",
      "quarter_label": "2022-12 (Q4)",
      "revenue": 15608000000,
      "gross_profit": null,
      "operating_income": null,
      "net_income": 1578000000,
      "opex": 3208000000,
      "cogs": null,
      "rd": null,
      "sga": null,
      "fcf": 2301000000,
      "ocf": 2301000000,
      "capex": null,
      "gross_margin": null,
      "op_margin": null,
      "fcf_margin": 0.14742439774474628,
      "rev_growth_yoy": -0.22305739459405644,
      "rev_growth_yoy_accel": -0.5404191218936719,
      "fcf_margin_change": -0.04610950436571623
    },
    {
      "date": "2023-03-31T00:00:00",
      "quarter_label": "2023-03 (Q1)",
      "revenue": 15388000000,
      "gross_profit": null,
      "operating_income": null,
      "net_income": 80000000,
      "opex": 3057000000,
      "cogs": null,
      "rd": null,
      "sga": null,
      "fcf": 2026000000,
      "ocf": 2026000000,
      "capex": null,
      "gross_margin": null,
      "op_margin": null,
      "fcf_margin": 0.1316610345723941,
      "rev_growth_yoy": -0.023356181772023355,
      "rev_growth_yoy_accel": 0.19970121282203307,
      "fcf_margin_change": -0.01576336317235219
    },
    {
      "date": "2023-06-30T00:00:00",
      "quarter_label": "2023-06 (Q2)",
      "revenue": 16623000000,
      "gross_profit": null,
      "operating_income": null,
      "net_income": 402000000,
      "opex": 3133000000,
      "cogs": null,
      "rd": null,
      "sga": null,
      "fcf": 3038000000,
      "ocf": 3038000000,
      "capex": null,
      "gross_margin": null,
      "op_margin": null,
      "fcf_margin": 0.18275882812969982,
      "rev_growth_yoy": 0.06859089740293134,
      "rev_growth_yoy_accel": 0.09194707917495469,
      "op_leverage_ratio": 3.2282460358721083,
      "fcf_margin_change": 0.05109779355730573
    },
    {
      "date": "2023-09-30T00:00:00",
      "quarter_label": "2023-09 (Q3)",
      "revenue": 15866000000,
      "gross_profit": null,
      "operating_income": null,
      "net_income": 489000000,
      "opex": 3204000000,
      "cogs": null,
      "rd": null,
      "sga": null,
      "fcf": 3475000000,
      "ocf": 3475000000,
      "capex": null,
      "gross_margin": null,
      "op_margin": null,
      "fcf_margin": 0.21902180763897644,
      "rev_growth_yoy": -0.2875617422541536,
      "rev_growth_yoy_accel": -0.35615263965708494,
      "fcf_margin_change": 0.03626297950927662
    },
    {
      "date": "2023-12-31T00:00:00",
      "quarter_label": "2023-12 (Q4)",
      "revenue": 19028000000,
      "gross_profit": null,
      "operating_income": null,
      "net_income": 607000000,
      "opex": 3316000000,
      "cogs": null,
      "rd": null,
      "sga": null,
      "fcf": 5182000000,
      "ocf": 5182000000,
      "capex": null,
      "gross_margin": null,
      "op_margin": null,
      "fcf_margin": 0.2723355055707379,
      "rev_growth_yoy": 0.21911840082009226,
      "rev_growth_yoy_accel": 0.5066801430742458,
      "op_leverage_ratio": 5.701234445624967,
      "fcf_margin_change": 0.05331369793176144
    },
    {
      "date": "2024-03-31T00:00:00",
      "quarter_label": "2024-03 (Q1)",
      "revenue": 16057000000,
      "gross_profit": null,
      "operating_income": 1401000000,
      "net_income": 867000000,
      "opex": 3217000000,
      "cogs": null,
      "rd": null,
      "sga": null,
      "fcf": 2328000000,
      "ocf": 2328000000,
      "capex": null,
      "gross_margin": null,
      "op_margin": 0.08725166594008843,
      "fcf_margin": 0.144983496294451,
      "rev_growth_yoy": 0.043475435404211074,
      "rev_growth_yoy_accel": -0.1756429654158812,
      "fcf_margin_change": -0.12735200927628687
    },
    {
      "date": "2024-06-30T00:00:00",
      "quarter_label": "2024-06 (Q2)",
      "revenue": 17823000000,
      "gross_profit": null,
      "operating_income": 1662000000,
      "net_income": 946000000,
      "opex": 3180000000,
      "cogs": null,
      "rd": null,
      "sga": null,
      "fcf": 3490000000,
      "ocf": 3490000000,
      "capex": null,
      "gross_margin": null,
      "op_margin": 0.09325029456320484,
      "fcf_margin": 0.19581439712730742,
      "rev_growth_yoy": 0.07218913553510196,
      "rev_growth_yoy_accel": 0.02871370013089089,
      "op_leverage_ratio": Infinity,
      "fcf_margin_change": 0.05083090083285641
    },
    {
      "date": "2024-09-30T00:00:00",
      "quarter_label": "2024-09 (Q3)",
      "revenue": 18440000000,
      "gross_profit": null,
      "operating_income": 1442000000,
      "net_income": 1342000000,
      "opex": 3263000000,
      "cogs": null,
      "rd": null,
      "sga": null,
      "fcf": 4169000000,
      "ocf": 4169000000,
      "capex": null,
      "gross_margin": null,
      "op_margin": 0.07819956616052061,
      "fcf_margin": 0.22608459869848155,
      "rev_growth_yoy": 0.162233707298626,
      "rev_growth_yoy_accel": 0.09004457176352403,
      "op_leverage_ratio": 1.3263354714937852,
      "fcf_margin_change": 0.030270201571174132
    },
    {
      "date": "2024-12-31T00:00:00",
      "quarter_label": "2024-12 (Q4)",
      "revenue": 18666000000,
      "gross_profit": null,
      "operating_income": 1491000000,
      "net_income": 1271000000,
      "opex": 3357000000,
      "cogs": null,
      "rd": null,
      "sga": null,
      "fcf": 4611000000,
      "ocf": 4611000000,
      "capex": null,
      "gross_margin": null,
      "op_margin": 0.07987785278045645,
      "fcf_margin": 0.2470266795242687,
      "rev_growth_yoy": -0.01902459533319319,
      "rev_growth_yoy_accel": -0.1812583026318192,
      "op_leverage_ratio": 0.4254384547930032,
      "fcf_margin_change": 0.020942080825787163
    },
    {
      "date": "2025-03-31T00:00:00",
      "quarter_label": "2025-03 (Q1)",
      "revenue": 18569000000,
      "gross_profit": null,
      "operating_income": 1415000000,
      "net_income": 945000000,
      "opex": 3350000000,
      "cogs": null,
      "rd": null,
      "sga": null,
      "fcf": 4262000000,
      "ocf": 4262000000,
      "capex": null,
      "gross_margin": null,
      "op_margin": 0.07620227260487909,
      "fcf_margin": 0.2295223221498196,
      "incr_op_margin_yoy": 0.005573248407643312,
      "rev_growth_yoy": 0.1564426729775176,
      "rev_growth_yoy_accel": 0.1754672683107108,
      "fcf_margin_change": -0.01750435737444911
    },
    {
      "date": "2025-06-30T00:00:00",
      "quarter_label": "2025-06 (Q2)",
      "revenue": 17340000000,
      "gross_profit": null,
      "operating_income": 1393000000,
      "net_income": 729000000,
      "opex": 3319000000,
      "cogs": null,
      "rd": null,
      "sga": null,
      "fcf": 2187000000,
      "ocf": 2187000000,
      "capex": null,
      "gross_margin": null,
      "op_margin": 0.08033448673587082,
      "fcf_margin": 0.12612456747404843,
      "incr_op_margin_yoy": 0.556935817805383,
      "rev_growth_yoy": -0.027099814845985525,
      "rev_growth_yoy_accel": -0.18354248782350313,
      "fcf_margin_change": -0.10339775467577117
    },
    {
      "date": "2025-09-30T00:00:00",
      "quarter_label": "2025-09 (Q3)",
      "revenue": 17361000000,
      "gross_profit": null,
      "operating_income": 1650000000,
      "net_income": 896000000,
      "opex": 3509000000,
      "cogs": null,
      "rd": null,
      "sga": null,
      "fcf": 3567000000,
      "ocf": 3567000000,
      "capex": null,
      "gross_margin": null,
      "op_margin": 0.09504060825989287,
      "fcf_margin": 0.20546051494729567,
      "incr_op_margin_yoy": -0.1927710843373494,
      "rev_growth_yoy": -0.05851409978308026,
      "rev_growth_yoy_accel": -0.031414284937094736,
      "fcf_margin_change": 0.07933594747324724
    }
  ],
  "signals": [
    {
      "quarter": "2025-09 (Q3)",
      "signal": "FCF MARGIN EXPANSION",
      "detail": "FCF margin: +12.6% -> +20.5% (+7.9%)",
      "severity": "MEDIUM"
    },
    {
      "quarter": "2025-06 (Q2)",
      "signal": "YoY REVENUE GROWTH DECELERATION",
      "detail": "YoY growth: -2.7% vs prior quarter YoY: +15.6% (decel: -18.4%)",
      "severity": "WARNING"
    },
    {
      "quarter": "2025-06 (Q2)",
      "signal": "INCREMENTAL MARGIN (YoY)",
      "detail": "YoY Incr OPM: +55.7% vs year-ago OPM: +9.3%",
      "severity": "HIGH"
    },
    {
      "quarter": "2025-03 (Q1)",
      "signal": "YoY REVENUE GROWTH ACCELERATION",
      "detail": "YoY growth: +15.6% vs prior quarter YoY: -1.9% (accel: +17.5%)",
      "severity": "HIGH"
    },
    {
      "quarter": "2024-12 (Q4)",
      "signal": "YoY REVENUE GROWTH DECELERATION",
      "detail": "YoY growth: -1.9% vs prior quarter YoY: +16.2% (decel: -18.1%)",
      "severity": "WARNING"
    },
    {
      "quarter": "2024-09 (Q3)",
      "signal": "YoY REVENUE GROWTH ACCELERATION",
      "detail": "YoY growth: +16.2% vs prior quarter YoY: +7.2% (accel: +9.0%)",
      "severity": "MEDIUM"
    },
    {
      "quarter": "2024-06 (Q2)",
      "signal": "FCF MARGIN EXPANSION",
      "detail": "FCF margin: +14.5% -> +19.6% (+5.1%)",
      "severity": "MEDIUM"
    },
    {
      "quarter": "2024-03 (Q1)",
      "signal": "YoY REVENUE GROWTH DECELERATION",
      "detail": "YoY growth: +4.3% vs prior quarter YoY: +21.9% (decel: -17.6%)",
      "severity": "WARNING"
    },
    {
      "quarter": "2023-12 (Q4)",
      "signal": "FCF MARGIN EXPANSION",
      "detail": "FCF margin: +21.9% -> +27.2% (+5.3%)",
      "severity": "MEDIUM"
    },
    {
      "quarter": "2023-12 (Q4)",
      "signal": "OPERATING LEVERAGE",
      "detail": "Rev growth +19.9% vs OpEx growth +3.5% (leverage: 5.7x)",
      "severity": "MEDIUM"
    },
    {
      "quarter": "2023-12 (Q4)",
      "signal": "YoY REVENUE GROWTH ACCELERATION",
      "detail": "YoY growth: +21.9% vs prior quarter YoY: -28.8% (accel: +50.7%)",
      "severity": "HIGH"
    },
    {
      "quarter": "2023-09 (Q3)",
      "signal": "YoY REVENUE GROWTH DECELERATION",
      "detail": "YoY growth: -28.8% vs prior quarter YoY: +6.9% (decel: -35.6%)",
      "severity": "WARNING"
    },
    {
      "quarter": "2023-06 (Q2)",
      "signal": "FCF MARGIN EXPANSION",
      "detail": "FCF margin: +13.2% -> +18.3% (+5.1%)",
      "severity": "MEDIUM"
    },
    {
      "quarter": "2023-06 (Q2)",
      "signal": "OPERATING LEVERAGE",
      "detail": "Rev growth +8.0% vs OpEx growth +2.5% (leverage: 3.2x)",
      "severity": "MEDIUM"
    },
    {
      "quarter": "2023-06 (Q2)",
      "signal": "YoY REVENUE GROWTH ACCELERATION",
      "detail": "YoY growth: +6.9% vs prior quarter YoY: -2.3% (accel: +9.2%)",
      "severity": "MEDIUM"
    },
    {
      "quarter": "2023-03 (Q1)",
      "signal": "YoY REVENUE GROWTH ACCELERATION",
      "detail": "YoY growth: -2.3% vs prior quarter YoY: -22.3% (accel: +20.0%)",
      "severity": "HIGH"
    },
    {
      "quarter": "2022-12 (Q4)",
      "signal": "YoY REVENUE GROWTH DECELERATION",
      "detail": "YoY growth: -22.3% vs prior quarter YoY: +31.7% (decel: -54.0%)",
      "severity": "WARNING"
    },
    {
      "quarter": "2022-09 (Q3)",
      "signal": "YoY REVENUE GROWTH ACCELERATION",
      "detail": "YoY growth: +31.7% vs prior quarter YoY: -16.0% (accel: +47.8%)",
      "severity": "HIGH"
    },
    {
      "quarter": "2022-06 (Q2)",
      "signal": "FCF MARGIN EXPANSION",
      "detail": "FCF margin: +12.9% -> +28.2% (+15.3%)",
      "severity": "MEDIUM"
    },
    {
      "quarter": "2022-06 (Q2)",
      "signal": "YoY REVENUE GROWTH DECELERATION",
      "detail": "YoY growth: -16.0% vs prior quarter YoY: +1.2% (decel: -17.3%)",
      "severity": "WARNING"
    },
    {
      "quarter": "2021-09 (Q3)",
      "signal": "FCF MARGIN EXPANSION",
      "detail": "FCF margin: +12.2% -> +20.7% (+8.6%)",
      "severity": "MEDIUM"
    }
  ],
  "data_quality": {
    "n_quarters": 20,
    "coverage": {
      "revenue": [
        20,
        20
      ],
      "gross_profit": [
        0,
        20
      ],
      "op_income": [
        7,
        20
      ],
      "fcf": [
        20,
        20
      ]
    },
    "gaps": [],
    "warnings": [
      "gross_profit: no data",
      "op_income: 7/20Q"
    ]
  },
  "market_cap": null,
  "source": "SEC EDGAR",
  "last_updated": "2026-02-02T19:59:25.229370",
  "sector": "Financial Services",
  "industry": "Insurance - Life"
}