{
  "ticker": "MGLD",
  "name": "THE MARYGOLD COMPANIES, INC.",
  "quarters": [
    {
      "date": "2020-12-31T00:00:00",
      "quarter_label": "2020-12 (Q4)",
      "revenue": 9961822,
      "gross_profit": 7583798,
      "operating_income": 1737833,
      "net_income": 1351788,
      "opex": 5845965,
      "cogs": 2378024,
      "rd": null,
      "sga": null,
      "fcf": 784764,
      "ocf": 809320,
      "capex": -24556,
      "gross_margin": 0.7612862386017337,
      "op_margin": 0.17444931258558927,
      "fcf_margin": 0.07877715542397766
    },
    {
      "date": "2021-03-31T00:00:00",
      "quarter_label": "2021-03 (Q1)",
      "revenue": 9543362,
      "gross_profit": 7206821,
      "operating_income": 2040309,
      "net_income": 1582808,
      "opex": 5166512,
      "cogs": 2336541,
      "rd": null,
      "sga": null,
      "fcf": 893787,
      "ocf": 904648,
      "capex": -10861,
      "gross_margin": 0.7551658419747674,
      "op_margin": 0.2137935247557412,
      "fcf_margin": 0.09365535961016673,
      "fcf_margin_change": 0.01487820418618907
    },
    {
      "date": "2021-06-30T00:00:00",
      "quarter_label": "2021-06 (Q2)",
      "revenue": 9649078,
      "gross_profit": 7479801,
      "operating_income": 773945,
      "net_income": 695412,
      "opex": 6705856,
      "cogs": 2169277,
      "rd": null,
      "sga": null,
      "fcf": 1900099,
      "ocf": 1900099,
      "capex": null,
      "gross_margin": 0.7751829760314923,
      "op_margin": 0.08020921791698647,
      "fcf_margin": 0.19692026533519574,
      "op_leverage_ratio": 0.03717928928629765,
      "fcf_margin_change": 0.10326490572502901
    },
    {
      "date": "2021-09-30T00:00:00",
      "quarter_label": "2021-09 (Q3)",
      "revenue": 9730747,
      "gross_profit": 7078733,
      "operating_income": -1646358,
      "net_income": -1880993,
      "opex": 8725091,
      "cogs": 2652014,
      "rd": null,
      "sga": null,
      "fcf": 860105,
      "ocf": 863665,
      "capex": -3560,
      "gross_margin": 0.7274603892178062,
      "op_margin": -0.16919132724342745,
      "fcf_margin": 0.08839043908961974,
      "fcf_margin_change": -0.108529826245576
    },
    {
      "date": "2021-12-31T00:00:00",
      "quarter_label": "2021-12 (Q4)",
      "revenue": 9445116,
      "gross_profit": 7027318,
      "operating_income": 1326565,
      "net_income": 1023335,
      "opex": 5700753,
      "cogs": 2417798,
      "rd": null,
      "sga": null,
      "fcf": -2311955,
      "ocf": -2311527,
      "capex": -428,
      "gross_margin": 0.7440160607873954,
      "op_margin": 0.14044983671984548,
      "fcf_margin": -0.24477783015052434,
      "rev_growth_yoy": -0.05186862403283255,
      "fcf_margin_change": -0.3331682692401441
    },
    {
      "date": "2022-03-31T00:00:00",
      "quarter_label": "2022-03 (Q1)",
      "revenue": 8793688,
      "gross_profit": 6728266,
      "operating_income": 1043617,
      "net_income": 870134,
      "opex": 5684649,
      "cogs": 2065422,
      "rd": null,
      "sga": null,
      "fcf": -327621,
      "ocf": -326385,
      "capex": -1236,
      "gross_margin": 0.7651244847440574,
      "op_margin": 0.11867796537698404,
      "fcf_margin": -0.03725638207769027,
      "rev_growth_yoy": -0.07855449683245799,
      "rev_growth_yoy_accel": -0.02668587279962544,
      "fcf_margin_change": 0.20752144807283407
    },
    {
      "date": "2022-06-30T00:00:00",
      "quarter_label": "2022-06 (Q2)",
      "revenue": 9865299,
      "gross_profit": 7802765,
      "operating_income": 1659583,
      "net_income": 1133245,
      "opex": 6143182,
      "cogs": 2062534,
      "rd": null,
      "sga": null,
      "fcf": 1193947,
      "ocf": 1193947,
      "capex": null,
      "gross_margin": 0.7909304117391678,
      "op_margin": 0.16822429811808035,
      "fcf_margin": 0.12102491774451032,
      "rev_growth_yoy": 0.022408462238568287,
      "rev_growth_yoy_accel": 0.10096295907102629,
      "op_leverage_ratio": 1.510772836558042,
      "fcf_margin_change": 0.1582812998222006
    },
    {
      "date": "2022-09-30T00:00:00",
      "quarter_label": "2022-09 (Q3)",
      "revenue": 8923288,
      "gross_profit": 6899624,
      "operating_income": 777092,
      "net_income": 497168,
      "opex": 6122532,
      "cogs": 2023664,
      "rd": null,
      "sga": null,
      "fcf": 869779,
      "ocf": 879197,
      "capex": -9418,
      "gross_margin": 0.7732154335935364,
      "op_margin": 0.08708583652124643,
      "fcf_margin": 0.09747292701972636,
      "rev_growth_yoy": -0.08298016585982557,
      "rev_growth_yoy_accel": -0.10538862809839386,
      "fcf_margin_change": -0.023551990724783964
    },
    {
      "date": "2022-12-31T00:00:00",
      "quarter_label": "2022-12 (Q4)",
      "revenue": 8772248,
      "gross_profit": 6541294,
      "operating_income": 100114,
      "net_income": 181794,
      "opex": 6441180,
      "cogs": 2230954,
      "rd": null,
      "sga": null,
      "fcf": 113221,
      "ocf": 138803,
      "capex": -25582,
      "gross_margin": 0.7456804686780402,
      "op_margin": 0.011412582042824143,
      "fcf_margin": 0.012906725847240069,
      "rev_growth_yoy": -0.07123978149130196,
      "rev_growth_yoy_accel": 0.011740384368523607,
      "fcf_margin_change": -0.0845662011724863
    },
    {
      "date": "2023-03-31T00:00:00",
      "quarter_label": "2023-03 (Q1)",
      "revenue": 8298771,
      "gross_profit": 6104009,
      "operating_income": 166135,
      "net_income": 153294,
      "opex": 5937874,
      "cogs": 2194762,
      "rd": null,
      "sga": null,
      "fcf": -238000,
      "ocf": -199000,
      "capex": -39000,
      "gross_margin": 0.7355316829443781,
      "op_margin": 0.020019229353358467,
      "fcf_margin": -0.02867894535226963,
      "rev_growth_yoy": -0.05628093696296707,
      "rev_growth_yoy_accel": 0.014958844528334889,
      "fcf_margin_change": -0.0415856711995097
    },
    {
      "date": "2023-06-30T00:00:00",
      "quarter_label": "2023-06 (Q2)",
      "revenue": 8874210,
      "gross_profit": 6573121,
      "operating_income": 373079,
      "net_income": 332773,
      "opex": 6200042,
      "cogs": 2301089,
      "rd": null,
      "sga": null,
      "fcf": 1011000,
      "ocf": 1032000,
      "capex": -21000,
      "gross_margin": 0.7406992847814059,
      "op_margin": 0.042040812646984914,
      "fcf_margin": 0.11392563394375387,
      "rev_growth_yoy": -0.10046213500472717,
      "rev_growth_yoy_accel": -0.0441811980417601,
      "op_leverage_ratio": 1.5704959063728707,
      "fcf_margin_change": 0.1426045792960235
    },
    {
      "date": "2023-09-30T00:00:00",
      "quarter_label": "2023-09 (Q3)",
      "revenue": 8235000,
      "gross_profit": 6198326,
      "operating_income": -1036279,
      "net_income": -500181,
      "opex": 7234605,
      "cogs": 2037188,
      "rd": null,
      "sga": null,
      "fcf": 266000,
      "ocf": 291000,
      "capex": -25000,
      "gross_margin": 0.7526807528840316,
      "op_margin": -0.12583837279902854,
      "fcf_margin": 0.03230115361262902,
      "rev_growth_yoy": -0.07713389952223888,
      "rev_growth_yoy_accel": 0.023328235482488288,
      "fcf_margin_change": -0.08162448033112485
    },
    {
      "date": "2023-12-31T00:00:00",
      "quarter_label": "2023-12 (Q4)",
      "revenue": 8457000,
      "gross_profit": 6366000,
      "operating_income": -997000,
      "net_income": -1183000,
      "opex": 7363000,
      "cogs": 2091000,
      "rd": null,
      "sga": null,
      "fcf": -860000,
      "ocf": -855000,
      "capex": -5000,
      "gross_margin": 0.7527492018446258,
      "op_margin": -0.11789050490717749,
      "fcf_margin": -0.10169090694099563,
      "rev_growth_yoy": -0.03593696849427878,
      "rev_growth_yoy_accel": 0.041196931027960106,
      "op_leverage_ratio": 1.5189940877887718,
      "fcf_margin_change": -0.13399206055362464
    },
    {
      "date": "2024-03-31T00:00:00",
      "quarter_label": "2024-03 (Q1)",
      "revenue": 7880000,
      "gross_profit": 5557000,
      "operating_income": -1471000,
      "net_income": -529000,
      "opex": 7028000,
      "cogs": 2323000,
      "rd": null,
      "sga": null,
      "fcf": -658000,
      "ocf": -658000,
      "capex": null,
      "gross_margin": 0.7052030456852791,
      "op_margin": -0.1866751269035533,
      "fcf_margin": -0.08350253807106599,
      "rev_growth_yoy": -0.05046180934502229,
      "rev_growth_yoy_accel": -0.014524840850743514,
      "fcf_margin_change": 0.01818836886992964
    },
    {
      "date": "2024-06-30T00:00:00",
      "quarter_label": "2024-06 (Q2)",
      "revenue": 8265000,
      "gross_profit": 5994000,
      "operating_income": -2752000,
      "net_income": -1857000,
      "opex": 8746000,
      "cogs": 2271000,
      "rd": null,
      "sga": null,
      "fcf": -713000,
      "ocf": -689000,
      "capex": -24000,
      "gross_margin": 0.7252268602540834,
      "op_margin": -0.33297035692679977,
      "fcf_margin": -0.08626739261947973,
      "rev_growth_yoy": -0.06864949105328812,
      "rev_growth_yoy_accel": -0.018187681708265825,
      "op_leverage_ratio": 0.19986792575477327,
      "fcf_margin_change": -0.002764854548413742
    },
    {
      "date": "2024-09-30T00:00:00",
      "quarter_label": "2024-09 (Q3)",
      "revenue": 7910000,
      "gross_profit": 5782000,
      "operating_income": -2170000,
      "net_income": -1586000,
      "opex": 7952000,
      "cogs": 2128000,
      "rd": null,
      "sga": null,
      "fcf": -940000,
      "ocf": -893000,
      "capex": -47000,
      "gross_margin": 0.7309734513274336,
      "op_margin": -0.2743362831858407,
      "fcf_margin": -0.11883691529709228,
      "rev_growth_yoy": -0.03946569520340012,
      "rev_growth_yoy_accel": 0.029183795849888,
      "fcf_margin_change": -0.03256952267761255
    },
    {
      "date": "2024-12-31T00:00:00",
      "quarter_label": "2024-12 (Q4)",
      "revenue": 8004000,
      "gross_profit": 5928000,
      "operating_income": -1826000,
      "net_income": -1747000,
      "opex": 7754000,
      "cogs": 2076000,
      "rd": null,
      "sga": null,
      "fcf": -776000,
      "ocf": -770000,
      "capex": -6000,
      "gross_margin": 0.7406296851574213,
      "op_margin": -0.228135932033983,
      "fcf_margin": -0.09695152423788106,
      "rev_growth_yoy": -0.0535650940049663,
      "rev_growth_yoy_accel": -0.01409939880156618,
      "op_leverage_ratio": Infinity,
      "fcf_margin_change": 0.021885391059211223
    },
    {
      "date": "2025-03-31T00:00:00",
      "quarter_label": "2025-03 (Q1)",
      "revenue": 7027000,
      "gross_profit": 5272000,
      "operating_income": -1504000,
      "net_income": -1012000,
      "opex": 6776000,
      "cogs": 1755000,
      "rd": null,
      "sga": null,
      "fcf": -1155000,
      "ocf": -1155000,
      "capex": null,
      "gross_margin": 0.7502490394193824,
      "op_margin": -0.21403159242920164,
      "fcf_margin": -0.16436601679237228,
      "rev_growth_yoy": -0.10824873096446701,
      "rev_growth_yoy_accel": -0.05468363695950071,
      "fcf_margin_change": -0.06741449255449122
    },
    {
      "date": "2025-06-30T00:00:00",
      "quarter_label": "2025-06 (Q2)",
      "revenue": 7214000,
      "gross_profit": 4890000,
      "operating_income": -1190000,
      "net_income": -1476000,
      "opex": 6080000,
      "cogs": 2324000,
      "rd": null,
      "sga": null,
      "fcf": -502000,
      "ocf": -501000,
      "capex": -1000,
      "gross_margin": 0.6778486276684225,
      "op_margin": -0.16495702800110895,
      "fcf_margin": -0.06958691433324092,
      "incr_op_margin_yoy": -1.4862036156041865,
      "rev_growth_yoy": -0.12716273442226256,
      "rev_growth_yoy_accel": -0.01891400345779555,
      "op_leverage_ratio": Infinity,
      "fcf_margin_change": 0.09477910245913136
    },
    {
      "date": "2025-09-30T00:00:00",
      "quarter_label": "2025-09 (Q3)",
      "revenue": 6963000,
      "gross_profit": 5364000,
      "operating_income": -1264000,
      "net_income": -356000,
      "opex": 6628000,
      "cogs": 1599000,
      "rd": null,
      "sga": null,
      "fcf": -562000,
      "ocf": -533000,
      "capex": -29000,
      "gross_margin": 0.7703576044808272,
      "op_margin": -0.18153094930346114,
      "fcf_margin": -0.08071233663650726,
      "rev_growth_yoy": -0.11972187104930468,
      "rev_growth_yoy_accel": 0.007440863372957879,
      "fcf_margin_change": -0.011125422303266339
    }
  ],
  "signals": [
    {
      "quarter": "2025-09 (Q3)",
      "signal": "GROSS MARGIN INFLECTION",
      "detail": "GM: +75.0% -> +67.8% -> +77.0% (reversal +9.3%)",
      "severity": "HIGH"
    },
    {
      "quarter": "2025-06 (Q2)",
      "signal": "FCF MARGIN EXPANSION",
      "detail": "FCF margin: -16.4% -> -7.0% (+9.5%)",
      "severity": "MEDIUM"
    },
    {
      "quarter": "2025-03 (Q1)",
      "signal": "YoY REVENUE GROWTH DECELERATION",
      "detail": "YoY growth: -10.8% vs prior quarter YoY: -5.4% (decel: -5.5%)",
      "severity": "WARNING"
    },
    {
      "quarter": "2024-06 (Q2)",
      "signal": "GROSS MARGIN INFLECTION",
      "detail": "GM: +75.3% -> +70.5% -> +72.5% (reversal +2.0%)",
      "severity": "MEDIUM"
    },
    {
      "quarter": "2023-12 (Q4)",
      "signal": "OPERATING LEVERAGE",
      "detail": "Rev growth +2.7% vs OpEx growth +1.8% (leverage: 1.5x)",
      "severity": "MEDIUM"
    },
    {
      "quarter": "2023-06 (Q2)",
      "signal": "FCF TURNED POSITIVE",
      "detail": "FCF margin: -2.9% -> +11.4%",
      "severity": "HIGH"
    },
    {
      "quarter": "2023-06 (Q2)",
      "signal": "OPERATING LEVERAGE",
      "detail": "Rev growth +6.9% vs OpEx growth +4.4% (leverage: 1.6x)",
      "severity": "MEDIUM"
    },
    {
      "quarter": "2022-09 (Q3)",
      "signal": "YoY REVENUE GROWTH DECELERATION",
      "detail": "YoY growth: -8.3% vs prior quarter YoY: +2.2% (decel: -10.5%)",
      "severity": "WARNING"
    },
    {
      "quarter": "2022-09 (Q3)",
      "signal": "OP MARGIN TURNED POSITIVE (YoY)",
      "detail": "Op margin: -16.9% (year-ago) -> +8.7%",
      "severity": "HIGH"
    },
    {
      "quarter": "2022-06 (Q2)",
      "signal": "FCF TURNED POSITIVE",
      "detail": "FCF margin: -3.7% -> +12.1%",
      "severity": "HIGH"
    },
    {
      "quarter": "2022-06 (Q2)",
      "signal": "OPERATING LEVERAGE",
      "detail": "Rev growth +12.2% vs OpEx growth +8.1% (leverage: 1.5x)",
      "severity": "MEDIUM"
    },
    {
      "quarter": "2022-06 (Q2)",
      "signal": "YoY REVENUE GROWTH ACCELERATION",
      "detail": "YoY growth: +2.2% vs prior quarter YoY: -7.9% (accel: +10.1%)",
      "severity": "MEDIUM"
    },
    {
      "quarter": "2022-03 (Q1)",
      "signal": "FCF MARGIN EXPANSION",
      "detail": "FCF margin: -24.5% -> -3.7% (+20.8%)",
      "severity": "MEDIUM"
    },
    {
      "quarter": "2021-12 (Q4)",
      "signal": "OP MARGIN TURNED POSITIVE (QoQ)",
      "detail": "Op margin: -16.9% -> +14.0%",
      "severity": "HIGH"
    },
    {
      "quarter": "2021-06 (Q2)",
      "signal": "FCF MARGIN EXPANSION",
      "detail": "FCF margin: +9.4% -> +19.7% (+10.3%)",
      "severity": "MEDIUM"
    },
    {
      "quarter": "2021-06 (Q2)",
      "signal": "GROSS MARGIN INFLECTION",
      "detail": "GM: +76.1% -> +75.5% -> +77.5% (reversal +2.0%)",
      "severity": "MEDIUM"
    }
  ],
  "data_quality": {
    "n_quarters": 20,
    "coverage": {
      "revenue": [
        20,
        20
      ],
      "gross_profit": [
        20,
        20
      ],
      "op_income": [
        20,
        20
      ],
      "fcf": [
        20,
        20
      ]
    },
    "gaps": [],
    "warnings": []
  },
  "market_cap": null,
  "source": "SEC EDGAR",
  "last_updated": "2026-02-02T23:44:05.807288"
}