{
  "ticker": "MGM",
  "name": "MGM Resorts International",
  "sector": "Consumer Cyclical",
  "industry": "Resorts & Casinos",
  "quarters": [
    {
      "date": "2021-03-31T00:00:00",
      "quarter_label": "2021-03 (Q1)",
      "revenue": 1647747000,
      "gross_profit": null,
      "operating_income": -246690000,
      "net_income": -331829000,
      "opex": 1868858000,
      "cogs": null,
      "rd": null,
      "sga": 546407000,
      "fcf": -166524000,
      "ocf": -87610000,
      "capex": -78914000,
      "gross_margin": null,
      "op_margin": -0.1497135179126407,
      "fcf_margin": -0.10106163142764028
    },
    {
      "date": "2021-06-30T00:00:00",
      "quarter_label": "2021-06 (Q2)",
      "revenue": 2267962000,
      "gross_profit": null,
      "operating_income": 263760000,
      "net_income": 104753000,
      "opex": 2087540000,
      "cogs": null,
      "rd": null,
      "sga": 590209000,
      "fcf": 351548000,
      "ocf": 456026000,
      "capex": -104478000,
      "gross_margin": null,
      "op_margin": 0.11629824485595437,
      "fcf_margin": 0.15500612444123843,
      "op_leverage_ratio": 3.2167329130337,
      "fcf_margin_change": 0.2560677558688787
    },
    {
      "date": "2021-09-30T00:00:00",
      "quarter_label": "2021-09 (Q3)",
      "revenue": 2707539000,
      "gross_profit": null,
      "operating_income": 1892782000,
      "net_income": 1350433000,
      "opex": 849868000,
      "cogs": null,
      "rd": null,
      "sga": 623275000,
      "fcf": 379542000,
      "ocf": 518289000,
      "capex": -138747000,
      "gross_margin": null,
      "op_margin": 0.6990783881598751,
      "fcf_margin": 0.14017969824257379,
      "op_leverage_ratio": null,
      "fcf_margin_change": -0.014826426198664644
    },
    {
      "date": "2021-12-31T00:00:00",
      "quarter_label": "2021-12 (Q4)",
      "revenue": 3056892000,
      "gross_profit": null,
      "operating_income": 368847000,
      "net_income": 131013000,
      "opex": 2679998000,
      "cogs": null,
      "rd": null,
      "sga": 747348000,
      "fcf": 318160000,
      "ocf": 486718000,
      "capex": -168558000,
      "gross_margin": null,
      "op_margin": 0.12066078880117452,
      "fcf_margin": 0.10407956839822931,
      "op_leverage_ratio": 0.05991827376869669,
      "fcf_margin_change": -0.03610012984434448
    },
    {
      "date": "2022-03-31T00:00:00",
      "quarter_label": "2022-03 (Q1)",
      "revenue": 2854309000,
      "gross_profit": null,
      "operating_income": 105788000,
      "net_income": -18016000,
      "opex": 2701683000,
      "cogs": null,
      "rd": null,
      "sga": 776837000,
      "fcf": 318899000,
      "ocf": 420482000,
      "capex": -101583000,
      "gross_margin": null,
      "op_margin": 0.03706256050063255,
      "fcf_margin": 0.1117254649023634,
      "incr_op_margin_yoy": 0.2921341795945836,
      "rev_growth_yoy": 0.7322495504467615,
      "fcf_margin_change": 0.007645896504134095
    },
    {
      "date": "2022-06-30T00:00:00",
      "quarter_label": "2022-06 (Q2)",
      "revenue": 3264888000,
      "gross_profit": null,
      "operating_income": 2381451000,
      "net_income": 1783937000,
      "opex": 827854000,
      "cogs": null,
      "rd": null,
      "sga": 1028765000,
      "fcf": 376970000,
      "ocf": 512231000,
      "capex": -135261000,
      "gross_margin": null,
      "op_margin": 0.7294127700552056,
      "fcf_margin": 0.11546184738955824,
      "incr_op_margin_yoy": 2.1242208549079873,
      "rev_growth_yoy": 0.43956909330932353,
      "rev_growth_yoy_accel": -0.292680457137438,
      "op_leverage_ratio": null,
      "fcf_margin_change": 0.0037363824871948365
    },
    {
      "date": "2022-09-30T00:00:00",
      "quarter_label": "2022-09 (Q3)",
      "revenue": 3416072000,
      "gross_profit": null,
      "operating_income": -1045971000,
      "net_income": -576830000,
      "opex": 4444576000,
      "cogs": null,
      "rd": null,
      "sga": 1212474000,
      "fcf": 180835000,
      "ocf": 400561000,
      "capex": -219726000,
      "gross_margin": null,
      "op_margin": -0.30619114585406865,
      "fcf_margin": 0.052936530611766966,
      "incr_op_margin_yoy": -4.147658612936871,
      "rev_growth_yoy": 0.261688935967312,
      "rev_growth_yoy_accel": -0.1778801573420115,
      "op_leverage_ratio": 0.01059927518205537,
      "fcf_margin_change": -0.06252531677779127
    },
    {
      "date": "2022-12-31T00:00:00",
      "quarter_label": "2022-12 (Q4)",
      "revenue": 3592216000,
      "gross_profit": null,
      "operating_income": -1896000,
      "net_income": 284002000,
      "opex": 3553787000,
      "cogs": null,
      "rd": null,
      "sga": 1208541000,
      "fcf": 114691000,
      "ocf": 423188000,
      "capex": -308497000,
      "gross_margin": null,
      "op_margin": -0.0005278079046471593,
      "fcf_margin": 0.031927645776311894,
      "incr_op_margin_yoy": -0.6925581516987843,
      "rev_growth_yoy": 0.17512035099702575,
      "rev_growth_yoy_accel": -0.08656858497028627,
      "op_leverage_ratio": null,
      "fcf_margin_change": -0.02100888483545507
    },
    {
      "date": "2023-03-31T00:00:00",
      "quarter_label": "2023-03 (Q1)",
      "revenue": 3873296000,
      "gross_profit": null,
      "operating_income": 730839000,
      "net_income": 466807000,
      "opex": 3067458000,
      "cogs": null,
      "rd": null,
      "sga": 1135540000,
      "fcf": 564233000,
      "ocf": 704053000,
      "capex": -139820000,
      "gross_margin": null,
      "op_margin": 0.18868658630788868,
      "fcf_margin": 0.14567257446887613,
      "incr_op_margin_yoy": 0.6134042926946075,
      "rev_growth_yoy": 0.3569995399937428,
      "rev_growth_yoy_accel": 0.18187918899671704,
      "op_leverage_ratio": null,
      "fcf_margin_change": 0.11374492869256424
    },
    {
      "date": "2023-06-30T00:00:00",
      "quarter_label": "2023-06 (Q2)",
      "revenue": 3942207000,
      "gross_profit": null,
      "operating_income": 371378000,
      "net_income": 200796000,
      "opex": 3554640000,
      "cogs": null,
      "rd": null,
      "sga": 1144390000,
      "fcf": 323229000,
      "ocf": 576706000,
      "capex": -253477000,
      "gross_margin": null,
      "op_margin": 0.09420560614904291,
      "fcf_margin": 0.08199188931479245,
      "incr_op_margin_yoy": -2.967690261162023,
      "rev_growth_yoy": 0.20745550842785418,
      "rev_growth_yoy_accel": -0.1495440315658886,
      "op_leverage_ratio": 0.11201991942051191,
      "fcf_margin_change": -0.06368068515408368
    },
    {
      "date": "2023-09-30T00:00:00",
      "quarter_label": "2023-09 (Q3)",
      "revenue": 3973183000,
      "gross_profit": null,
      "operating_income": 369936000,
      "net_income": 161117000,
      "opex": 3625754000,
      "cogs": null,
      "rd": null,
      "sga": 1192298000,
      "fcf": 484324000,
      "ocf": 694080000,
      "capex": -209756000,
      "gross_margin": null,
      "op_margin": 0.09310822078922618,
      "fcf_margin": 0.12189823625038163,
      "incr_op_margin_yoy": 2.5415168610923136,
      "rev_growth_yoy": 0.1630852628398933,
      "rev_growth_yoy_accel": -0.04437024558796088,
      "fcf_margin_change": 0.03990634693558917
    },
    {
      "date": "2023-12-31T00:00:00",
      "quarter_label": "2023-12 (Q4)",
      "revenue": 4375563000,
      "gross_profit": null,
      "operating_income": 419344000,
      "net_income": 313460000,
      "opex": 3962796000,
      "cogs": null,
      "rd": null,
      "sga": 1228429000,
      "fcf": 387178000,
      "ocf": 715938000,
      "capex": -328760000,
      "gross_margin": null,
      "op_margin": 0.09583772419686336,
      "fcf_margin": 0.08848644163048275,
      "incr_op_margin_yoy": 0.5377438095760882,
      "rev_growth_yoy": 0.2180679001485434,
      "rev_growth_yoy_accel": 0.054982637308650106,
      "op_leverage_ratio": 1.0894621064178605,
      "fcf_margin_change": -0.03341179461989888
    },
    {
      "date": "2024-03-31T00:00:00",
      "quarter_label": "2024-03 (Q1)",
      "revenue": 4383470000,
      "gross_profit": null,
      "operating_income": 458378000,
      "net_income": 217476000,
      "opex": 3899968000,
      "cogs": null,
      "rd": null,
      "sga": 1194682000,
      "fcf": 377191000,
      "ocf": 549271000,
      "capex": -172080000,
      "gross_margin": null,
      "op_margin": 0.10456966740960928,
      "fcf_margin": 0.08604849582636587,
      "incr_op_margin_yoy": -0.5340550478856233,
      "rev_growth_yoy": 0.13171572738050488,
      "rev_growth_yoy_accel": -0.08635217276803853,
      "fcf_margin_change": -0.002437945804116881
    },
    {
      "date": "2024-06-30T00:00:00",
      "quarter_label": "2024-06 (Q2)",
      "revenue": 4327375000,
      "gross_profit": null,
      "operating_income": 425656000,
      "net_income": 187072000,
      "opex": 3867535000,
      "cogs": null,
      "rd": null,
      "sga": 1210968000,
      "fcf": 235996000,
      "ocf": 474238000,
      "capex": -238242000,
      "gross_margin": null,
      "op_margin": 0.09836355758398567,
      "fcf_margin": 0.054535601837141456,
      "incr_op_margin_yoy": 0.14092032567606863,
      "rev_growth_yoy": 0.0977036467136302,
      "rev_growth_yoy_accel": -0.03401208066687468,
      "fcf_margin_change": -0.03151289398922441
    },
    {
      "date": "2024-09-30T00:00:00",
      "quarter_label": "2024-09 (Q3)",
      "revenue": 4183138000,
      "gross_profit": null,
      "operating_income": 314857000,
      "net_income": 184578000,
      "opex": 3876270000,
      "cogs": null,
      "rd": null,
      "sga": 1176726000,
      "fcf": 331181000,
      "ocf": 667431000,
      "capex": -336250000,
      "gross_margin": null,
      "op_margin": 0.07526813602611246,
      "fcf_margin": 0.07917046963308406,
      "incr_op_margin_yoy": -0.2623371674882713,
      "rev_growth_yoy": 0.05284302283584723,
      "rev_growth_yoy_accel": -0.044860623877782974,
      "fcf_margin_change": 0.024634867795942608
    },
    {
      "date": "2024-12-31T00:00:00",
      "quarter_label": "2024-12 (Q4)",
      "revenue": 4346562000,
      "gross_profit": null,
      "operating_income": 291565000,
      "net_income": 157432000,
      "opex": 4015663000,
      "cogs": null,
      "rd": null,
      "sga": 1242937000,
      "fcf": 267538000,
      "ocf": 671555000,
      "capex": -404017000,
      "gross_margin": null,
      "op_margin": 0.0670794526800722,
      "fcf_margin": 0.06155163552251181,
      "incr_op_margin_yoy": 4.406020482052343,
      "rev_growth_yoy": -0.006627947077896033,
      "rev_growth_yoy_accel": -0.05947096991374326,
      "op_leverage_ratio": 1.0863923509431828,
      "fcf_margin_change": -0.017618834110572253
    },
    {
      "date": "2025-03-31T00:00:00",
      "quarter_label": "2025-03 (Q1)",
      "revenue": 4277082000,
      "gross_profit": null,
      "operating_income": 385057000,
      "net_income": 148554000,
      "opex": 3879129000,
      "cogs": null,
      "rd": null,
      "sga": 1164898000,
      "fcf": 319038000,
      "ocf": 547079000,
      "capex": -228041000,
      "gross_margin": null,
      "op_margin": 0.0900279676658058,
      "fcf_margin": 0.07459244410090805,
      "incr_op_margin_yoy": 0.6891848704741136,
      "rev_growth_yoy": -0.024270269900330103,
      "rev_growth_yoy_accel": -0.01764232282243407,
      "fcf_margin_change": 0.013040808578396242
    },
    {
      "date": "2025-06-30T00:00:00",
      "quarter_label": "2025-06 (Q2)",
      "revenue": 4404870000,
      "gross_profit": null,
      "operating_income": 404565000,
      "net_income": 48951000,
      "opex": 4026165000,
      "cogs": null,
      "rd": null,
      "sga": 1213691000,
      "fcf": 377428000,
      "ocf": 645870000,
      "capex": -268442000,
      "gross_margin": null,
      "op_margin": 0.09184493526483188,
      "fcf_margin": 0.08568425401884733,
      "incr_op_margin_yoy": -0.2721594941609136,
      "rev_growth_yoy": 0.01790808515555042,
      "rev_growth_yoy_accel": 0.04217835505588052,
      "op_leverage_ratio": 0.7882301435575039,
      "fcf_margin_change": 0.011091809917939274
    },
    {
      "date": "2025-09-30T00:00:00",
      "quarter_label": "2025-09 (Q3)",
      "revenue": 4250464000,
      "gross_profit": null,
      "operating_income": -112852000,
      "net_income": -285255000,
      "opex": 4388958000,
      "cogs": null,
      "rd": null,
      "sga": 1240178000,
      "fcf": 405445000,
      "ocf": 681434000,
      "capex": -275989000,
      "gross_margin": null,
      "op_margin": -0.02655051307339622,
      "fcf_margin": 0.09538840935954286,
      "incr_op_margin_yoy": -6.3528057511214095,
      "rev_growth_yoy": 0.016094616051394908,
      "rev_growth_yoy_accel": -0.0018134691041555122,
      "fcf_margin_change": 0.009704155340695533
    },
    {
      "date": "2025-12-31T00:00:00",
      "quarter_label": "2025-12 (Q4)",
      "revenue": 4605267000,
      "gross_profit": null,
      "operating_income": 325010000,
      "net_income": 293612000,
      "opex": 4311633000,
      "cogs": null,
      "rd": null,
      "sga": 1258771000,
      "fcf": 358540000,
      "ocf": 654995000,
      "capex": -296455000,
      "gross_margin": null,
      "op_margin": 0.07057354112150284,
      "fcf_margin": 0.07785433504724047,
      "incr_op_margin_yoy": 0.12927852186853753,
      "rev_growth_yoy": 0.05951945468625548,
      "rev_growth_yoy_accel": 0.043424838634860574,
      "op_leverage_ratio": null,
      "fcf_margin_change": -0.01753407431230239
    }
  ],
  "signals": [
    {
      "quarter": "2025-12 (Q4)",
      "signal": "OP MARGIN TURNED POSITIVE (QoQ)",
      "detail": "Op margin: -2.7% -> +7.1%",
      "severity": "HIGH"
    },
    {
      "quarter": "2025-03 (Q1)",
      "signal": "INCREMENTAL MARGIN (YoY)",
      "detail": "YoY Incr OPM: +68.9% vs year-ago OPM: +10.5%",
      "severity": "HIGH"
    },
    {
      "quarter": "2024-12 (Q4)",
      "signal": "YoY REVENUE GROWTH DECELERATION",
      "detail": "YoY growth: -0.7% vs prior quarter YoY: +5.3% (decel: -5.9%)",
      "severity": "WARNING"
    },
    {
      "quarter": "2024-12 (Q4)",
      "signal": "INCREMENTAL MARGIN (YoY)",
      "detail": "YoY Incr OPM: +440.6% vs year-ago OPM: +9.6%",
      "severity": "HIGH"
    },
    {
      "quarter": "2024-03 (Q1)",
      "signal": "YoY REVENUE GROWTH DECELERATION",
      "detail": "YoY growth: +13.2% vs prior quarter YoY: +21.8% (decel: -8.6%)",
      "severity": "WARNING"
    },
    {
      "quarter": "2023-12 (Q4)",
      "signal": "YoY REVENUE GROWTH ACCELERATION",
      "detail": "YoY growth: +21.8% vs prior quarter YoY: +16.3% (accel: +5.5%)",
      "severity": "MEDIUM"
    },
    {
      "quarter": "2023-12 (Q4)",
      "signal": "OP MARGIN TURNED POSITIVE (YoY)",
      "detail": "Op margin: -0.1% (year-ago) -> +9.6%",
      "severity": "HIGH"
    },
    {
      "quarter": "2023-09 (Q3)",
      "signal": "OP MARGIN TURNED POSITIVE (YoY)",
      "detail": "Op margin: -30.6% (year-ago) -> +9.3%",
      "severity": "HIGH"
    },
    {
      "quarter": "2023-06 (Q2)",
      "signal": "YoY REVENUE GROWTH DECELERATION",
      "detail": "YoY growth: +20.7% vs prior quarter YoY: +35.7% (decel: -15.0%)",
      "severity": "WARNING"
    },
    {
      "quarter": "2023-03 (Q1)",
      "signal": "FCF MARGIN EXPANSION",
      "detail": "FCF margin: +3.2% -> +14.6% (+11.4%)",
      "severity": "MEDIUM"
    },
    {
      "quarter": "2023-03 (Q1)",
      "signal": "YoY REVENUE GROWTH ACCELERATION",
      "detail": "YoY growth: +35.7% vs prior quarter YoY: +17.5% (accel: +18.2%)",
      "severity": "HIGH"
    },
    {
      "quarter": "2023-03 (Q1)",
      "signal": "INCREMENTAL MARGIN (YoY)",
      "detail": "YoY Incr OPM: +61.3% vs year-ago OPM: +3.7%",
      "severity": "HIGH"
    },
    {
      "quarter": "2023-03 (Q1)",
      "signal": "OP MARGIN TURNED POSITIVE (QoQ)",
      "detail": "Op margin: -0.1% -> +18.9%",
      "severity": "HIGH"
    },
    {
      "quarter": "2022-12 (Q4)",
      "signal": "YoY REVENUE GROWTH DECELERATION",
      "detail": "YoY growth: +17.5% vs prior quarter YoY: +26.2% (decel: -8.7%)",
      "severity": "WARNING"
    },
    {
      "quarter": "2022-09 (Q3)",
      "signal": "YoY REVENUE GROWTH DECELERATION",
      "detail": "YoY growth: +26.2% vs prior quarter YoY: +44.0% (decel: -17.8%)",
      "severity": "WARNING"
    },
    {
      "quarter": "2022-06 (Q2)",
      "signal": "YoY REVENUE GROWTH DECELERATION",
      "detail": "YoY growth: +44.0% vs prior quarter YoY: +73.2% (decel: -29.3%)",
      "severity": "WARNING"
    },
    {
      "quarter": "2022-06 (Q2)",
      "signal": "INCREMENTAL MARGIN (YoY)",
      "detail": "YoY Incr OPM: +212.4% vs year-ago OPM: +11.6%",
      "severity": "HIGH"
    },
    {
      "quarter": "2022-03 (Q1)",
      "signal": "OP MARGIN TURNED POSITIVE (YoY)",
      "detail": "Op margin: -15.0% (year-ago) -> +3.7%",
      "severity": "HIGH"
    },
    {
      "quarter": "2021-06 (Q2)",
      "signal": "FCF TURNED POSITIVE",
      "detail": "FCF margin: -10.1% -> +15.5%",
      "severity": "HIGH"
    },
    {
      "quarter": "2021-06 (Q2)",
      "signal": "OPERATING LEVERAGE",
      "detail": "Rev growth +37.6% vs OpEx growth +11.7% (leverage: 3.2x)",
      "severity": "MEDIUM"
    },
    {
      "quarter": "2021-06 (Q2)",
      "signal": "OP MARGIN TURNED POSITIVE (QoQ)",
      "detail": "Op margin: -15.0% -> +11.6%",
      "severity": "HIGH"
    }
  ],
  "data_quality": {
    "n_quarters": 20,
    "coverage": {
      "revenue": [
        20,
        20
      ],
      "gross_profit": [
        0,
        20
      ],
      "op_income": [
        20,
        20
      ],
      "fcf": [
        20,
        20
      ]
    },
    "gaps": [],
    "warnings": [
      "gross_profit: no data"
    ]
  },
  "market_cap": null,
  "source": "SEC EDGAR",
  "last_updated": "2026-02-13T11:42:51.185773"
}