{
  "ticker": "MGRB",
  "name": "AFFILIATED MANAGERS GROUP,\u00a0INC.",
  "quarters": [
    {
      "date": "2020-12-31T00:00:00",
      "quarter_label": "2020-12 (Q4)",
      "revenue": 554300000,
      "gross_profit": null,
      "operating_income": null,
      "net_income": 115900000,
      "opex": 386700000,
      "cogs": null,
      "rd": null,
      "sga": 83500000,
      "fcf": 380800000,
      "ocf": 382500000,
      "capex": -1700000,
      "gross_margin": null,
      "op_margin": null,
      "fcf_margin": 0.6869926032834205
    },
    {
      "date": "2021-03-31T00:00:00",
      "quarter_label": "2021-03 (Q1)",
      "revenue": 559100000,
      "gross_profit": null,
      "operating_income": null,
      "net_income": 149900000,
      "opex": 378500000,
      "cogs": null,
      "rd": null,
      "sga": 78800000,
      "fcf": 188200000,
      "ocf": 188900000,
      "capex": -700000,
      "gross_margin": null,
      "op_margin": null,
      "fcf_margin": 0.33661241280629584,
      "fcf_margin_change": -0.35038019047712465
    },
    {
      "date": "2021-06-30T00:00:00",
      "quarter_label": "2021-06 (Q2)",
      "revenue": 586300000,
      "gross_profit": null,
      "operating_income": null,
      "net_income": 109000000,
      "opex": 389900000,
      "cogs": null,
      "rd": null,
      "sga": 88600000,
      "fcf": 360600000,
      "ocf": 362000000,
      "capex": -1400000,
      "gross_margin": null,
      "op_margin": null,
      "fcf_margin": 0.6150434930922736,
      "op_leverage_ratio": 1.615252583255671,
      "fcf_margin_change": 0.27843108028597774
    },
    {
      "date": "2021-09-30T00:00:00",
      "quarter_label": "2021-09 (Q3)",
      "revenue": 575200000,
      "gross_profit": null,
      "operating_income": null,
      "net_income": 128400000,
      "opex": 395300000,
      "cogs": null,
      "rd": null,
      "sga": 82900000,
      "fcf": 343600000,
      "ocf": 346400000,
      "capex": -2800000,
      "gross_margin": null,
      "op_margin": null,
      "fcf_margin": 0.5973574408901252,
      "fcf_margin_change": -0.01768605220214836
    },
    {
      "date": "2021-12-31T00:00:00",
      "quarter_label": "2021-12 (Q4)",
      "revenue": 691800000,
      "gross_profit": null,
      "operating_income": null,
      "net_income": 178400000,
      "opex": 467700000,
      "cogs": null,
      "rd": null,
      "sga": 96800000,
      "fcf": 358400000,
      "ocf": 361900000,
      "capex": -3500000,
      "gross_margin": null,
      "op_margin": null,
      "fcf_margin": 0.5180688060132986,
      "rev_growth_yoy": 0.24806061699440737,
      "op_leverage_ratio": 1.1067968671958444,
      "fcf_margin_change": -0.07928863487682658
    },
    {
      "date": "2022-03-31T00:00:00",
      "quarter_label": "2022-03 (Q1)",
      "revenue": 607300000,
      "gross_profit": null,
      "operating_income": null,
      "net_income": 146000000,
      "opex": 395100000,
      "cogs": null,
      "rd": null,
      "sga": 89400000,
      "fcf": 141300000,
      "ocf": 145000000,
      "capex": -3700000,
      "gross_margin": null,
      "op_margin": null,
      "fcf_margin": 0.2326691915033756,
      "rev_growth_yoy": 0.08620998032552316,
      "rev_growth_yoy_accel": -0.16185063666888422,
      "fcf_margin_change": -0.285399614509923
    },
    {
      "date": "2022-06-30T00:00:00",
      "quarter_label": "2022-06 (Q2)",
      "revenue": 604100000,
      "gross_profit": null,
      "operating_income": null,
      "net_income": 109400000,
      "opex": 400600000,
      "cogs": null,
      "rd": null,
      "sga": 93100000,
      "fcf": 359100000,
      "ocf": 361500000,
      "capex": -2400000,
      "gross_margin": null,
      "op_margin": null,
      "fcf_margin": 0.5944380069524913,
      "rev_growth_yoy": 0.030359884018420605,
      "rev_growth_yoy_accel": -0.055850096307102554,
      "fcf_margin_change": 0.36176881544911565
    },
    {
      "date": "2022-09-30T00:00:00",
      "quarter_label": "2022-09 (Q3)",
      "revenue": 578600000,
      "gross_profit": null,
      "operating_income": null,
      "net_income": 112600000,
      "opex": 425400000,
      "cogs": null,
      "rd": null,
      "sga": 93200000,
      "fcf": 287900000,
      "ocf": 290900000,
      "capex": -3000000,
      "gross_margin": null,
      "op_margin": null,
      "fcf_margin": 0.4975803664016592,
      "rev_growth_yoy": 0.005910987482614743,
      "rev_growth_yoy_accel": -0.024448896535805863,
      "fcf_margin_change": -0.09685764055083207
    },
    {
      "date": "2022-12-31T00:00:00",
      "quarter_label": "2022-12 (Q4)",
      "revenue": 539700000,
      "gross_profit": null,
      "operating_income": null,
      "net_income": 777900000,
      "opex": 452500000,
      "cogs": null,
      "rd": null,
      "sga": 109800000,
      "fcf": 255000000,
      "ocf": 257300000,
      "capex": -2300000,
      "gross_margin": null,
      "op_margin": null,
      "fcf_margin": 0.4724847137298499,
      "rev_growth_yoy": -0.21986123156981788,
      "rev_growth_yoy_accel": -0.2257722190524326,
      "fcf_margin_change": -0.0250956526718093
    },
    {
      "date": "2023-03-31T00:00:00",
      "quarter_label": "2023-03 (Q1)",
      "revenue": 517400000,
      "gross_profit": null,
      "operating_income": null,
      "net_income": 134500000,
      "opex": 380500000,
      "cogs": null,
      "rd": null,
      "sga": 97100000,
      "fcf": 232900000,
      "ocf": 234800000,
      "capex": -1900000,
      "gross_margin": null,
      "op_margin": null,
      "fcf_margin": 0.45013529184383455,
      "rev_growth_yoy": -0.14803227399967067,
      "rev_growth_yoy_accel": 0.0718289575701472,
      "fcf_margin_change": -0.022349421886015353
    },
    {
      "date": "2023-06-30T00:00:00",
      "quarter_label": "2023-06 (Q2)",
      "revenue": 512500000,
      "gross_profit": null,
      "operating_income": null,
      "net_income": 125300000,
      "opex": 374600000,
      "cogs": null,
      "rd": null,
      "sga": 85200000,
      "fcf": 88600000,
      "ocf": 90700000,
      "capex": -2100000,
      "gross_margin": null,
      "op_margin": null,
      "fcf_margin": 0.1728780487804878,
      "rev_growth_yoy": -0.15163052474755837,
      "rev_growth_yoy_accel": -0.0035982507478876935,
      "fcf_margin_change": -0.27725724306334676
    },
    {
      "date": "2023-09-30T00:00:00",
      "quarter_label": "2023-09 (Q3)",
      "revenue": 525200000,
      "gross_profit": null,
      "operating_income": null,
      "net_income": 217000000,
      "opex": 357400000,
      "cogs": null,
      "rd": null,
      "sga": 91100000,
      "fcf": 291300000,
      "ocf": 293900000,
      "capex": -2600000,
      "gross_margin": null,
      "op_margin": null,
      "fcf_margin": 0.5546458492003047,
      "rev_growth_yoy": -0.09229173867957138,
      "rev_growth_yoy_accel": 0.05933878606798698,
      "op_leverage_ratio": Infinity,
      "fcf_margin_change": 0.3817678004198169
    },
    {
      "date": "2023-12-31T00:00:00",
      "quarter_label": "2023-12 (Q4)",
      "revenue": 502600000,
      "gross_profit": null,
      "operating_income": null,
      "net_income": 196100000,
      "opex": 384100000,
      "cogs": null,
      "rd": null,
      "sga": 84800000,
      "fcf": 249100000,
      "ocf": 254900000,
      "capex": -5800000,
      "gross_margin": null,
      "op_margin": null,
      "fcf_margin": 0.4956227616394747,
      "rev_growth_yoy": -0.06874189364461739,
      "rev_growth_yoy_accel": 0.023549845034953998,
      "fcf_margin_change": -0.05902308756082997
    },
    {
      "date": "2024-03-31T00:00:00",
      "quarter_label": "2024-03 (Q1)",
      "revenue": 499900000,
      "gross_profit": null,
      "operating_income": null,
      "net_income": 149800000,
      "opex": 381300000,
      "cogs": null,
      "rd": null,
      "sga": 91700000,
      "fcf": 208200000,
      "ocf": 209200000,
      "capex": -1000000,
      "gross_margin": null,
      "op_margin": null,
      "fcf_margin": 0.41648329665933187,
      "rev_growth_yoy": -0.03382296095863935,
      "rev_growth_yoy_accel": 0.03491893268597804,
      "fcf_margin_change": -0.07913946498014285
    },
    {
      "date": "2024-06-30T00:00:00",
      "quarter_label": "2024-06 (Q2)",
      "revenue": 500300000,
      "gross_profit": null,
      "operating_income": null,
      "net_income": 76000000,
      "opex": 359400000,
      "cogs": null,
      "rd": null,
      "sga": 89400000,
      "fcf": 244600000,
      "ocf": 245200000,
      "capex": -600000,
      "gross_margin": null,
      "op_margin": null,
      "fcf_margin": 0.48890665600639616,
      "rev_growth_yoy": -0.023804878048780488,
      "rev_growth_yoy_accel": 0.01001808290985886,
      "fcf_margin_change": 0.07242335934706429
    },
    {
      "date": "2024-09-30T00:00:00",
      "quarter_label": "2024-09 (Q3)",
      "revenue": 516400000,
      "gross_profit": null,
      "operating_income": null,
      "net_income": 123600000,
      "opex": 374700000,
      "cogs": null,
      "rd": null,
      "sga": 97000000,
      "fcf": 264500000,
      "ocf": 265200000,
      "capex": -700000,
      "gross_margin": null,
      "op_margin": null,
      "fcf_margin": 0.5121998450813323,
      "rev_growth_yoy": -0.016755521706016754,
      "rev_growth_yoy_accel": 0.007049356342763734,
      "op_leverage_ratio": 0.7559307552723268,
      "fcf_margin_change": 0.02329318907493616
    },
    {
      "date": "2024-12-31T00:00:00",
      "quarter_label": "2024-12 (Q4)",
      "revenue": 524300000,
      "gross_profit": null,
      "operating_income": null,
      "net_income": 162100000,
      "opex": 392400000,
      "cogs": null,
      "rd": null,
      "sga": 98400000,
      "fcf": 211400000,
      "ocf": 212500000,
      "capex": -1100000,
      "gross_margin": null,
      "op_margin": null,
      "fcf_margin": 0.4032042723631509,
      "rev_growth_yoy": 0.04317548746518106,
      "rev_growth_yoy_accel": 0.05993100917119781,
      "op_leverage_ratio": 0.3238555055206186,
      "fcf_margin_change": -0.10899557271818144
    },
    {
      "date": "2025-03-31T00:00:00",
      "quarter_label": "2025-03 (Q1)",
      "revenue": 496600000,
      "gross_profit": null,
      "operating_income": null,
      "net_income": 72400000,
      "opex": 456900000,
      "cogs": null,
      "rd": null,
      "sga": 94700000,
      "fcf": 207300000,
      "ocf": 208900000,
      "capex": -1600000,
      "gross_margin": null,
      "op_margin": null,
      "fcf_margin": 0.4174385823600483,
      "rev_growth_yoy": -0.006601320264052811,
      "rev_growth_yoy_accel": -0.04977680772923387,
      "fcf_margin_change": 0.014234309996897454
    },
    {
      "date": "2025-06-30T00:00:00",
      "quarter_label": "2025-06 (Q2)",
      "revenue": 493200000,
      "gross_profit": null,
      "operating_income": null,
      "net_income": 84300000,
      "opex": 412700000,
      "cogs": null,
      "rd": null,
      "sga": 95700000,
      "fcf": 229400000,
      "ocf": 230800000,
      "capex": -1400000,
      "gross_margin": null,
      "op_margin": null,
      "fcf_margin": 0.4651257096512571,
      "rev_growth_yoy": -0.01419148510893464,
      "rev_growth_yoy_accel": -0.0075901648448818285,
      "fcf_margin_change": 0.047687127291208775
    },
    {
      "date": "2025-09-30T00:00:00",
      "quarter_label": "2025-09 (Q3)",
      "revenue": 528000000,
      "gross_profit": null,
      "operating_income": null,
      "net_income": 212400000,
      "opex": 409200000,
      "cogs": null,
      "rd": null,
      "sga": 100500000,
      "fcf": 275900000,
      "ocf": 277100000,
      "capex": -1200000,
      "gross_margin": null,
      "op_margin": null,
      "fcf_margin": 0.5225378787878788,
      "rev_growth_yoy": 0.022463206816421378,
      "rev_growth_yoy_accel": 0.03665469192535602,
      "op_leverage_ratio": Infinity,
      "fcf_margin_change": 0.05741216913662173
    }
  ],
  "signals": [
    {
      "quarter": "2025-09 (Q3)",
      "signal": "FCF MARGIN EXPANSION",
      "detail": "FCF margin: +46.5% -> +52.3% (+5.7%)",
      "severity": "MEDIUM"
    },
    {
      "quarter": "2024-12 (Q4)",
      "signal": "YoY REVENUE GROWTH ACCELERATION",
      "detail": "YoY growth: +4.3% vs prior quarter YoY: -1.7% (accel: +6.0%)",
      "severity": "MEDIUM"
    },
    {
      "quarter": "2024-06 (Q2)",
      "signal": "FCF MARGIN EXPANSION",
      "detail": "FCF margin: +41.6% -> +48.9% (+7.2%)",
      "severity": "MEDIUM"
    },
    {
      "quarter": "2023-09 (Q3)",
      "signal": "FCF MARGIN EXPANSION",
      "detail": "FCF margin: +17.3% -> +55.5% (+38.2%)",
      "severity": "MEDIUM"
    },
    {
      "quarter": "2023-09 (Q3)",
      "signal": "YoY REVENUE GROWTH ACCELERATION",
      "detail": "YoY growth: -9.2% vs prior quarter YoY: -15.2% (accel: +5.9%)",
      "severity": "MEDIUM"
    },
    {
      "quarter": "2023-03 (Q1)",
      "signal": "YoY REVENUE GROWTH ACCELERATION",
      "detail": "YoY growth: -14.8% vs prior quarter YoY: -22.0% (accel: +7.2%)",
      "severity": "MEDIUM"
    },
    {
      "quarter": "2022-12 (Q4)",
      "signal": "YoY REVENUE GROWTH DECELERATION",
      "detail": "YoY growth: -22.0% vs prior quarter YoY: +0.6% (decel: -22.6%)",
      "severity": "WARNING"
    },
    {
      "quarter": "2022-06 (Q2)",
      "signal": "FCF MARGIN EXPANSION",
      "detail": "FCF margin: +23.3% -> +59.4% (+36.2%)",
      "severity": "MEDIUM"
    },
    {
      "quarter": "2022-06 (Q2)",
      "signal": "YoY REVENUE GROWTH DECELERATION",
      "detail": "YoY growth: +3.0% vs prior quarter YoY: +8.6% (decel: -5.6%)",
      "severity": "WARNING"
    },
    {
      "quarter": "2022-03 (Q1)",
      "signal": "YoY REVENUE GROWTH DECELERATION",
      "detail": "YoY growth: +8.6% vs prior quarter YoY: +24.8% (decel: -16.2%)",
      "severity": "WARNING"
    },
    {
      "quarter": "2021-06 (Q2)",
      "signal": "FCF MARGIN EXPANSION",
      "detail": "FCF margin: +33.7% -> +61.5% (+27.8%)",
      "severity": "MEDIUM"
    },
    {
      "quarter": "2021-06 (Q2)",
      "signal": "OPERATING LEVERAGE",
      "detail": "Rev growth +4.9% vs OpEx growth +3.0% (leverage: 1.6x)",
      "severity": "MEDIUM"
    }
  ],
  "data_quality": {
    "n_quarters": 20,
    "coverage": {
      "revenue": [
        20,
        20
      ],
      "gross_profit": [
        0,
        20
      ],
      "op_income": [
        0,
        20
      ],
      "fcf": [
        20,
        20
      ]
    },
    "gaps": [],
    "warnings": [
      "gross_profit: no data",
      "op_income: no data"
    ]
  },
  "market_cap": null,
  "source": "SEC EDGAR",
  "last_updated": "2026-02-03T01:07:52.399601"
}