{
  "ticker": "MGTX",
  "name": "MeiraGTx Holdings plc",
  "quarters": [
    {
      "date": "2020-09-30T00:00:00",
      "quarter_label": "2020-09 (Q3)",
      "revenue": 5091832,
      "gross_profit": null,
      "operating_income": null,
      "net_income": null,
      "opex": null,
      "cogs": null,
      "rd": null,
      "sga": null,
      "fcf": null,
      "ocf": null,
      "capex": null,
      "gross_margin": null,
      "op_margin": null,
      "fcf_margin": null
    },
    {
      "date": "2020-12-31T00:00:00",
      "quarter_label": "2020-12 (Q4)",
      "revenue": 3787872,
      "gross_profit": null,
      "operating_income": -13218525,
      "net_income": -10461146,
      "opex": 17006397,
      "cogs": null,
      "rd": 4998991,
      "sga": null,
      "fcf": -37577000,
      "ocf": -29562000,
      "capex": -8015000,
      "gross_margin": null,
      "op_margin": -3.4896968535367616,
      "fcf_margin": -9.920345777259634
    },
    {
      "date": "2021-03-31T00:00:00",
      "quarter_label": "2021-03 (Q1)",
      "revenue": 4595000,
      "gross_profit": null,
      "operating_income": -22032000,
      "net_income": -23617000,
      "opex": 26627000,
      "cogs": null,
      "rd": 16709000,
      "sga": null,
      "fcf": 4584000,
      "ocf": 9086000,
      "capex": -4502000,
      "gross_margin": null,
      "op_margin": -4.794776931447225,
      "fcf_margin": 0.9976060935799782,
      "op_leverage_ratio": 0.37666662287191555,
      "fcf_margin_change": 10.917951870839612
    },
    {
      "date": "2021-06-30T00:00:00",
      "quarter_label": "2021-06 (Q2)",
      "revenue": 5116000,
      "gross_profit": null,
      "operating_income": -20483000,
      "net_income": -20086000,
      "opex": 25599000,
      "cogs": null,
      "rd": 15190000,
      "sga": null,
      "fcf": -26836000,
      "ocf": -21261000,
      "capex": -5575000,
      "gross_margin": null,
      "op_margin": -4.003713838936669,
      "fcf_margin": -5.2455043002345585,
      "op_leverage_ratio": Infinity,
      "fcf_margin_change": -6.243110393814536
    },
    {
      "date": "2021-09-30T00:00:00",
      "quarter_label": "2021-09 (Q3)",
      "revenue": 6947000,
      "gross_profit": null,
      "operating_income": -22552000,
      "net_income": -25945000,
      "opex": 29499000,
      "cogs": null,
      "rd": 21612000,
      "sga": null,
      "fcf": -29088000,
      "ocf": -17183000,
      "capex": -11905000,
      "gross_margin": null,
      "op_margin": -3.2462933640420326,
      "fcf_margin": -4.187131135742047,
      "rev_growth_yoy": 0.3643419500093483,
      "op_leverage_ratio": 2.3491794972033437,
      "fcf_margin_change": 1.0583731644925116
    },
    {
      "date": "2021-12-31T00:00:00",
      "quarter_label": "2021-12 (Q4)",
      "revenue": 21043000,
      "gross_profit": null,
      "operating_income": -8124000,
      "net_income": -9912000,
      "opex": 29167000,
      "cogs": null,
      "rd": 13616000,
      "sga": null,
      "fcf": -5541000,
      "ocf": 18828000,
      "capex": -24369000,
      "gross_margin": null,
      "op_margin": -0.3860666254811576,
      "fcf_margin": -0.26331796797034646,
      "incr_op_margin_yoy": 0.2952470129459486,
      "rev_growth_yoy": 4.555361955208624,
      "rev_growth_yoy_accel": 4.191020005199276,
      "op_leverage_ratio": Infinity,
      "fcf_margin_change": 3.9238131677717005
    },
    {
      "date": "2022-03-31T00:00:00",
      "quarter_label": "2022-03 (Q1)",
      "revenue": 5633000,
      "gross_profit": null,
      "operating_income": -28734000,
      "net_income": -31045000,
      "opex": 34367000,
      "cogs": null,
      "rd": 23099000,
      "sga": null,
      "fcf": -20758000,
      "ocf": -8298000,
      "capex": -12460000,
      "gross_margin": null,
      "op_margin": -5.101011894194923,
      "fcf_margin": -3.6850701224924554,
      "incr_op_margin_yoy": -6.456647398843931,
      "rev_growth_yoy": 0.22589771490750815,
      "rev_growth_yoy_accel": -4.329464240301116,
      "fcf_margin_change": -3.421752154522109
    },
    {
      "date": "2022-06-30T00:00:00",
      "quarter_label": "2022-06 (Q2)",
      "revenue": 10759000,
      "gross_profit": null,
      "operating_income": -23758000,
      "net_income": -33973000,
      "opex": 34517000,
      "cogs": null,
      "rd": 23999000,
      "sga": null,
      "fcf": -41807000,
      "ocf": -27807000,
      "capex": -14000000,
      "gross_margin": null,
      "op_margin": -2.2081977878985035,
      "fcf_margin": -3.885770052978901,
      "incr_op_margin_yoy": -0.5803650540492645,
      "rev_growth_yoy": 1.1030101641907741,
      "rev_growth_yoy_accel": 0.877112449283266,
      "op_leverage_ratio": 208.49191313095452,
      "fcf_margin_change": -0.20069993048644585
    },
    {
      "date": "2022-09-30T00:00:00",
      "quarter_label": "2022-09 (Q3)",
      "revenue": 4816000,
      "gross_profit": null,
      "operating_income": -22808000,
      "net_income": -37284000,
      "opex": 27624000,
      "cogs": null,
      "rd": 16862000,
      "sga": null,
      "fcf": -30737000,
      "ocf": -20726000,
      "capex": -10011000,
      "gross_margin": null,
      "op_margin": -4.735880398671096,
      "fcf_margin": -6.382267441860465,
      "incr_op_margin_yoy": 0.12013139371187236,
      "rev_growth_yoy": -0.30675111558946305,
      "rev_growth_yoy_accel": -1.4097612797802372,
      "fcf_margin_change": -2.496497388881564
    },
    {
      "date": "2022-12-31T00:00:00",
      "quarter_label": "2022-12 (Q4)",
      "revenue": -5288000,
      "gross_profit": null,
      "operating_income": -41055000,
      "net_income": -27313000,
      "opex": 35767000,
      "cogs": null,
      "rd": 21765000,
      "sga": null,
      "fcf": -24759000,
      "ocf": -16267000,
      "capex": -8492000,
      "gross_margin": null,
      "op_margin": 7.763804841149773,
      "fcf_margin": 4.6821104387291985,
      "incr_op_margin_yoy": 1.2506551213398656,
      "rev_growth_yoy": -1.2512949674476073,
      "rev_growth_yoy_accel": -0.9445438518581442,
      "fcf_margin_change": 11.064377880589664
    },
    {
      "date": "2023-03-31T00:00:00",
      "quarter_label": "2023-03 (Q1)",
      "revenue": 3334000,
      "gross_profit": null,
      "operating_income": -31760000,
      "net_income": -30364000,
      "opex": 35094000,
      "cogs": null,
      "rd": 22322000,
      "sga": null,
      "fcf": -45997000,
      "ocf": -37392000,
      "capex": -8605000,
      "gross_margin": null,
      "op_margin": -9.526094781043792,
      "fcf_margin": -13.796340731853629,
      "incr_op_margin_yoy": 1.3162244454110483,
      "rev_growth_yoy": -0.40813065861885317,
      "rev_growth_yoy_accel": 0.8431643088287541,
      "fcf_margin_change": -18.47845117058283
    },
    {
      "date": "2023-06-30T00:00:00",
      "quarter_label": "2023-06 (Q2)",
      "revenue": 3540000,
      "gross_profit": null,
      "operating_income": -28785000,
      "net_income": -29581000,
      "opex": 32325000,
      "cogs": null,
      "rd": 19937000,
      "sga": null,
      "fcf": -33987000,
      "ocf": -29012000,
      "capex": -4975000,
      "gross_margin": null,
      "op_margin": -8.13135593220339,
      "fcf_margin": -9.600847457627118,
      "incr_op_margin_yoy": 0.6963568361268874,
      "rev_growth_yoy": -0.6709731387675435,
      "rev_growth_yoy_accel": -0.2628424801486903,
      "op_leverage_ratio": Infinity,
      "fcf_margin_change": 4.195493274226511
    },
    {
      "date": "2023-09-30T00:00:00",
      "quarter_label": "2023-09 (Q3)",
      "revenue": 5103000,
      "gross_profit": null,
      "operating_income": -32762000,
      "net_income": -44297000,
      "opex": 37865000,
      "cogs": null,
      "rd": 27856000,
      "sga": null,
      "fcf": -27978000,
      "ocf": -24414000,
      "capex": -3564000,
      "gross_margin": null,
      "op_margin": -6.420145012737605,
      "fcf_margin": -5.4826572604350385,
      "rev_growth_yoy": 0.059593023255813955,
      "rev_growth_yoy_accel": 0.7305661620233574,
      "op_leverage_ratio": 2.576229119500703,
      "fcf_margin_change": 4.11819019719208
    },
    {
      "date": "2023-12-31T00:00:00",
      "quarter_label": "2023-12 (Q4)",
      "revenue": 2040000,
      "gross_profit": null,
      "operating_income": -43754000,
      "net_income": 20215000,
      "opex": 45794000,
      "cogs": null,
      "rd": 33670000,
      "sga": null,
      "fcf": -17577000,
      "ocf": -14547000,
      "capex": -3030000,
      "gross_margin": null,
      "op_margin": -21.448039215686276,
      "fcf_margin": -8.616176470588234,
      "incr_op_margin_yoy": -0.36831331877729256,
      "fcf_margin_change": -3.133519210153196
    },
    {
      "date": "2024-03-31T00:00:00",
      "quarter_label": "2024-03 (Q1)",
      "revenue": 697000,
      "gross_profit": null,
      "operating_income": -46772000,
      "net_income": -20442000,
      "opex": 47469000,
      "cogs": null,
      "rd": 34322000,
      "sga": null,
      "fcf": -38419000,
      "ocf": -36741000,
      "capex": -1678000,
      "gross_margin": null,
      "op_margin": -67.10473457675754,
      "fcf_margin": -55.12051649928264,
      "incr_op_margin_yoy": 5.69283276450512,
      "rev_growth_yoy": -0.7909418116376725,
      "fcf_margin_change": -46.5043400286944
    },
    {
      "date": "2024-06-30T00:00:00",
      "quarter_label": "2024-06 (Q2)",
      "revenue": 282000,
      "gross_profit": null,
      "operating_income": -45909000,
      "net_income": -48620000,
      "opex": 46191000,
      "cogs": null,
      "rd": 34934000,
      "sga": null,
      "fcf": -20785000,
      "ocf": -19456000,
      "capex": -1329000,
      "gross_margin": null,
      "op_margin": -162.79787234042553,
      "fcf_margin": -73.70567375886525,
      "incr_op_margin_yoy": 5.2559852670349905,
      "rev_growth_yoy": -0.9203389830508475,
      "rev_growth_yoy_accel": -0.12939717141317497,
      "fcf_margin_change": -18.58515725958261
    },
    {
      "date": "2024-09-30T00:00:00",
      "quarter_label": "2024-09 (Q3)",
      "revenue": 10910000,
      "gross_profit": null,
      "operating_income": -40041000,
      "net_income": -39330000,
      "opex": 50951000,
      "cogs": null,
      "rd": 26243000,
      "sga": null,
      "fcf": -25752000,
      "ocf": -25022000,
      "capex": -730000,
      "gross_margin": null,
      "op_margin": -3.6701191567369387,
      "fcf_margin": -2.360403299725023,
      "incr_op_margin_yoy": -1.2534871706561046,
      "rev_growth_yoy": 1.13795806388399,
      "rev_growth_yoy_accel": 2.0582970469348374,
      "op_leverage_ratio": 365.7234847130341,
      "fcf_margin_change": 71.34527045914022
    },
    {
      "date": "2024-12-31T00:00:00",
      "quarter_label": "2024-12 (Q4)",
      "revenue": 21390000,
      "gross_profit": null,
      "operating_income": -31490000,
      "net_income": -39399000,
      "opex": 52880000,
      "cogs": null,
      "rd": 23985000,
      "sga": null,
      "fcf": -24494000,
      "ocf": -23276000,
      "capex": -1218000,
      "gross_margin": null,
      "op_margin": -1.4721832632071061,
      "fcf_margin": -1.1451145395044413,
      "incr_op_margin_yoy": 0.6337984496124031,
      "rev_growth_yoy": 9.485294117647058,
      "rev_growth_yoy_accel": 8.347336053763069,
      "op_leverage_ratio": 25.372135180198608,
      "fcf_margin_change": 1.2152887602205815
    },
    {
      "date": "2025-06-30T00:00:00",
      "quarter_label": "2025-06 (Q2)",
      "revenue": 3691000,
      "gross_profit": null,
      "operating_income": -44793000,
      "net_income": -38795000,
      "opex": 48484000,
      "cogs": null,
      "rd": 33495000,
      "sga": null,
      "fcf": -45181000,
      "ocf": -43947000,
      "capex": -1234000,
      "gross_margin": null,
      "op_margin": -12.135735573015443,
      "fcf_margin": -12.240856136548361,
      "incr_op_margin_yoy": 0.3273687298327955,
      "rev_growth_yoy": 12.088652482269504,
      "rev_growth_yoy_accel": 2.603358364622446,
      "fcf_margin_change": -11.09574159704392
    },
    {
      "date": "2025-09-30T00:00:00",
      "quarter_label": "2025-09 (Q3)",
      "revenue": 410000,
      "gross_profit": null,
      "operating_income": -46051000,
      "net_income": -50513000,
      "opex": 46461000,
      "cogs": null,
      "rd": 32532000,
      "sga": null,
      "fcf": -12825000,
      "ocf": -12215000,
      "capex": -610000,
      "gross_margin": null,
      "op_margin": -112.31951219512194,
      "fcf_margin": -31.28048780487805,
      "incr_op_margin_yoy": 0.5723809523809524,
      "rev_growth_yoy": -0.9624197983501375,
      "rev_growth_yoy_accel": -13.05107228061964,
      "fcf_margin_change": -19.03963166832969
    }
  ],
  "signals": [
    {
      "quarter": "2025-09 (Q3)",
      "signal": "YoY REVENUE GROWTH DECELERATION",
      "detail": "YoY growth: -96.2% vs prior quarter YoY: +1208.9% (decel: -1305.1%)",
      "severity": "WARNING"
    },
    {
      "quarter": "2025-06 (Q2)",
      "signal": "YoY REVENUE GROWTH ACCELERATION",
      "detail": "YoY growth: +1208.9% vs prior quarter YoY: +948.5% (accel: +260.3%)",
      "severity": "HIGH"
    },
    {
      "quarter": "2024-12 (Q4)",
      "signal": "FCF MARGIN EXPANSION",
      "detail": "FCF margin: -236.0% -> -114.5% (+121.5%)",
      "severity": "MEDIUM"
    },
    {
      "quarter": "2024-12 (Q4)",
      "signal": "OPERATING LEVERAGE",
      "detail": "Rev growth +96.1% vs OpEx growth +3.8% (leverage: 25.4x)",
      "severity": "MEDIUM"
    },
    {
      "quarter": "2024-12 (Q4)",
      "signal": "YoY REVENUE GROWTH ACCELERATION",
      "detail": "YoY growth: +948.5% vs prior quarter YoY: +113.8% (accel: +834.7%)",
      "severity": "HIGH"
    },
    {
      "quarter": "2024-09 (Q3)",
      "signal": "FCF MARGIN EXPANSION",
      "detail": "FCF margin: -7370.6% -> -236.0% (+7134.5%)",
      "severity": "MEDIUM"
    },
    {
      "quarter": "2024-09 (Q3)",
      "signal": "OPERATING LEVERAGE",
      "detail": "Rev growth +3768.8% vs OpEx growth +10.3% (leverage: 365.7x)",
      "severity": "MEDIUM"
    },
    {
      "quarter": "2024-09 (Q3)",
      "signal": "YoY REVENUE GROWTH ACCELERATION",
      "detail": "YoY growth: +113.8% vs prior quarter YoY: -92.0% (accel: +205.8%)",
      "severity": "HIGH"
    },
    {
      "quarter": "2024-06 (Q2)",
      "signal": "YoY REVENUE GROWTH DECELERATION",
      "detail": "YoY growth: -92.0% vs prior quarter YoY: -79.1% (decel: -12.9%)",
      "severity": "WARNING"
    },
    {
      "quarter": "2023-09 (Q3)",
      "signal": "FCF MARGIN EXPANSION",
      "detail": "FCF margin: -960.1% -> -548.3% (+411.8%)",
      "severity": "MEDIUM"
    },
    {
      "quarter": "2023-09 (Q3)",
      "signal": "OPERATING LEVERAGE",
      "detail": "Rev growth +44.2% vs OpEx growth +17.1% (leverage: 2.6x)",
      "severity": "MEDIUM"
    },
    {
      "quarter": "2023-09 (Q3)",
      "signal": "YoY REVENUE GROWTH ACCELERATION",
      "detail": "YoY growth: +6.0% vs prior quarter YoY: -67.1% (accel: +73.1%)",
      "severity": "HIGH"
    },
    {
      "quarter": "2023-06 (Q2)",
      "signal": "FCF MARGIN EXPANSION",
      "detail": "FCF margin: -1379.6% -> -960.1% (+419.5%)",
      "severity": "MEDIUM"
    },
    {
      "quarter": "2023-06 (Q2)",
      "signal": "YoY REVENUE GROWTH DECELERATION",
      "detail": "YoY growth: -67.1% vs prior quarter YoY: -40.8% (decel: -26.3%)",
      "severity": "WARNING"
    },
    {
      "quarter": "2023-03 (Q1)",
      "signal": "YoY REVENUE GROWTH ACCELERATION",
      "detail": "YoY growth: -40.8% vs prior quarter YoY: -125.1% (accel: +84.3%)",
      "severity": "HIGH"
    },
    {
      "quarter": "2022-12 (Q4)",
      "signal": "FCF TURNED POSITIVE",
      "detail": "FCF margin: -638.2% -> +468.2%",
      "severity": "HIGH"
    },
    {
      "quarter": "2022-12 (Q4)",
      "signal": "YoY REVENUE GROWTH DECELERATION",
      "detail": "YoY growth: -125.1% vs prior quarter YoY: -30.7% (decel: -94.5%)",
      "severity": "WARNING"
    },
    {
      "quarter": "2022-12 (Q4)",
      "signal": "OP MARGIN TURNED POSITIVE (YoY)",
      "detail": "Op margin: -38.6% (year-ago) -> +776.4%",
      "severity": "HIGH"
    },
    {
      "quarter": "2022-12 (Q4)",
      "signal": "OP MARGIN TURNED POSITIVE (QoQ)",
      "detail": "Op margin: -473.6% -> +776.4%",
      "severity": "HIGH"
    },
    {
      "quarter": "2022-09 (Q3)",
      "signal": "YoY REVENUE GROWTH DECELERATION",
      "detail": "YoY growth: -30.7% vs prior quarter YoY: +110.3% (decel: -141.0%)",
      "severity": "WARNING"
    },
    {
      "quarter": "2022-06 (Q2)",
      "signal": "OPERATING LEVERAGE",
      "detail": "Rev growth +91.0% vs OpEx growth +0.4% (leverage: 208.5x)",
      "severity": "MEDIUM"
    },
    {
      "quarter": "2022-06 (Q2)",
      "signal": "YoY REVENUE GROWTH ACCELERATION",
      "detail": "YoY growth: +110.3% vs prior quarter YoY: +22.6% (accel: +87.7%)",
      "severity": "HIGH"
    },
    {
      "quarter": "2022-03 (Q1)",
      "signal": "YoY REVENUE GROWTH DECELERATION",
      "detail": "YoY growth: +22.6% vs prior quarter YoY: +455.5% (decel: -432.9%)",
      "severity": "WARNING"
    },
    {
      "quarter": "2021-12 (Q4)",
      "signal": "FCF MARGIN EXPANSION",
      "detail": "FCF margin: -418.7% -> -26.3% (+392.4%)",
      "severity": "MEDIUM"
    },
    {
      "quarter": "2021-12 (Q4)",
      "signal": "YoY REVENUE GROWTH ACCELERATION",
      "detail": "YoY growth: +455.5% vs prior quarter YoY: +36.4% (accel: +419.1%)",
      "severity": "HIGH"
    },
    {
      "quarter": "2021-09 (Q3)",
      "signal": "FCF MARGIN EXPANSION",
      "detail": "FCF margin: -524.6% -> -418.7% (+105.8%)",
      "severity": "MEDIUM"
    },
    {
      "quarter": "2021-09 (Q3)",
      "signal": "OPERATING LEVERAGE",
      "detail": "Rev growth +35.8% vs OpEx growth +15.2% (leverage: 2.3x)",
      "severity": "MEDIUM"
    },
    {
      "quarter": "2021-03 (Q1)",
      "signal": "FCF TURNED POSITIVE",
      "detail": "FCF margin: -992.0% -> +99.8%",
      "severity": "HIGH"
    }
  ],
  "data_quality": {
    "n_quarters": 20,
    "coverage": {
      "revenue": [
        20,
        20
      ],
      "gross_profit": [
        0,
        20
      ],
      "op_income": [
        19,
        20
      ],
      "fcf": [
        19,
        20
      ]
    },
    "gaps": [
      [
        "2024-12 (Q4)",
        "2025-06 (Q2)",
        181
      ]
    ],
    "warnings": [
      "gross_profit: no data",
      "gap: 1Q missing between 2024-12 (Q4) and 2025-06 (Q2)"
    ]
  },
  "market_cap": null,
  "source": "SEC EDGAR",
  "last_updated": "2026-02-02T22:15:53.058541",
  "sector": "Healthcare",
  "industry": "Biotechnology"
}