{
  "ticker": "MGX",
  "name": "Metagenomi, Inc.",
  "quarters": [
    {
      "date": "2023-03-31T00:00:00",
      "quarter_label": "2023-03 (Q1)",
      "revenue": 8657000,
      "gross_profit": null,
      "operating_income": -17938000,
      "net_income": -16133000,
      "opex": 26595000,
      "cogs": null,
      "rd": 20130000,
      "sga": null,
      "fcf": -23663000,
      "ocf": -20995000,
      "capex": -2668000,
      "gross_margin": null,
      "op_margin": -2.0720803973662933,
      "fcf_margin": -2.7333949405105695
    },
    {
      "date": "2023-06-30T00:00:00",
      "quarter_label": "2023-06 (Q2)",
      "revenue": 11337000,
      "gross_profit": null,
      "operating_income": -17963000,
      "net_income": -13008000,
      "opex": 29300000,
      "cogs": null,
      "rd": 22681000,
      "sga": null,
      "fcf": -29242000,
      "ocf": -26092000,
      "capex": -3150000,
      "gross_margin": null,
      "op_margin": -1.5844579694804621,
      "fcf_margin": -2.579341977595484,
      "op_leverage_ratio": 3.043687787409118,
      "fcf_margin_change": 0.15405296291508552
    },
    {
      "date": "2023-09-30T00:00:00",
      "quarter_label": "2023-09 (Q3)",
      "revenue": 12363000,
      "gross_profit": null,
      "operating_income": -22395000,
      "net_income": -19820000,
      "opex": 34758000,
      "cogs": null,
      "rd": 26837000,
      "sga": null,
      "fcf": -25989000,
      "ocf": -23730000,
      "capex": -2259000,
      "gross_margin": null,
      "op_margin": -1.811453530696433,
      "fcf_margin": -2.102159669983014,
      "op_leverage_ratio": 0.48582885245272156,
      "fcf_margin_change": 0.47718230761247016
    },
    {
      "date": "2023-12-31T00:00:00",
      "quarter_label": "2023-12 (Q4)",
      "revenue": 12399000,
      "gross_profit": null,
      "operating_income": -20196000,
      "net_income": -19294000,
      "opex": 32595000,
      "cogs": null,
      "rd": 24755000,
      "sga": null,
      "fcf": -22329000,
      "ocf": -20592000,
      "capex": -1737000,
      "gross_margin": null,
      "op_margin": -1.6288410355673846,
      "fcf_margin": -1.8008710379869344,
      "fcf_margin_change": 0.30128863199607947
    },
    {
      "date": "2024-03-31T00:00:00",
      "quarter_label": "2024-03 (Q1)",
      "revenue": 11159000,
      "gross_profit": null,
      "operating_income": -29032000,
      "net_income": -25148000,
      "opex": 40191000,
      "cogs": null,
      "rd": 31439000,
      "sga": null,
      "fcf": -30765000,
      "ocf": -29850000,
      "capex": -915000,
      "gross_margin": null,
      "op_margin": -2.601666816022941,
      "fcf_margin": -2.7569674702034233,
      "incr_op_margin_yoy": -4.434052757793765,
      "rev_growth_yoy": 0.28901467020907934,
      "fcf_margin_change": -0.9560964322164889
    },
    {
      "date": "2024-06-30T00:00:00",
      "quarter_label": "2024-06 (Q2)",
      "revenue": 20008000,
      "gross_profit": null,
      "operating_income": -16863000,
      "net_income": -10739000,
      "opex": 36871000,
      "cogs": null,
      "rd": 28320000,
      "sga": null,
      "fcf": -26974000,
      "ocf": -26309000,
      "capex": -665000,
      "gross_margin": null,
      "op_margin": -0.84281287485006,
      "fcf_margin": -1.3481607357057177,
      "incr_op_margin_yoy": 0.12685964709952716,
      "rev_growth_yoy": 0.7648407868042693,
      "rev_growth_yoy_accel": 0.4758261165951899,
      "op_leverage_ratio": Infinity,
      "fcf_margin_change": 1.4088067344977055
    },
    {
      "date": "2024-09-30T00:00:00",
      "quarter_label": "2024-09 (Q3)",
      "revenue": 11514000,
      "gross_profit": null,
      "operating_income": -22383000,
      "net_income": -18773000,
      "opex": 33897000,
      "cogs": null,
      "rd": 26256000,
      "sga": null,
      "fcf": -27838000,
      "ocf": -26638000,
      "capex": -1200000,
      "gross_margin": null,
      "op_margin": -1.943981240229286,
      "fcf_margin": -2.417752301545944,
      "rev_growth_yoy": -0.06867265226886678,
      "rev_growth_yoy_accel": -0.833513439073136,
      "fcf_margin_change": -1.0695915658402262
    },
    {
      "date": "2024-12-31T00:00:00",
      "quarter_label": "2024-12 (Q4)",
      "revenue": 9614000,
      "gross_profit": null,
      "operating_income": -20623000,
      "net_income": -23398000,
      "opex": 30237000,
      "cogs": null,
      "rd": 23164000,
      "sga": null,
      "fcf": -26610000,
      "ocf": -26276000,
      "capex": -334000,
      "gross_margin": null,
      "op_margin": -2.145100894528812,
      "fcf_margin": -2.7678385687539007,
      "incr_op_margin_yoy": 0.1533213644524237,
      "rev_growth_yoy": -0.22461488829744333,
      "rev_growth_yoy_accel": -0.15594223602857654,
      "fcf_margin_change": -0.35008626720795677
    },
    {
      "date": "2025-03-31T00:00:00",
      "quarter_label": "2025-03 (Q1)",
      "revenue": 4127000,
      "gross_profit": null,
      "operating_income": -27820000,
      "net_income": -25039000,
      "opex": 31947000,
      "cogs": null,
      "rd": 25142000,
      "sga": null,
      "fcf": -23130000,
      "ocf": -22842000,
      "capex": -288000,
      "gross_margin": null,
      "op_margin": -6.740974073176641,
      "fcf_margin": -5.604555367094742,
      "incr_op_margin_yoy": -0.17235494880546076,
      "rev_growth_yoy": -0.6301639931893539,
      "rev_growth_yoy_accel": -0.40554910489191054,
      "fcf_margin_change": -2.836716798340841
    },
    {
      "date": "2025-06-30T00:00:00",
      "quarter_label": "2025-06 (Q2)",
      "revenue": 8513000,
      "gross_profit": null,
      "operating_income": -20987000,
      "net_income": -19908000,
      "opex": 29500000,
      "cogs": null,
      "rd": 22507000,
      "sga": null,
      "fcf": -21378000,
      "ocf": -21251000,
      "capex": -127000,
      "gross_margin": null,
      "op_margin": -2.4652883824738634,
      "fcf_margin": -2.5112181369669915,
      "incr_op_margin_yoy": 0.3587646802957808,
      "rev_growth_yoy": -0.5745201919232307,
      "rev_growth_yoy_accel": 0.05564380126612323,
      "op_leverage_ratio": Infinity,
      "fcf_margin_change": 3.09333723012775
    },
    {
      "date": "2025-09-30T00:00:00",
      "quarter_label": "2025-09 (Q3)",
      "revenue": 8659000,
      "gross_profit": null,
      "operating_income": -22839000,
      "net_income": -20393000,
      "opex": 31498000,
      "cogs": null,
      "rd": 25283000,
      "sga": null,
      "fcf": -21327000,
      "ocf": -21253000,
      "capex": -74000,
      "gross_margin": null,
      "op_margin": -2.637602494514378,
      "fcf_margin": -2.4629864880471186,
      "incr_op_margin_yoy": 0.15971978984238178,
      "rev_growth_yoy": -0.24795900642695848,
      "rev_growth_yoy_accel": 0.3265611854962722,
      "op_leverage_ratio": 0.25321927119178383,
      "fcf_margin_change": 0.04823164891987286
    }
  ],
  "signals": [
    {
      "quarter": "2025-09 (Q3)",
      "signal": "YoY REVENUE GROWTH ACCELERATION",
      "detail": "YoY growth: -24.8% vs prior quarter YoY: -57.5% (accel: +32.7%)",
      "severity": "HIGH"
    },
    {
      "quarter": "2025-06 (Q2)",
      "signal": "FCF MARGIN EXPANSION",
      "detail": "FCF margin: -560.5% -> -251.1% (+309.3%)",
      "severity": "MEDIUM"
    },
    {
      "quarter": "2025-06 (Q2)",
      "signal": "YoY REVENUE GROWTH ACCELERATION",
      "detail": "YoY growth: -57.5% vs prior quarter YoY: -63.0% (accel: +5.6%)",
      "severity": "MEDIUM"
    },
    {
      "quarter": "2025-03 (Q1)",
      "signal": "YoY REVENUE GROWTH DECELERATION",
      "detail": "YoY growth: -63.0% vs prior quarter YoY: -22.5% (decel: -40.6%)",
      "severity": "WARNING"
    },
    {
      "quarter": "2024-12 (Q4)",
      "signal": "YoY REVENUE GROWTH DECELERATION",
      "detail": "YoY growth: -22.5% vs prior quarter YoY: -6.9% (decel: -15.6%)",
      "severity": "WARNING"
    },
    {
      "quarter": "2024-09 (Q3)",
      "signal": "YoY REVENUE GROWTH DECELERATION",
      "detail": "YoY growth: -6.9% vs prior quarter YoY: +76.5% (decel: -83.4%)",
      "severity": "WARNING"
    },
    {
      "quarter": "2024-06 (Q2)",
      "signal": "FCF MARGIN EXPANSION",
      "detail": "FCF margin: -275.7% -> -134.8% (+140.9%)",
      "severity": "MEDIUM"
    },
    {
      "quarter": "2024-06 (Q2)",
      "signal": "YoY REVENUE GROWTH ACCELERATION",
      "detail": "YoY growth: +76.5% vs prior quarter YoY: +28.9% (accel: +47.6%)",
      "severity": "HIGH"
    },
    {
      "quarter": "2023-12 (Q4)",
      "signal": "FCF MARGIN EXPANSION",
      "detail": "FCF margin: -210.2% -> -180.1% (+30.1%)",
      "severity": "MEDIUM"
    },
    {
      "quarter": "2023-09 (Q3)",
      "signal": "FCF MARGIN EXPANSION",
      "detail": "FCF margin: -257.9% -> -210.2% (+47.7%)",
      "severity": "MEDIUM"
    },
    {
      "quarter": "2023-06 (Q2)",
      "signal": "FCF MARGIN EXPANSION",
      "detail": "FCF margin: -273.3% -> -257.9% (+15.4%)",
      "severity": "MEDIUM"
    },
    {
      "quarter": "2023-06 (Q2)",
      "signal": "OPERATING LEVERAGE",
      "detail": "Rev growth +31.0% vs OpEx growth +10.2% (leverage: 3.0x)",
      "severity": "MEDIUM"
    }
  ],
  "data_quality": {
    "n_quarters": 11,
    "coverage": {
      "revenue": [
        11,
        11
      ],
      "gross_profit": [
        0,
        11
      ],
      "op_income": [
        11,
        11
      ],
      "fcf": [
        11,
        11
      ]
    },
    "gaps": [],
    "warnings": [
      "gross_profit: no data"
    ]
  },
  "market_cap": null,
  "source": "SEC EDGAR",
  "last_updated": "2026-02-02T23:34:05.903382"
}