{
  "ticker": "MGY",
  "name": "Magnolia Oil & Gas Corp",
  "quarters": [
    {
      "date": "2020-12-31T00:00:00",
      "quarter_label": "2020-12 (Q4)",
      "revenue": 149235000,
      "gross_profit": null,
      "operating_income": 42665000,
      "net_income": 27745000,
      "opex": null,
      "cogs": null,
      "rd": null,
      "sga": null,
      "fcf": 79122000,
      "ocf": 79122000,
      "capex": null,
      "gross_margin": null,
      "op_margin": 0.2858913793681107,
      "fcf_margin": 0.5301839380842296
    },
    {
      "date": "2021-03-31T00:00:00",
      "quarter_label": "2021-03 (Q1)",
      "revenue": 207663000,
      "gross_profit": null,
      "operating_income": 99896000,
      "net_income": 63244000,
      "opex": null,
      "cogs": null,
      "rd": null,
      "sga": null,
      "fcf": 118153000,
      "ocf": 118153000,
      "capex": null,
      "gross_margin": null,
      "op_margin": 0.48104862204629617,
      "fcf_margin": 0.5689651021125574,
      "fcf_margin_change": 0.038781164028327764
    },
    {
      "date": "2021-06-30T00:00:00",
      "quarter_label": "2021-06 (Q2)",
      "revenue": 250726000,
      "gross_profit": null,
      "operating_income": 129191000,
      "net_income": 84445000,
      "opex": null,
      "cogs": null,
      "rd": null,
      "sga": null,
      "fcf": 187878000,
      "ocf": 187878000,
      "capex": null,
      "gross_margin": null,
      "op_margin": 0.5152676627074975,
      "fcf_margin": 0.7493359284637413,
      "fcf_margin_change": 0.18037082635118395
    },
    {
      "date": "2021-09-30T00:00:00",
      "quarter_label": "2021-09 (Q3)",
      "revenue": 283579000,
      "gross_profit": null,
      "operating_income": 171493000,
      "net_income": 119364000,
      "opex": null,
      "cogs": null,
      "rd": null,
      "sga": null,
      "fcf": 221904000,
      "ocf": 221904000,
      "capex": null,
      "gross_margin": null,
      "op_margin": 0.60474506222252,
      "fcf_margin": 0.7825121042108195,
      "fcf_margin_change": 0.03317617574707821
    },
    {
      "date": "2021-12-31T00:00:00",
      "quarter_label": "2021-12 (Q4)",
      "revenue": 336383000,
      "gross_profit": null,
      "operating_income": 202014000,
      "net_income": 150229000,
      "opex": null,
      "cogs": null,
      "rd": null,
      "sga": null,
      "fcf": 260542000,
      "ocf": 260542000,
      "capex": null,
      "gross_margin": null,
      "op_margin": 0.6005475900981917,
      "fcf_margin": 0.7745397359557409,
      "incr_op_margin_yoy": 0.8514598072114049,
      "rev_growth_yoy": 1.2540489831473849,
      "fcf_margin_change": -0.007972368255078632
    },
    {
      "date": "2022-03-31T00:00:00",
      "quarter_label": "2022-03 (Q1)",
      "revenue": 377839000,
      "gross_profit": null,
      "operating_income": 235870000,
      "net_income": 166039000,
      "opex": null,
      "cogs": null,
      "rd": null,
      "sga": null,
      "fcf": 238869000,
      "ocf": 238869000,
      "capex": null,
      "gross_margin": null,
      "op_margin": 0.6242605977678324,
      "fcf_margin": 0.6321978408793163,
      "incr_op_margin_yoy": 0.7990198382850696,
      "rev_growth_yoy": 0.8194815638799401,
      "rev_growth_yoy_accel": -0.4345674192674448,
      "fcf_margin_change": -0.14234189507642458
    },
    {
      "date": "2022-06-30T00:00:00",
      "quarter_label": "2022-06 (Q2)",
      "revenue": 484649000,
      "gross_profit": null,
      "operating_income": 328259000,
      "net_income": 250583000,
      "opex": null,
      "cogs": null,
      "rd": null,
      "sga": null,
      "fcf": 379135000,
      "ocf": 379135000,
      "capex": null,
      "gross_margin": null,
      "op_margin": 0.6773128594095933,
      "fcf_margin": 0.7822878000367276,
      "incr_op_margin_yoy": 0.8509979779671089,
      "rev_growth_yoy": 0.9329826184759459,
      "rev_growth_yoy_accel": 0.11350105459600579,
      "fcf_margin_change": 0.1500899591574113
    },
    {
      "date": "2022-09-30T00:00:00",
      "quarter_label": "2022-09 (Q3)",
      "revenue": 482963000,
      "gross_profit": null,
      "operating_income": 311750000,
      "net_income": 245477000,
      "opex": null,
      "cogs": null,
      "rd": null,
      "sga": null,
      "fcf": 410681000,
      "ocf": 410681000,
      "capex": null,
      "gross_margin": null,
      "op_margin": 0.6454945824007222,
      "fcf_margin": 0.8503363611705245,
      "incr_op_margin_yoy": 0.7034516310235526,
      "rev_growth_yoy": 0.7030986074427232,
      "rev_growth_yoy_accel": -0.22988401103322265,
      "fcf_margin_change": 0.06804856113379687
    },
    {
      "date": "2022-12-31T00:00:00",
      "quarter_label": "2022-12 (Q4)",
      "revenue": 349042000,
      "gross_profit": null,
      "operating_income": 197907000,
      "net_income": 231738000,
      "opex": null,
      "cogs": null,
      "rd": null,
      "sga": null,
      "fcf": 268002000,
      "ocf": 268002000,
      "capex": null,
      "gross_margin": null,
      "op_margin": 0.5670005328871597,
      "fcf_margin": 0.7678216375106721,
      "incr_op_margin_yoy": -0.32443320957421595,
      "rev_growth_yoy": 0.037632698441954555,
      "rev_growth_yoy_accel": -0.6654659090007686,
      "fcf_margin_change": -0.08251472365985235
    },
    {
      "date": "2023-03-31T00:00:00",
      "quarter_label": "2023-03 (Q1)",
      "revenue": 308382000,
      "gross_profit": null,
      "operating_income": 126933000,
      "net_income": 96335000,
      "opex": null,
      "cogs": null,
      "rd": null,
      "sga": null,
      "fcf": 219823000,
      "ocf": 219823000,
      "capex": null,
      "gross_margin": null,
      "op_margin": 0.4116096270210324,
      "fcf_margin": 0.7128269483951722,
      "incr_op_margin_yoy": 1.5684092316109248,
      "rev_growth_yoy": -0.18382697392275546,
      "rev_growth_yoy_accel": -0.22145967236471,
      "fcf_margin_change": -0.05499468911549987
    },
    {
      "date": "2023-06-30T00:00:00",
      "quarter_label": "2023-06 (Q2)",
      "revenue": 280291000,
      "gross_profit": null,
      "operating_income": 121333000,
      "net_income": 91492000,
      "opex": null,
      "cogs": null,
      "rd": null,
      "sga": null,
      "fcf": 201773000,
      "ocf": 201773000,
      "capex": null,
      "gross_margin": null,
      "op_margin": 0.4328822545140586,
      "fcf_margin": 0.7198697068403909,
      "incr_op_margin_yoy": 1.0125661828751504,
      "rev_growth_yoy": -0.4216618625025534,
      "rev_growth_yoy_accel": -0.23783488857979793,
      "fcf_margin_change": 0.007042758445218622
    },
    {
      "date": "2023-09-30T00:00:00",
      "quarter_label": "2023-09 (Q3)",
      "revenue": 315678000,
      "gross_profit": null,
      "operating_income": 148133000,
      "net_income": 102030000,
      "opex": null,
      "cogs": null,
      "rd": null,
      "sga": null,
      "fcf": 187311000,
      "ocf": 187311000,
      "capex": null,
      "gross_margin": null,
      "op_margin": 0.46925347981170684,
      "fcf_margin": 0.5933609564176154,
      "incr_op_margin_yoy": 0.9780733478793675,
      "rev_growth_yoy": -0.34637228938862813,
      "rev_growth_yoy_accel": 0.07528957311392526,
      "fcf_margin_change": -0.12650875042277543
    },
    {
      "date": "2023-12-31T00:00:00",
      "quarter_label": "2023-12 (Q4)",
      "revenue": 322628000,
      "gross_profit": null,
      "operating_income": 138088000,
      "net_income": 98445000,
      "opex": null,
      "cogs": null,
      "rd": null,
      "sga": null,
      "fcf": 246882000,
      "ocf": 246882000,
      "capex": null,
      "gross_margin": null,
      "op_margin": 0.4280099681366775,
      "fcf_margin": 0.7652218654301548,
      "incr_op_margin_yoy": 2.2646702506246688,
      "rev_growth_yoy": -0.07567570664848357,
      "rev_growth_yoy_accel": 0.2706965827401446,
      "fcf_margin_change": 0.17186090901253936
    },
    {
      "date": "2024-03-31T00:00:00",
      "quarter_label": "2024-03 (Q1)",
      "revenue": 319417000,
      "gross_profit": null,
      "operating_income": 124558000,
      "net_income": 85086000,
      "opex": null,
      "cogs": null,
      "rd": null,
      "sga": null,
      "fcf": 210932000,
      "ocf": 210932000,
      "capex": null,
      "gross_margin": null,
      "op_margin": 0.3899541978041244,
      "fcf_margin": 0.6603656035840296,
      "incr_op_margin_yoy": -0.2152242863615768,
      "rev_growth_yoy": 0.035783541192417195,
      "rev_growth_yoy_accel": 0.11145924784090076,
      "fcf_margin_change": -0.10485626184612518
    },
    {
      "date": "2024-06-30T00:00:00",
      "quarter_label": "2024-06 (Q2)",
      "revenue": 336725000,
      "gross_profit": null,
      "operating_income": 134351000,
      "net_income": 95559000,
      "opex": null,
      "cogs": null,
      "rd": null,
      "sga": null,
      "fcf": 269397000,
      "ocf": 269397000,
      "capex": null,
      "gross_margin": null,
      "op_margin": 0.3989932437448957,
      "fcf_margin": 0.8000504863018784,
      "incr_op_margin_yoy": 0.2306765425098345,
      "rev_growth_yoy": 0.2013407494354082,
      "rev_growth_yoy_accel": 0.165557208242991,
      "fcf_margin_change": 0.13968488271784874
    },
    {
      "date": "2024-09-30T00:00:00",
      "quarter_label": "2024-09 (Q3)",
      "revenue": 333135000,
      "gross_profit": null,
      "operating_income": 129012000,
      "net_income": 99784000,
      "opex": null,
      "cogs": null,
      "rd": null,
      "sga": null,
      "fcf": 217894000,
      "ocf": 217894000,
      "capex": null,
      "gross_margin": null,
      "op_margin": 0.3872664235219956,
      "fcf_margin": 0.6540711723475467,
      "incr_op_margin_yoy": -1.0953199289683222,
      "rev_growth_yoy": 0.05530002090738031,
      "rev_growth_yoy_accel": -0.14604072852802788,
      "fcf_margin_change": -0.1459793139543316
    },
    {
      "date": "2024-12-31T00:00:00",
      "quarter_label": "2024-12 (Q4)",
      "revenue": 326609000,
      "gross_profit": null,
      "operating_income": 124067000,
      "net_income": 85598000,
      "opex": null,
      "cogs": null,
      "rd": null,
      "sga": null,
      "fcf": 222627000,
      "ocf": 222627000,
      "capex": null,
      "gross_margin": null,
      "op_margin": 0.37986399639936436,
      "fcf_margin": 0.6816315533252298,
      "incr_op_margin_yoy": -3.521979402160261,
      "rev_growth_yoy": 0.012339288592434631,
      "rev_growth_yoy_accel": -0.042960732314945675,
      "fcf_margin_change": 0.027560380977683097
    },
    {
      "date": "2025-03-31T00:00:00",
      "quarter_label": "2025-03 (Q1)",
      "revenue": 350300000,
      "gross_profit": null,
      "operating_income": 135822000,
      "net_income": 102927000,
      "opex": null,
      "cogs": null,
      "rd": null,
      "sga": null,
      "fcf": 224490000,
      "ocf": 224490000,
      "capex": null,
      "gross_margin": null,
      "op_margin": 0.38773051669997144,
      "fcf_margin": 0.6408506994005139,
      "incr_op_margin_yoy": 0.36473140562769163,
      "rev_growth_yoy": 0.09668552393892624,
      "rev_growth_yoy_accel": 0.0843462353464916,
      "fcf_margin_change": -0.040780853924715976
    },
    {
      "date": "2025-06-30T00:00:00",
      "quarter_label": "2025-06 (Q2)",
      "revenue": 318981000,
      "gross_profit": null,
      "operating_income": 107814000,
      "net_income": 78117000,
      "opex": null,
      "cogs": null,
      "rd": null,
      "sga": null,
      "fcf": 198698000,
      "ocf": 198698000,
      "capex": null,
      "gross_margin": null,
      "op_margin": 0.337995052996887,
      "fcf_margin": 0.6229148444578204,
      "incr_op_margin_yoy": 1.4955477908025248,
      "rev_growth_yoy": -0.052695820031182714,
      "rev_growth_yoy_accel": -0.14938134397010894,
      "fcf_margin_change": -0.017935854942693452
    },
    {
      "date": "2025-09-30T00:00:00",
      "quarter_label": "2025-09 (Q3)",
      "revenue": 324935000,
      "gross_profit": null,
      "operating_income": 101464000,
      "net_income": 75456000,
      "opex": null,
      "cogs": null,
      "rd": null,
      "sga": null,
      "fcf": 247055000,
      "ocf": 247055000,
      "capex": null,
      "gross_margin": null,
      "op_margin": 0.31225937495191347,
      "fcf_margin": 0.7603212950282364,
      "incr_op_margin_yoy": 3.359512195121951,
      "rev_growth_yoy": -0.02461464571419995,
      "rev_growth_yoy_accel": 0.028081174316982763,
      "fcf_margin_change": 0.137406450570416
    }
  ],
  "signals": [
    {
      "quarter": "2025-09 (Q3)",
      "signal": "FCF MARGIN EXPANSION",
      "detail": "FCF margin: +62.3% -> +76.0% (+13.7%)",
      "severity": "MEDIUM"
    },
    {
      "quarter": "2025-09 (Q3)",
      "signal": "INCREMENTAL MARGIN (YoY)",
      "detail": "YoY Incr OPM: +336.0% vs year-ago OPM: +38.7%",
      "severity": "HIGH"
    },
    {
      "quarter": "2025-06 (Q2)",
      "signal": "YoY REVENUE GROWTH DECELERATION",
      "detail": "YoY growth: -5.3% vs prior quarter YoY: +9.7% (decel: -14.9%)",
      "severity": "WARNING"
    },
    {
      "quarter": "2025-06 (Q2)",
      "signal": "INCREMENTAL MARGIN (YoY)",
      "detail": "YoY Incr OPM: +149.6% vs year-ago OPM: +39.9%",
      "severity": "HIGH"
    },
    {
      "quarter": "2025-03 (Q1)",
      "signal": "YoY REVENUE GROWTH ACCELERATION",
      "detail": "YoY growth: +9.7% vs prior quarter YoY: +1.2% (accel: +8.4%)",
      "severity": "MEDIUM"
    },
    {
      "quarter": "2024-09 (Q3)",
      "signal": "YoY REVENUE GROWTH DECELERATION",
      "detail": "YoY growth: +5.5% vs prior quarter YoY: +20.1% (decel: -14.6%)",
      "severity": "WARNING"
    },
    {
      "quarter": "2024-06 (Q2)",
      "signal": "FCF MARGIN EXPANSION",
      "detail": "FCF margin: +66.0% -> +80.0% (+14.0%)",
      "severity": "MEDIUM"
    },
    {
      "quarter": "2024-06 (Q2)",
      "signal": "YoY REVENUE GROWTH ACCELERATION",
      "detail": "YoY growth: +20.1% vs prior quarter YoY: +3.6% (accel: +16.6%)",
      "severity": "HIGH"
    },
    {
      "quarter": "2024-03 (Q1)",
      "signal": "YoY REVENUE GROWTH ACCELERATION",
      "detail": "YoY growth: +3.6% vs prior quarter YoY: -7.6% (accel: +11.1%)",
      "severity": "MEDIUM"
    },
    {
      "quarter": "2023-12 (Q4)",
      "signal": "FCF MARGIN EXPANSION",
      "detail": "FCF margin: +59.3% -> +76.5% (+17.2%)",
      "severity": "MEDIUM"
    },
    {
      "quarter": "2023-12 (Q4)",
      "signal": "YoY REVENUE GROWTH ACCELERATION",
      "detail": "YoY growth: -7.6% vs prior quarter YoY: -34.6% (accel: +27.1%)",
      "severity": "HIGH"
    },
    {
      "quarter": "2023-12 (Q4)",
      "signal": "INCREMENTAL MARGIN (YoY)",
      "detail": "YoY Incr OPM: +226.5% vs year-ago OPM: +56.7%",
      "severity": "HIGH"
    },
    {
      "quarter": "2023-09 (Q3)",
      "signal": "YoY REVENUE GROWTH ACCELERATION",
      "detail": "YoY growth: -34.6% vs prior quarter YoY: -42.2% (accel: +7.5%)",
      "severity": "MEDIUM"
    },
    {
      "quarter": "2023-09 (Q3)",
      "signal": "INCREMENTAL MARGIN (YoY)",
      "detail": "YoY Incr OPM: +97.8% vs year-ago OPM: +64.5%",
      "severity": "HIGH"
    },
    {
      "quarter": "2023-06 (Q2)",
      "signal": "YoY REVENUE GROWTH DECELERATION",
      "detail": "YoY growth: -42.2% vs prior quarter YoY: -18.4% (decel: -23.8%)",
      "severity": "WARNING"
    },
    {
      "quarter": "2023-06 (Q2)",
      "signal": "INCREMENTAL MARGIN (YoY)",
      "detail": "YoY Incr OPM: +101.3% vs year-ago OPM: +67.7%",
      "severity": "HIGH"
    },
    {
      "quarter": "2023-03 (Q1)",
      "signal": "YoY REVENUE GROWTH DECELERATION",
      "detail": "YoY growth: -18.4% vs prior quarter YoY: +3.8% (decel: -22.1%)",
      "severity": "WARNING"
    },
    {
      "quarter": "2023-03 (Q1)",
      "signal": "INCREMENTAL MARGIN (YoY)",
      "detail": "YoY Incr OPM: +156.8% vs year-ago OPM: +62.4%",
      "severity": "HIGH"
    },
    {
      "quarter": "2022-12 (Q4)",
      "signal": "YoY REVENUE GROWTH DECELERATION",
      "detail": "YoY growth: +3.8% vs prior quarter YoY: +70.3% (decel: -66.5%)",
      "severity": "WARNING"
    },
    {
      "quarter": "2022-09 (Q3)",
      "signal": "FCF MARGIN EXPANSION",
      "detail": "FCF margin: +78.2% -> +85.0% (+6.8%)",
      "severity": "MEDIUM"
    },
    {
      "quarter": "2022-09 (Q3)",
      "signal": "YoY REVENUE GROWTH DECELERATION",
      "detail": "YoY growth: +70.3% vs prior quarter YoY: +93.3% (decel: -23.0%)",
      "severity": "WARNING"
    },
    {
      "quarter": "2022-06 (Q2)",
      "signal": "FCF MARGIN EXPANSION",
      "detail": "FCF margin: +63.2% -> +78.2% (+15.0%)",
      "severity": "MEDIUM"
    },
    {
      "quarter": "2022-06 (Q2)",
      "signal": "YoY REVENUE GROWTH ACCELERATION",
      "detail": "YoY growth: +93.3% vs prior quarter YoY: +81.9% (accel: +11.4%)",
      "severity": "MEDIUM"
    },
    {
      "quarter": "2022-06 (Q2)",
      "signal": "INCREMENTAL MARGIN (YoY)",
      "detail": "YoY Incr OPM: +85.1% vs year-ago OPM: +51.5%",
      "severity": "HIGH"
    },
    {
      "quarter": "2022-03 (Q1)",
      "signal": "YoY REVENUE GROWTH DECELERATION",
      "detail": "YoY growth: +81.9% vs prior quarter YoY: +125.4% (decel: -43.5%)",
      "severity": "WARNING"
    },
    {
      "quarter": "2022-03 (Q1)",
      "signal": "INCREMENTAL MARGIN (YoY)",
      "detail": "YoY Incr OPM: +79.9% vs year-ago OPM: +48.1%",
      "severity": "HIGH"
    },
    {
      "quarter": "2021-12 (Q4)",
      "signal": "INCREMENTAL MARGIN (YoY)",
      "detail": "YoY Incr OPM: +85.1% vs year-ago OPM: +28.6%",
      "severity": "HIGH"
    },
    {
      "quarter": "2021-06 (Q2)",
      "signal": "FCF MARGIN EXPANSION",
      "detail": "FCF margin: +56.9% -> +74.9% (+18.0%)",
      "severity": "MEDIUM"
    }
  ],
  "data_quality": {
    "n_quarters": 20,
    "coverage": {
      "revenue": [
        20,
        20
      ],
      "gross_profit": [
        0,
        20
      ],
      "op_income": [
        20,
        20
      ],
      "fcf": [
        20,
        20
      ]
    },
    "gaps": [],
    "warnings": [
      "gross_profit: no data"
    ]
  },
  "market_cap": null,
  "source": "SEC EDGAR",
  "last_updated": "2026-02-02T21:07:06.136014",
  "sector": "Energy",
  "industry": "Oil & Gas E&P"
}