{
  "ticker": "MHLA",
  "name": "MAIDEN HOLDINGS, LTD.",
  "quarters": [
    {
      "date": "2020-06-30T00:00:00",
      "quarter_label": "2020-06 (Q2)",
      "revenue": 44742000,
      "gross_profit": null,
      "operating_income": null,
      "net_income": 9212000,
      "opex": 2413000,
      "cogs": null,
      "rd": null,
      "sga": null,
      "fcf": -200671000,
      "ocf": -200671000,
      "capex": null,
      "gross_margin": null,
      "op_margin": null,
      "fcf_margin": -4.485069956640293
    },
    {
      "date": "2020-09-30T00:00:00",
      "quarter_label": "2020-09 (Q3)",
      "revenue": 40423000,
      "gross_profit": null,
      "operating_income": null,
      "net_income": 2162000,
      "opex": 2448000,
      "cogs": null,
      "rd": null,
      "sga": null,
      "fcf": -28512000,
      "ocf": -28512000,
      "capex": null,
      "gross_margin": null,
      "op_margin": null,
      "fcf_margin": -0.7053410187269624,
      "fcf_margin_change": 3.779728937913331
    },
    {
      "date": "2020-12-31T00:00:00",
      "quarter_label": "2020-12 (Q4)",
      "revenue": 39839000,
      "gross_profit": null,
      "operating_income": null,
      "net_income": 9527000,
      "opex": 2370000,
      "cogs": null,
      "rd": null,
      "sga": null,
      "fcf": -94111000,
      "ocf": -94111000,
      "capex": null,
      "gross_margin": null,
      "op_margin": null,
      "fcf_margin": -2.3622831898391023,
      "fcf_margin_change": -1.65694217111214
    },
    {
      "date": "2021-03-31T00:00:00",
      "quarter_label": "2021-03 (Q1)",
      "revenue": 29975000,
      "gross_profit": null,
      "operating_income": null,
      "net_income": 9286000,
      "opex": 2177000,
      "cogs": null,
      "rd": null,
      "sga": null,
      "fcf": -102818000,
      "ocf": -102818000,
      "capex": null,
      "gross_margin": null,
      "op_margin": null,
      "fcf_margin": -3.4301251042535448,
      "fcf_margin_change": -1.0678419144144424
    },
    {
      "date": "2021-06-30T00:00:00",
      "quarter_label": "2021-06 (Q2)",
      "revenue": 21978000,
      "gross_profit": null,
      "operating_income": null,
      "net_income": 8112000,
      "opex": 3808000,
      "cogs": null,
      "rd": null,
      "sga": null,
      "fcf": -82966000,
      "ocf": -82966000,
      "capex": null,
      "gross_margin": null,
      "op_margin": null,
      "fcf_margin": -3.774956774956775,
      "rev_growth_yoy": -0.5087836931741987,
      "fcf_margin_change": -0.3448316707032304
    },
    {
      "date": "2021-09-30T00:00:00",
      "quarter_label": "2021-09 (Q3)",
      "revenue": 21708000,
      "gross_profit": null,
      "operating_income": null,
      "net_income": -3140000,
      "opex": 1990000,
      "cogs": null,
      "rd": null,
      "sga": null,
      "fcf": -113966000,
      "ocf": -113966000,
      "capex": null,
      "gross_margin": null,
      "op_margin": null,
      "fcf_margin": -5.249953934033536,
      "rev_growth_yoy": -0.4629789971056082,
      "rev_growth_yoy_accel": 0.0458046960685905,
      "fcf_margin_change": -1.4749971590767612
    },
    {
      "date": "2021-12-31T00:00:00",
      "quarter_label": "2021-12 (Q4)",
      "revenue": 25060000,
      "gross_profit": null,
      "operating_income": null,
      "net_income": 12387000,
      "opex": 2366000,
      "cogs": null,
      "rd": null,
      "sga": null,
      "fcf": -94680000,
      "ocf": -94680000,
      "capex": null,
      "gross_margin": null,
      "op_margin": null,
      "fcf_margin": -3.7781324820430964,
      "rev_growth_yoy": -0.3709681467908331,
      "rev_growth_yoy_accel": 0.09201085031477507,
      "op_leverage_ratio": 0.8172396488793228,
      "fcf_margin_change": 1.47182145199044
    },
    {
      "date": "2022-03-31T00:00:00",
      "quarter_label": "2022-03 (Q1)",
      "revenue": 10049000,
      "gross_profit": null,
      "operating_income": null,
      "net_income": -1949000,
      "opex": 2583000,
      "cogs": null,
      "rd": null,
      "sga": null,
      "fcf": -76078000,
      "ocf": -76078000,
      "capex": null,
      "gross_margin": null,
      "op_margin": null,
      "fcf_margin": -7.570703552592298,
      "rev_growth_yoy": -0.6647539616346956,
      "rev_growth_yoy_accel": -0.29378581484386246,
      "fcf_margin_change": -3.7925710705492017
    },
    {
      "date": "2022-06-30T00:00:00",
      "quarter_label": "2022-06 (Q2)",
      "revenue": 20690000,
      "gross_profit": null,
      "operating_income": null,
      "net_income": 1062000,
      "opex": 4283000,
      "cogs": null,
      "rd": null,
      "sga": null,
      "fcf": -12678000,
      "ocf": -12678000,
      "capex": null,
      "gross_margin": null,
      "op_margin": null,
      "fcf_margin": -0.6127597873368777,
      "rev_growth_yoy": -0.0586040586040586,
      "rev_growth_yoy_accel": 0.606149903030637,
      "op_leverage_ratio": 1.6089223393606622,
      "fcf_margin_change": 6.95794376525542
    },
    {
      "date": "2022-09-30T00:00:00",
      "quarter_label": "2022-09 (Q3)",
      "revenue": 17684000,
      "gross_profit": null,
      "operating_income": null,
      "net_income": -8160000,
      "opex": 2422000,
      "cogs": null,
      "rd": null,
      "sga": null,
      "fcf": -11077000,
      "ocf": -11077000,
      "capex": null,
      "gross_margin": null,
      "op_margin": null,
      "fcf_margin": -0.6263854331599186,
      "rev_growth_yoy": -0.18536944905104108,
      "rev_growth_yoy_accel": -0.12676539044698248,
      "fcf_margin_change": -0.013625645823040822
    },
    {
      "date": "2022-12-31T00:00:00",
      "quarter_label": "2022-12 (Q4)",
      "revenue": 9709000,
      "gross_profit": null,
      "operating_income": null,
      "net_income": -50994000,
      "opex": 2346000,
      "cogs": null,
      "rd": null,
      "sga": null,
      "fcf": -96095000,
      "ocf": -96095000,
      "capex": null,
      "gross_margin": null,
      "op_margin": null,
      "fcf_margin": -9.89751776702029,
      "rev_growth_yoy": -0.6125698324022346,
      "rev_growth_yoy_accel": -0.42720038335119354,
      "fcf_margin_change": -9.271132333860372
    },
    {
      "date": "2023-03-31T00:00:00",
      "quarter_label": "2023-03 (Q1)",
      "revenue": 19493000,
      "gross_profit": null,
      "operating_income": null,
      "net_income": -11328000,
      "opex": 3146000,
      "cogs": null,
      "rd": null,
      "sga": null,
      "fcf": -20347000,
      "ocf": -20347000,
      "capex": null,
      "gross_margin": null,
      "op_margin": null,
      "fcf_margin": -1.0438105986764479,
      "rev_growth_yoy": 0.9397950044780575,
      "rev_growth_yoy_accel": 1.552364836880292,
      "op_leverage_ratio": 2.9551529508703265,
      "fcf_margin_change": 8.853707168343842
    },
    {
      "date": "2023-06-30T00:00:00",
      "quarter_label": "2023-06 (Q2)",
      "revenue": 22780000,
      "gross_profit": null,
      "operating_income": null,
      "net_income": -2933000,
      "opex": 3902000,
      "cogs": null,
      "rd": null,
      "sga": null,
      "fcf": -43315000,
      "ocf": -43315000,
      "capex": null,
      "gross_margin": null,
      "op_margin": null,
      "fcf_margin": -1.9014486391571555,
      "rev_growth_yoy": 0.10101498308361527,
      "rev_growth_yoy_accel": -0.8387800213944423,
      "op_leverage_ratio": 0.7017104498508079,
      "fcf_margin_change": -0.8576380404807076
    },
    {
      "date": "2023-09-30T00:00:00",
      "quarter_label": "2023-09 (Q3)",
      "revenue": 21755000,
      "gross_profit": null,
      "operating_income": null,
      "net_income": -3527000,
      "opex": 2877000,
      "cogs": null,
      "rd": null,
      "sga": null,
      "fcf": -2335000,
      "ocf": -2335000,
      "capex": null,
      "gross_margin": null,
      "op_margin": null,
      "fcf_margin": -0.10733164789703517,
      "rev_growth_yoy": 0.230208097715449,
      "rev_growth_yoy_accel": 0.12919311463183375,
      "fcf_margin_change": 1.7941169912601203
    },
    {
      "date": "2023-12-31T00:00:00",
      "quarter_label": "2023-12 (Q4)",
      "revenue": 25206000,
      "gross_profit": null,
      "operating_income": null,
      "net_income": -20781000,
      "opex": 2875000,
      "cogs": null,
      "rd": null,
      "sga": null,
      "fcf": 6219000,
      "ocf": 6219000,
      "capex": null,
      "gross_margin": null,
      "op_margin": null,
      "fcf_margin": 0.2467269697691026,
      "rev_growth_yoy": 1.5961479040065918,
      "rev_growth_yoy_accel": 1.3659398062911428,
      "op_leverage_ratio": Infinity,
      "fcf_margin_change": 0.3540586176661378
    },
    {
      "date": "2024-03-31T00:00:00",
      "quarter_label": "2024-03 (Q1)",
      "revenue": 28904000,
      "gross_profit": null,
      "operating_income": null,
      "net_income": 1459000,
      "opex": 2760000,
      "cogs": null,
      "rd": null,
      "sga": null,
      "fcf": 8049000,
      "ocf": 8049000,
      "capex": null,
      "gross_margin": null,
      "op_margin": null,
      "fcf_margin": 0.2784735676722945,
      "rev_growth_yoy": 0.4827886933771097,
      "rev_growth_yoy_accel": -1.113359210629482,
      "op_leverage_ratio": Infinity,
      "fcf_margin_change": 0.03174659790319187
    },
    {
      "date": "2024-06-30T00:00:00",
      "quarter_label": "2024-06 (Q2)",
      "revenue": 20487000,
      "gross_profit": null,
      "operating_income": null,
      "net_income": -9971000,
      "opex": 3058000,
      "cogs": null,
      "rd": null,
      "sga": null,
      "fcf": -23381000,
      "ocf": -23381000,
      "capex": null,
      "gross_margin": null,
      "op_margin": null,
      "fcf_margin": -1.1412603114169961,
      "rev_growth_yoy": -0.10065847234416155,
      "rev_growth_yoy_accel": -0.5834471657212713,
      "fcf_margin_change": -1.4197338790892906
    },
    {
      "date": "2024-09-30T00:00:00",
      "quarter_label": "2024-09 (Q3)",
      "revenue": 14477000,
      "gross_profit": null,
      "operating_income": null,
      "net_income": -34468000,
      "opex": 3229000,
      "cogs": null,
      "rd": null,
      "sga": null,
      "fcf": -3824000,
      "ocf": -3824000,
      "capex": null,
      "gross_margin": null,
      "op_margin": null,
      "fcf_margin": -0.2641431235753264,
      "rev_growth_yoy": -0.334543783038382,
      "rev_growth_yoy_accel": -0.23388531069422047,
      "fcf_margin_change": 0.8771171878416697
    },
    {
      "date": "2024-12-31T00:00:00",
      "quarter_label": "2024-12 (Q4)",
      "revenue": -7432000,
      "gross_profit": null,
      "operating_income": null,
      "net_income": -157989000,
      "opex": 3167000,
      "cogs": null,
      "rd": null,
      "sga": null,
      "fcf": -48293000,
      "ocf": -48293000,
      "capex": null,
      "gross_margin": null,
      "op_margin": null,
      "fcf_margin": 6.497981700753498,
      "rev_growth_yoy": -1.2948504324367214,
      "rev_growth_yoy_accel": -0.9603066493983394,
      "fcf_margin_change": 6.762124824328825
    },
    {
      "date": "2025-03-31T00:00:00",
      "quarter_label": "2025-03 (Q1)",
      "revenue": 14049000,
      "gross_profit": null,
      "operating_income": null,
      "net_income": -8645000,
      "opex": 3295000,
      "cogs": null,
      "rd": null,
      "sga": null,
      "fcf": -21126000,
      "ocf": -21126000,
      "capex": null,
      "gross_margin": null,
      "op_margin": null,
      "fcf_margin": -1.5037369207772795,
      "rev_growth_yoy": -0.5139427068917797,
      "rev_growth_yoy_accel": 0.7809077255449417,
      "fcf_margin_change": -8.001718621530777
    }
  ],
  "signals": [
    {
      "quarter": "2025-03 (Q1)",
      "signal": "YoY REVENUE GROWTH ACCELERATION",
      "detail": "YoY growth: -51.4% vs prior quarter YoY: -129.5% (accel: +78.1%)",
      "severity": "HIGH"
    },
    {
      "quarter": "2024-12 (Q4)",
      "signal": "FCF TURNED POSITIVE",
      "detail": "FCF margin: -26.4% -> +649.8%",
      "severity": "HIGH"
    },
    {
      "quarter": "2024-12 (Q4)",
      "signal": "YoY REVENUE GROWTH DECELERATION",
      "detail": "YoY growth: -129.5% vs prior quarter YoY: -33.5% (decel: -96.0%)",
      "severity": "WARNING"
    },
    {
      "quarter": "2024-09 (Q3)",
      "signal": "FCF MARGIN EXPANSION",
      "detail": "FCF margin: -114.1% -> -26.4% (+87.7%)",
      "severity": "MEDIUM"
    },
    {
      "quarter": "2024-09 (Q3)",
      "signal": "YoY REVENUE GROWTH DECELERATION",
      "detail": "YoY growth: -33.5% vs prior quarter YoY: -10.1% (decel: -23.4%)",
      "severity": "WARNING"
    },
    {
      "quarter": "2024-06 (Q2)",
      "signal": "YoY REVENUE GROWTH DECELERATION",
      "detail": "YoY growth: -10.1% vs prior quarter YoY: +48.3% (decel: -58.3%)",
      "severity": "WARNING"
    },
    {
      "quarter": "2024-03 (Q1)",
      "signal": "YoY REVENUE GROWTH DECELERATION",
      "detail": "YoY growth: +48.3% vs prior quarter YoY: +159.6% (decel: -111.3%)",
      "severity": "WARNING"
    },
    {
      "quarter": "2023-12 (Q4)",
      "signal": "FCF TURNED POSITIVE",
      "detail": "FCF margin: -10.7% -> +24.7%",
      "severity": "HIGH"
    },
    {
      "quarter": "2023-12 (Q4)",
      "signal": "YoY REVENUE GROWTH ACCELERATION",
      "detail": "YoY growth: +159.6% vs prior quarter YoY: +23.0% (accel: +136.6%)",
      "severity": "HIGH"
    },
    {
      "quarter": "2023-09 (Q3)",
      "signal": "FCF MARGIN EXPANSION",
      "detail": "FCF margin: -190.1% -> -10.7% (+179.4%)",
      "severity": "MEDIUM"
    },
    {
      "quarter": "2023-09 (Q3)",
      "signal": "YoY REVENUE GROWTH ACCELERATION",
      "detail": "YoY growth: +23.0% vs prior quarter YoY: +10.1% (accel: +12.9%)",
      "severity": "MEDIUM"
    },
    {
      "quarter": "2023-06 (Q2)",
      "signal": "YoY REVENUE GROWTH DECELERATION",
      "detail": "YoY growth: +10.1% vs prior quarter YoY: +94.0% (decel: -83.9%)",
      "severity": "WARNING"
    },
    {
      "quarter": "2023-03 (Q1)",
      "signal": "FCF MARGIN EXPANSION",
      "detail": "FCF margin: -989.8% -> -104.4% (+885.4%)",
      "severity": "MEDIUM"
    },
    {
      "quarter": "2023-03 (Q1)",
      "signal": "OPERATING LEVERAGE",
      "detail": "Rev growth +100.8% vs OpEx growth +34.1% (leverage: 3.0x)",
      "severity": "MEDIUM"
    },
    {
      "quarter": "2023-03 (Q1)",
      "signal": "YoY REVENUE GROWTH ACCELERATION",
      "detail": "YoY growth: +94.0% vs prior quarter YoY: -61.3% (accel: +155.2%)",
      "severity": "HIGH"
    },
    {
      "quarter": "2022-12 (Q4)",
      "signal": "YoY REVENUE GROWTH DECELERATION",
      "detail": "YoY growth: -61.3% vs prior quarter YoY: -18.5% (decel: -42.7%)",
      "severity": "WARNING"
    },
    {
      "quarter": "2022-09 (Q3)",
      "signal": "YoY REVENUE GROWTH DECELERATION",
      "detail": "YoY growth: -18.5% vs prior quarter YoY: -5.9% (decel: -12.7%)",
      "severity": "WARNING"
    },
    {
      "quarter": "2022-06 (Q2)",
      "signal": "FCF MARGIN EXPANSION",
      "detail": "FCF margin: -757.1% -> -61.3% (+695.8%)",
      "severity": "MEDIUM"
    },
    {
      "quarter": "2022-06 (Q2)",
      "signal": "OPERATING LEVERAGE",
      "detail": "Rev growth +105.9% vs OpEx growth +65.8% (leverage: 1.6x)",
      "severity": "MEDIUM"
    },
    {
      "quarter": "2022-06 (Q2)",
      "signal": "YoY REVENUE GROWTH ACCELERATION",
      "detail": "YoY growth: -5.9% vs prior quarter YoY: -66.5% (accel: +60.6%)",
      "severity": "HIGH"
    },
    {
      "quarter": "2022-03 (Q1)",
      "signal": "YoY REVENUE GROWTH DECELERATION",
      "detail": "YoY growth: -66.5% vs prior quarter YoY: -37.1% (decel: -29.4%)",
      "severity": "WARNING"
    },
    {
      "quarter": "2021-12 (Q4)",
      "signal": "FCF MARGIN EXPANSION",
      "detail": "FCF margin: -525.0% -> -377.8% (+147.2%)",
      "severity": "MEDIUM"
    },
    {
      "quarter": "2021-12 (Q4)",
      "signal": "YoY REVENUE GROWTH ACCELERATION",
      "detail": "YoY growth: -37.1% vs prior quarter YoY: -46.3% (accel: +9.2%)",
      "severity": "MEDIUM"
    },
    {
      "quarter": "2020-09 (Q3)",
      "signal": "FCF MARGIN EXPANSION",
      "detail": "FCF margin: -448.5% -> -70.5% (+378.0%)",
      "severity": "MEDIUM"
    }
  ],
  "data_quality": {
    "n_quarters": 20,
    "coverage": {
      "revenue": [
        20,
        20
      ],
      "gross_profit": [
        0,
        20
      ],
      "op_income": [
        0,
        20
      ],
      "fcf": [
        20,
        20
      ]
    },
    "gaps": [],
    "warnings": [
      "gross_profit: no data",
      "op_income: no data"
    ]
  },
  "market_cap": null,
  "source": "SEC EDGAR",
  "last_updated": "2026-02-03T00:56:36.324240"
}