{
  "ticker": "MKL",
  "name": "MARKEL GROUP INC.",
  "quarters": [
    {
      "date": "2020-12-31T00:00:00",
      "quarter_label": "2020-12 (Q4)",
      "revenue": 3355650000,
      "gross_profit": null,
      "operating_income": 1144562000,
      "net_income": 847299000,
      "opex": 2211088000,
      "cogs": null,
      "rd": null,
      "sga": null,
      "fcf": 447469000,
      "ocf": 475999000,
      "capex": -28530000,
      "gross_margin": null,
      "op_margin": 0.3410850356860817,
      "fcf_margin": 0.1333479355713498
    },
    {
      "date": "2021-03-31T00:00:00",
      "quarter_label": "2021-03 (Q1)",
      "revenue": 2900194000,
      "gross_profit": null,
      "operating_income": 745357000,
      "net_income": 573694000,
      "opex": 2154837000,
      "cogs": null,
      "rd": null,
      "sga": null,
      "fcf": 287474000,
      "ocf": 318124000,
      "capex": -30650000,
      "gross_margin": null,
      "op_margin": 0.25700246259388165,
      "fcf_margin": 0.09912233457485947,
      "fcf_margin_change": -0.03422560099649033
    },
    {
      "date": "2021-06-30T00:00:00",
      "quarter_label": "2021-06 (Q2)",
      "revenue": 3500772000,
      "gross_profit": null,
      "operating_income": 1079271000,
      "net_income": 792110000,
      "opex": 2421501000,
      "cogs": null,
      "rd": null,
      "sga": null,
      "fcf": 469960000,
      "ocf": 495048000,
      "capex": -25088000,
      "gross_margin": null,
      "op_margin": 0.3082951417573038,
      "fcf_margin": 0.13424467517450436,
      "op_leverage_ratio": 1.6733716400424945,
      "fcf_margin_change": 0.03512234059964489
    },
    {
      "date": "2021-09-30T00:00:00",
      "quarter_label": "2021-09 (Q3)",
      "revenue": 2687354000,
      "gross_profit": null,
      "operating_income": 241688000,
      "net_income": 188070000,
      "opex": 2445666000,
      "cogs": null,
      "rd": null,
      "sga": null,
      "fcf": 784250000,
      "ocf": 809270000,
      "capex": -25020000,
      "gross_margin": null,
      "op_margin": 0.08993530439235024,
      "fcf_margin": 0.29182980731232283,
      "fcf_margin_change": 0.15758513213781847
    },
    {
      "date": "2021-12-31T00:00:00",
      "quarter_label": "2021-12 (Q4)",
      "revenue": 3758105000,
      "gross_profit": null,
      "operating_income": 1177185000,
      "net_income": 871129000,
      "opex": 2580920000,
      "cogs": null,
      "rd": null,
      "sga": null,
      "fcf": 587134000,
      "ocf": 651625000,
      "capex": -64491000,
      "gross_margin": null,
      "op_margin": 0.3132389861379605,
      "fcf_margin": 0.15623139853729473,
      "incr_op_margin_yoy": 0.08105999428507535,
      "rev_growth_yoy": 0.11993354491678214,
      "op_leverage_ratio": 7.204612676050886,
      "fcf_margin_change": -0.1355984087750281
    },
    {
      "date": "2022-03-31T00:00:00",
      "quarter_label": "2022-03 (Q1)",
      "revenue": 2606236000,
      "gross_profit": null,
      "operating_income": -42145000,
      "net_income": -52843000,
      "opex": 2648381000,
      "cogs": null,
      "rd": null,
      "sga": null,
      "fcf": 363177000,
      "ocf": 414873000,
      "capex": -51696000,
      "gross_margin": null,
      "op_margin": -0.0161708302701674,
      "fcf_margin": 0.13934923775130112,
      "incr_op_margin_yoy": 2.6789609399982313,
      "rev_growth_yoy": -0.10135804708236759,
      "rev_growth_yoy_accel": -0.22129159199914972,
      "fcf_margin_change": -0.01688216078599361
    },
    {
      "date": "2022-06-30T00:00:00",
      "quarter_label": "2022-06 (Q2)",
      "revenue": 1792207000,
      "gross_profit": null,
      "operating_income": -1179171000,
      "net_income": -916359000,
      "opex": 2971378000,
      "cogs": null,
      "rd": null,
      "sga": null,
      "fcf": 447268000,
      "ocf": 506116000,
      "capex": -58848000,
      "gross_margin": null,
      "op_margin": -0.6579435299605458,
      "fcf_margin": 0.24956269002408762,
      "incr_op_margin_yoy": 1.3218355754683024,
      "rev_growth_yoy": -0.488053777852428,
      "rev_growth_yoy_accel": -0.38669573077006036,
      "fcf_margin_change": 0.1102134522727865
    },
    {
      "date": "2022-09-30T00:00:00",
      "quarter_label": "2022-09 (Q3)",
      "revenue": 3066145000,
      "gross_profit": null,
      "operating_income": 72743000,
      "net_income": 65369000,
      "opex": 2993402000,
      "cogs": null,
      "rd": null,
      "sga": null,
      "fcf": 860545000,
      "ocf": 959283000,
      "capex": -98738000,
      "gross_margin": null,
      "op_margin": 0.023724579235489516,
      "fcf_margin": 0.28066024274781526,
      "incr_op_margin_yoy": -0.4460111248683311,
      "rev_growth_yoy": 0.1409531457336845,
      "rev_growth_yoy_accel": 0.6290069235861124,
      "op_leverage_ratio": 95.90071125458036,
      "fcf_margin_change": 0.031097552723727634
    },
    {
      "date": "2022-12-31T00:00:00",
      "quarter_label": "2022-12 (Q4)",
      "revenue": 4210747000,
      "gross_profit": null,
      "operating_income": 1055587000,
      "net_income": 689710000,
      "opex": 3155160000,
      "cogs": null,
      "rd": null,
      "sga": null,
      "fcf": 783740000,
      "ocf": 829170000,
      "capex": -45430000,
      "gross_margin": null,
      "op_margin": 0.25068877327467076,
      "fcf_margin": 0.1861284945402799,
      "incr_op_margin_yoy": -0.26864055920572993,
      "rev_growth_yoy": 0.12044421324044964,
      "rev_growth_yoy_accel": -0.020508932493234863,
      "op_leverage_ratio": 6.908139314024038,
      "fcf_margin_change": -0.09453174820753535
    },
    {
      "date": "2023-03-31T00:00:00",
      "quarter_label": "2023-03 (Q1)",
      "revenue": 3643389000,
      "gross_profit": null,
      "operating_income": 753896000,
      "net_income": 488652000,
      "opex": 2889493000,
      "cogs": null,
      "rd": null,
      "sga": null,
      "fcf": 247002000,
      "ocf": 284181000,
      "capex": -37179000,
      "gross_margin": null,
      "op_margin": 0.2069216325788984,
      "fcf_margin": 0.06779457258063852,
      "incr_op_margin_yoy": 0.7675251385282595,
      "rev_growth_yoy": 0.3979505309572886,
      "rev_growth_yoy_accel": 0.277506317716839,
      "fcf_margin_change": -0.11833392195964139
    },
    {
      "date": "2023-06-30T00:00:00",
      "quarter_label": "2023-06 (Q2)",
      "revenue": 4142536000,
      "gross_profit": null,
      "operating_income": 970064000,
      "net_income": 695511000,
      "opex": 3172472000,
      "cogs": null,
      "rd": null,
      "sga": null,
      "fcf": 682176000,
      "ocf": 724440000,
      "capex": -42264000,
      "gross_margin": null,
      "op_margin": 0.23417153164148724,
      "fcf_margin": 0.16467593763820038,
      "incr_op_margin_yoy": 0.9144400634974933,
      "rev_growth_yoy": 1.3114160362056393,
      "rev_growth_yoy_accel": 0.9134655052483507,
      "op_leverage_ratio": 1.3989118905047393,
      "fcf_margin_change": 0.09688136505756186
    },
    {
      "date": "2023-09-30T00:00:00",
      "quarter_label": "2023-09 (Q3)",
      "revenue": 3375186000,
      "gross_profit": null,
      "operating_income": 72810000,
      "net_income": 42591000,
      "opex": 3302376000,
      "cogs": null,
      "rd": null,
      "sga": null,
      "fcf": 880011000,
      "ocf": 955656000,
      "capex": -75645000,
      "gross_margin": null,
      "op_margin": 0.021572144468482626,
      "fcf_margin": 0.2607296309003415,
      "incr_op_margin_yoy": 0.00021679971265948532,
      "rev_growth_yoy": 0.1007913846214057,
      "rev_growth_yoy_accel": -1.2106246515842336,
      "fcf_margin_change": 0.09605369326214114
    },
    {
      "date": "2023-12-31T00:00:00",
      "quarter_label": "2023-12 (Q4)",
      "revenue": 4642519000,
      "gross_profit": null,
      "operating_income": 1132058000,
      "net_income": 769306000,
      "opex": 3510461000,
      "cogs": null,
      "rd": null,
      "sga": null,
      "fcf": 718999000,
      "ocf": 822530000,
      "capex": -103531000,
      "gross_margin": null,
      "op_margin": 0.24384563638834866,
      "fcf_margin": 0.15487260256770086,
      "incr_op_margin_yoy": 0.17710967825611665,
      "rev_growth_yoy": 0.10254047559732275,
      "rev_growth_yoy_accel": 0.0017490909759170503,
      "op_leverage_ratio": 5.959073981470671,
      "fcf_margin_change": -0.10585702833264066
    },
    {
      "date": "2024-03-31T00:00:00",
      "quarter_label": "2024-03 (Q1)",
      "revenue": 4466655000,
      "gross_profit": null,
      "operating_income": 1335786000,
      "net_income": 1025184000,
      "opex": 3130869000,
      "cogs": null,
      "rd": null,
      "sga": null,
      "fcf": 558701000,
      "ocf": 630654000,
      "capex": -71953000,
      "gross_margin": null,
      "op_margin": 0.2990573482841187,
      "fcf_margin": 0.12508264014122425,
      "incr_op_margin_yoy": 0.7068067914865912,
      "rev_growth_yoy": 0.22596159784200917,
      "rev_growth_yoy_accel": 0.12342112224468642,
      "fcf_margin_change": -0.029789962426476607
    },
    {
      "date": "2024-06-30T00:00:00",
      "quarter_label": "2024-06 (Q2)",
      "revenue": 3701843000,
      "gross_profit": null,
      "operating_income": 409980000,
      "net_income": 267701000,
      "opex": 3291863000,
      "cogs": null,
      "rd": null,
      "sga": null,
      "fcf": 521430000,
      "ocf": 578625000,
      "capex": -57195000,
      "gross_margin": null,
      "op_margin": 0.11075023981297964,
      "fcf_margin": 0.14085686508044776,
      "incr_op_margin_yoy": 1.270916488349032,
      "rev_growth_yoy": -0.10638241888543636,
      "rev_growth_yoy_accel": -0.3323440167274455,
      "fcf_margin_change": 0.015774224939223508
    },
    {
      "date": "2024-09-30T00:00:00",
      "quarter_label": "2024-09 (Q3)",
      "revenue": 4611264000,
      "gross_profit": null,
      "operating_income": 1371326000,
      "net_income": 904959000,
      "opex": 3239938000,
      "cogs": null,
      "rd": null,
      "sga": null,
      "fcf": 838890000,
      "ocf": 890782000,
      "capex": -51892000,
      "gross_margin": null,
      "op_margin": 0.2973861396788386,
      "fcf_margin": 0.18192191989007786,
      "incr_op_margin_yoy": 1.0505129935165904,
      "rev_growth_yoy": 0.36622515025838576,
      "rev_growth_yoy_accel": 0.4726075691438221,
      "op_leverage_ratio": Infinity,
      "fcf_margin_change": 0.0410650548096301
    },
    {
      "date": "2024-12-31T00:00:00",
      "quarter_label": "2024-12 (Q4)",
      "revenue": 3841001000,
      "gross_profit": null,
      "operating_income": 595470000,
      "net_income": 549178000,
      "opex": 3245531000,
      "cogs": null,
      "rd": null,
      "sga": null,
      "fcf": 419994000,
      "ocf": 493945000,
      "capex": -73951000,
      "gross_margin": null,
      "op_margin": 0.15502989975790166,
      "fcf_margin": 0.10934493378158454,
      "incr_op_margin_yoy": 0.6694646907493031,
      "rev_growth_yoy": -0.17264722018369769,
      "rev_growth_yoy_accel": -0.5388723704420835,
      "fcf_margin_change": -0.07257698610849332
    },
    {
      "date": "2025-03-31T00:00:00",
      "quarter_label": "2025-03 (Q1)",
      "revenue": 3399105000,
      "gross_profit": null,
      "operating_income": 282524000,
      "net_income": 121714000,
      "opex": 3116581000,
      "cogs": null,
      "rd": null,
      "sga": null,
      "fcf": 335479000,
      "ocf": 376192000,
      "capex": -40713000,
      "gross_margin": null,
      "op_margin": 0.08311717349125726,
      "fcf_margin": 0.09869627446048299,
      "incr_op_margin_yoy": 0.9866160835558053,
      "rev_growth_yoy": -0.2390043556083915,
      "rev_growth_yoy_accel": -0.06635713542469382,
      "fcf_margin_change": -0.010648659321101553
    },
    {
      "date": "2025-06-30T00:00:00",
      "quarter_label": "2025-06 (Q2)",
      "revenue": 4602766000,
      "gross_profit": null,
      "operating_income": 1107340000,
      "net_income": 657148000,
      "opex": 3495426000,
      "cogs": null,
      "rd": null,
      "sga": null,
      "fcf": 453756000,
      "ocf": 504396000,
      "capex": -50640000,
      "gross_margin": null,
      "op_margin": 0.24058142430008392,
      "fcf_margin": 0.09858333011063347,
      "incr_op_margin_yoy": 0.7740506125384744,
      "rev_growth_yoy": 0.24337147739652923,
      "rev_growth_yoy_accel": 0.4823758330049207,
      "op_leverage_ratio": 2.9131072070064006,
      "fcf_margin_change": -0.00011294434984951418
    },
    {
      "date": "2025-09-30T00:00:00",
      "quarter_label": "2025-09 (Q3)",
      "revenue": 3934549000,
      "gross_profit": null,
      "operating_income": 1009842000,
      "net_income": 751336000,
      "opex": 3357593000,
      "cogs": null,
      "rd": null,
      "sga": null,
      "fcf": 1166054000,
      "ocf": 1218475000,
      "capex": -52421000,
      "gross_margin": null,
      "op_margin": 0.25666016613339926,
      "fcf_margin": 0.2963628105787982,
      "incr_op_margin_yoy": 0.5341746525494484,
      "rev_growth_yoy": -0.14675260405823654,
      "rev_growth_yoy_accel": -0.39012408145476574,
      "fcf_margin_change": 0.19777948046816474
    }
  ],
  "signals": [
    {
      "quarter": "2025-09 (Q3)",
      "signal": "FCF MARGIN EXPANSION",
      "detail": "FCF margin: +9.9% -> +29.6% (+19.8%)",
      "severity": "MEDIUM"
    },
    {
      "quarter": "2025-09 (Q3)",
      "signal": "YoY REVENUE GROWTH DECELERATION",
      "detail": "YoY growth: -14.7% vs prior quarter YoY: +24.3% (decel: -39.0%)",
      "severity": "WARNING"
    },
    {
      "quarter": "2025-09 (Q3)",
      "signal": "INCREMENTAL MARGIN (YoY)",
      "detail": "YoY Incr OPM: +53.4% vs year-ago OPM: +29.7%",
      "severity": "HIGH"
    },
    {
      "quarter": "2025-06 (Q2)",
      "signal": "OPERATING LEVERAGE",
      "detail": "Rev growth +35.4% vs OpEx growth +12.2% (leverage: 2.9x)",
      "severity": "MEDIUM"
    },
    {
      "quarter": "2025-06 (Q2)",
      "signal": "YoY REVENUE GROWTH ACCELERATION",
      "detail": "YoY growth: +24.3% vs prior quarter YoY: -23.9% (accel: +48.2%)",
      "severity": "HIGH"
    },
    {
      "quarter": "2025-06 (Q2)",
      "signal": "INCREMENTAL MARGIN (YoY)",
      "detail": "YoY Incr OPM: +77.4% vs year-ago OPM: +11.1%",
      "severity": "HIGH"
    },
    {
      "quarter": "2025-03 (Q1)",
      "signal": "YoY REVENUE GROWTH DECELERATION",
      "detail": "YoY growth: -23.9% vs prior quarter YoY: -17.3% (decel: -6.6%)",
      "severity": "WARNING"
    },
    {
      "quarter": "2025-03 (Q1)",
      "signal": "INCREMENTAL MARGIN (YoY)",
      "detail": "YoY Incr OPM: +98.7% vs year-ago OPM: +29.9%",
      "severity": "HIGH"
    },
    {
      "quarter": "2024-12 (Q4)",
      "signal": "YoY REVENUE GROWTH DECELERATION",
      "detail": "YoY growth: -17.3% vs prior quarter YoY: +36.6% (decel: -53.9%)",
      "severity": "WARNING"
    },
    {
      "quarter": "2024-12 (Q4)",
      "signal": "INCREMENTAL MARGIN (YoY)",
      "detail": "YoY Incr OPM: +66.9% vs year-ago OPM: +24.4%",
      "severity": "HIGH"
    },
    {
      "quarter": "2024-09 (Q3)",
      "signal": "YoY REVENUE GROWTH ACCELERATION",
      "detail": "YoY growth: +36.6% vs prior quarter YoY: -10.6% (accel: +47.3%)",
      "severity": "HIGH"
    },
    {
      "quarter": "2024-09 (Q3)",
      "signal": "INCREMENTAL MARGIN (YoY)",
      "detail": "YoY Incr OPM: +105.1% vs year-ago OPM: +2.2%",
      "severity": "HIGH"
    },
    {
      "quarter": "2024-06 (Q2)",
      "signal": "YoY REVENUE GROWTH DECELERATION",
      "detail": "YoY growth: -10.6% vs prior quarter YoY: +22.6% (decel: -33.2%)",
      "severity": "WARNING"
    },
    {
      "quarter": "2024-06 (Q2)",
      "signal": "INCREMENTAL MARGIN (YoY)",
      "detail": "YoY Incr OPM: +127.1% vs year-ago OPM: +23.4%",
      "severity": "HIGH"
    },
    {
      "quarter": "2024-03 (Q1)",
      "signal": "YoY REVENUE GROWTH ACCELERATION",
      "detail": "YoY growth: +22.6% vs prior quarter YoY: +10.3% (accel: +12.3%)",
      "severity": "MEDIUM"
    },
    {
      "quarter": "2024-03 (Q1)",
      "signal": "INCREMENTAL MARGIN (YoY)",
      "detail": "YoY Incr OPM: +70.7% vs year-ago OPM: +20.7%",
      "severity": "HIGH"
    },
    {
      "quarter": "2023-12 (Q4)",
      "signal": "OPERATING LEVERAGE",
      "detail": "Rev growth +37.5% vs OpEx growth +6.3% (leverage: 6.0x)",
      "severity": "MEDIUM"
    },
    {
      "quarter": "2023-09 (Q3)",
      "signal": "FCF MARGIN EXPANSION",
      "detail": "FCF margin: +16.5% -> +26.1% (+9.6%)",
      "severity": "MEDIUM"
    },
    {
      "quarter": "2023-09 (Q3)",
      "signal": "YoY REVENUE GROWTH DECELERATION",
      "detail": "YoY growth: +10.1% vs prior quarter YoY: +131.1% (decel: -121.1%)",
      "severity": "WARNING"
    },
    {
      "quarter": "2023-06 (Q2)",
      "signal": "FCF MARGIN EXPANSION",
      "detail": "FCF margin: +6.8% -> +16.5% (+9.7%)",
      "severity": "MEDIUM"
    },
    {
      "quarter": "2023-06 (Q2)",
      "signal": "YoY REVENUE GROWTH ACCELERATION",
      "detail": "YoY growth: +131.1% vs prior quarter YoY: +39.8% (accel: +91.3%)",
      "severity": "HIGH"
    },
    {
      "quarter": "2023-06 (Q2)",
      "signal": "OP MARGIN TURNED POSITIVE (YoY)",
      "detail": "Op margin: -65.8% (year-ago) -> +23.4%",
      "severity": "HIGH"
    },
    {
      "quarter": "2023-03 (Q1)",
      "signal": "YoY REVENUE GROWTH ACCELERATION",
      "detail": "YoY growth: +39.8% vs prior quarter YoY: +12.0% (accel: +27.8%)",
      "severity": "HIGH"
    },
    {
      "quarter": "2023-03 (Q1)",
      "signal": "OP MARGIN TURNED POSITIVE (YoY)",
      "detail": "Op margin: -1.6% (year-ago) -> +20.7%",
      "severity": "HIGH"
    },
    {
      "quarter": "2022-12 (Q4)",
      "signal": "OPERATING LEVERAGE",
      "detail": "Rev growth +37.3% vs OpEx growth +5.4% (leverage: 6.9x)",
      "severity": "MEDIUM"
    },
    {
      "quarter": "2022-09 (Q3)",
      "signal": "OPERATING LEVERAGE",
      "detail": "Rev growth +71.1% vs OpEx growth +0.7% (leverage: 95.9x)",
      "severity": "MEDIUM"
    },
    {
      "quarter": "2022-09 (Q3)",
      "signal": "YoY REVENUE GROWTH ACCELERATION",
      "detail": "YoY growth: +14.1% vs prior quarter YoY: -48.8% (accel: +62.9%)",
      "severity": "HIGH"
    },
    {
      "quarter": "2022-09 (Q3)",
      "signal": "OP MARGIN TURNED POSITIVE (QoQ)",
      "detail": "Op margin: -65.8% -> +2.4%",
      "severity": "HIGH"
    },
    {
      "quarter": "2022-06 (Q2)",
      "signal": "FCF MARGIN EXPANSION",
      "detail": "FCF margin: +13.9% -> +25.0% (+11.0%)",
      "severity": "MEDIUM"
    },
    {
      "quarter": "2022-06 (Q2)",
      "signal": "YoY REVENUE GROWTH DECELERATION",
      "detail": "YoY growth: -48.8% vs prior quarter YoY: -10.1% (decel: -38.7%)",
      "severity": "WARNING"
    },
    {
      "quarter": "2022-03 (Q1)",
      "signal": "YoY REVENUE GROWTH DECELERATION",
      "detail": "YoY growth: -10.1% vs prior quarter YoY: +12.0% (decel: -22.1%)",
      "severity": "WARNING"
    },
    {
      "quarter": "2021-12 (Q4)",
      "signal": "OPERATING LEVERAGE",
      "detail": "Rev growth +39.8% vs OpEx growth +5.5% (leverage: 7.2x)",
      "severity": "MEDIUM"
    },
    {
      "quarter": "2021-09 (Q3)",
      "signal": "FCF MARGIN EXPANSION",
      "detail": "FCF margin: +13.4% -> +29.2% (+15.8%)",
      "severity": "MEDIUM"
    },
    {
      "quarter": "2021-06 (Q2)",
      "signal": "OPERATING LEVERAGE",
      "detail": "Rev growth +20.7% vs OpEx growth +12.4% (leverage: 1.7x)",
      "severity": "MEDIUM"
    }
  ],
  "data_quality": {
    "n_quarters": 20,
    "coverage": {
      "revenue": [
        20,
        20
      ],
      "gross_profit": [
        0,
        20
      ],
      "op_income": [
        20,
        20
      ],
      "fcf": [
        20,
        20
      ]
    },
    "gaps": [],
    "warnings": [
      "gross_profit: no data"
    ]
  },
  "market_cap": null,
  "source": "SEC EDGAR",
  "last_updated": "2026-02-02T20:12:54.516593"
}