{
  "ticker": "MKTX",
  "name": "MARKETAXESS HOLDINGS INC",
  "quarters": [
    {
      "date": "2020-12-31T00:00:00",
      "quarter_label": "2020-12 (Q4)",
      "revenue": 171346000,
      "gross_profit": null,
      "operating_income": 91697000,
      "net_income": 72931000,
      "opex": 79649000,
      "cogs": null,
      "rd": null,
      "sga": null,
      "fcf": 225632000,
      "ocf": 227620000,
      "capex": -1988000,
      "gross_margin": null,
      "op_margin": 0.535156933923173,
      "fcf_margin": 1.316820935417226
    },
    {
      "date": "2021-03-31T00:00:00",
      "quarter_label": "2021-03 (Q1)",
      "revenue": 195464000,
      "gross_profit": null,
      "operating_income": 103474000,
      "net_income": 80457000,
      "opex": 91990000,
      "cogs": null,
      "rd": null,
      "sga": null,
      "fcf": -27416000,
      "ocf": -23159000,
      "capex": -4257000,
      "gross_margin": null,
      "op_margin": 0.5293762534277412,
      "fcf_margin": -0.14026112225269102,
      "op_leverage_ratio": 0.9084421900689501,
      "fcf_margin_change": -1.457082057669917
    },
    {
      "date": "2021-06-30T00:00:00",
      "quarter_label": "2021-06 (Q2)",
      "revenue": 176334000,
      "gross_profit": null,
      "operating_income": 87177000,
      "net_income": 67288000,
      "opex": 89157000,
      "cogs": null,
      "rd": null,
      "sga": null,
      "fcf": 91174000,
      "ocf": 96726000,
      "capex": -5552000,
      "gross_margin": null,
      "op_margin": 0.49438565449658034,
      "fcf_margin": 0.5170528655846292,
      "fcf_margin_change": 0.6573139878373202
    },
    {
      "date": "2021-09-30T00:00:00",
      "quarter_label": "2021-09 (Q3)",
      "revenue": 162093000,
      "gross_profit": null,
      "operating_income": 74003000,
      "net_income": 57958000,
      "opex": 88090000,
      "cogs": null,
      "rd": null,
      "sga": null,
      "fcf": 58055000,
      "ocf": 62813000,
      "capex": -4758000,
      "gross_margin": null,
      "op_margin": 0.45654655043709474,
      "fcf_margin": 0.358158587971103,
      "fcf_margin_change": -0.15889427761352615
    },
    {
      "date": "2021-12-31T00:00:00",
      "quarter_label": "2021-12 (Q4)",
      "revenue": 165060000,
      "gross_profit": null,
      "operating_income": 72581000,
      "net_income": 52185000,
      "opex": 92479000,
      "cogs": null,
      "rd": null,
      "sga": null,
      "fcf": 142785000,
      "ocf": 145711000,
      "capex": -2926000,
      "gross_margin": null,
      "op_margin": 0.43972494850357446,
      "fcf_margin": 0.8650490730643402,
      "incr_op_margin_yoy": 3.041043588927776,
      "rev_growth_yoy": -0.036686003758477,
      "op_leverage_ratio": 0.3673789894857917,
      "fcf_margin_change": 0.5068904850932372
    },
    {
      "date": "2022-03-31T00:00:00",
      "quarter_label": "2022-03 (Q1)",
      "revenue": 186057000,
      "gross_profit": null,
      "operating_income": 88104000,
      "net_income": 64769000,
      "opex": 97953000,
      "cogs": null,
      "rd": null,
      "sga": null,
      "fcf": -25126000,
      "ocf": -23730000,
      "capex": -1396000,
      "gross_margin": null,
      "op_margin": 0.4735323046163273,
      "fcf_margin": -0.1350446368585971,
      "incr_op_margin_yoy": 1.6338896566386734,
      "rev_growth_yoy": -0.048126509229321,
      "rev_growth_yoy_accel": -0.011440505470844,
      "op_leverage_ratio": 2.1490857245652992,
      "fcf_margin_change": -1.0000937099229372
    },
    {
      "date": "2022-06-30T00:00:00",
      "quarter_label": "2022-06 (Q2)",
      "revenue": 182229000,
      "gross_profit": null,
      "operating_income": 84788000,
      "net_income": 66922000,
      "opex": 97441000,
      "cogs": null,
      "rd": null,
      "sga": null,
      "fcf": 92352000,
      "ocf": 93637000,
      "capex": -1285000,
      "gross_margin": null,
      "op_margin": 0.46528269375346404,
      "fcf_margin": 0.5067909059480105,
      "incr_op_margin_yoy": -0.40525869380831214,
      "rev_growth_yoy": 0.03343087549763517,
      "rev_growth_yoy_accel": 0.08155738472695617,
      "fcf_margin_change": 0.6418355428066076
    },
    {
      "date": "2022-09-30T00:00:00",
      "quarter_label": "2022-09 (Q3)",
      "revenue": 172112000,
      "gross_profit": null,
      "operating_income": 76311000,
      "net_income": 59307000,
      "opex": 95801000,
      "cogs": null,
      "rd": null,
      "sga": null,
      "fcf": 81137000,
      "ocf": 85098000,
      "capex": -3961000,
      "gross_margin": null,
      "op_margin": 0.44337989216324253,
      "fcf_margin": 0.47141977317095846,
      "incr_op_margin_yoy": 0.2303623116079449,
      "rev_growth_yoy": 0.061810195381663616,
      "rev_growth_yoy_accel": 0.028379319884028448,
      "fcf_margin_change": -0.035371132777052006
    },
    {
      "date": "2022-12-31T00:00:00",
      "quarter_label": "2022-12 (Q4)",
      "revenue": 177902000,
      "gross_profit": null,
      "operating_income": 77673000,
      "net_income": 59226000,
      "opex": 100229000,
      "cogs": null,
      "rd": null,
      "sga": null,
      "fcf": 127726000,
      "ocf": 134226000,
      "capex": -6500000,
      "gross_margin": null,
      "op_margin": 0.43660554687412173,
      "fcf_margin": 0.7179570774921024,
      "incr_op_margin_yoy": 0.39651144681513784,
      "rev_growth_yoy": 0.07780201138979764,
      "rev_growth_yoy_accel": 0.015991816008134027,
      "op_leverage_ratio": 0.7278298158028061,
      "fcf_margin_change": 0.2465373043211439
    },
    {
      "date": "2023-03-31T00:00:00",
      "quarter_label": "2023-03 (Q1)",
      "revenue": 203169000,
      "gross_profit": null,
      "operating_income": 95356000,
      "net_income": 73628000,
      "opex": 107813000,
      "cogs": null,
      "rd": null,
      "sga": null,
      "fcf": 7310000,
      "ocf": 7527000,
      "capex": -217000,
      "gross_margin": null,
      "op_margin": 0.46934325610698485,
      "fcf_margin": 0.03597989850813854,
      "incr_op_margin_yoy": 0.42379616643291257,
      "rev_growth_yoy": 0.09197181508892437,
      "rev_growth_yoy_accel": 0.014169803699126723,
      "op_leverage_ratio": 1.8770157762567994,
      "fcf_margin_change": -0.6819771789839638
    },
    {
      "date": "2023-06-30T00:00:00",
      "quarter_label": "2023-06 (Q2)",
      "revenue": 179846000,
      "gross_profit": null,
      "operating_income": 75727000,
      "net_income": 59859000,
      "opex": 104119000,
      "cogs": null,
      "rd": null,
      "sga": null,
      "fcf": 104339000,
      "ocf": 105394000,
      "capex": -1055000,
      "gross_margin": null,
      "op_margin": 0.42106580074063366,
      "fcf_margin": 0.5801574680560034,
      "incr_op_margin_yoy": 3.8023499790180444,
      "rev_growth_yoy": -0.013076952625542586,
      "rev_growth_yoy_accel": -0.10504876771446695,
      "fcf_margin_change": 0.5441775695478649
    },
    {
      "date": "2023-09-30T00:00:00",
      "quarter_label": "2023-09 (Q3)",
      "revenue": 172284000,
      "gross_profit": null,
      "operating_income": 66909000,
      "net_income": 54941000,
      "opex": 105375000,
      "cogs": null,
      "rd": null,
      "sga": null,
      "fcf": 73178000,
      "ocf": 79161000,
      "capex": -5983000,
      "gross_margin": null,
      "op_margin": 0.3883645608414014,
      "fcf_margin": 0.4247521534210954,
      "rev_growth_yoy": 0.0009993492609463605,
      "rev_growth_yoy_accel": 0.014076301886488946,
      "fcf_margin_change": -0.15540531463490803
    },
    {
      "date": "2023-12-31T00:00:00",
      "quarter_label": "2023-12 (Q4)",
      "revenue": 197248000,
      "gross_profit": null,
      "operating_income": 77027000,
      "net_income": 69627000,
      "opex": 120221000,
      "cogs": null,
      "rd": null,
      "sga": null,
      "fcf": 139614000,
      "ocf": 141685000,
      "capex": -2071000,
      "gross_margin": null,
      "op_margin": 0.3905083955223881,
      "fcf_margin": 0.7078094581440623,
      "incr_op_margin_yoy": -0.033391915641476276,
      "rev_growth_yoy": 0.10874526424660769,
      "rev_growth_yoy_accel": 0.10774591498566133,
      "op_leverage_ratio": 1.0284835715448777,
      "fcf_margin_change": 0.28305730472296686
    },
    {
      "date": "2024-03-31T00:00:00",
      "quarter_label": "2024-03 (Q1)",
      "revenue": 210318000,
      "gross_profit": null,
      "operating_income": 92500000,
      "net_income": 72615000,
      "opex": 117818000,
      "cogs": null,
      "rd": null,
      "sga": null,
      "fcf": -6146000,
      "ocf": -4949000,
      "capex": -1197000,
      "gross_margin": null,
      "op_margin": 0.4398101921851672,
      "fcf_margin": -0.029222415580216623,
      "incr_op_margin_yoy": -0.3994964330675619,
      "rev_growth_yoy": 0.03518745477902633,
      "rev_growth_yoy_accel": -0.07355780946758136,
      "op_leverage_ratio": Infinity,
      "fcf_margin_change": -0.7370318737242789
    },
    {
      "date": "2024-06-30T00:00:00",
      "quarter_label": "2024-06 (Q2)",
      "revenue": 197660000,
      "gross_profit": null,
      "operating_income": 81339000,
      "net_income": 64938000,
      "opex": 116321000,
      "cogs": null,
      "rd": null,
      "sga": null,
      "fcf": 111154000,
      "ocf": 118849000,
      "capex": -7695000,
      "gross_margin": null,
      "op_margin": 0.411509663057776,
      "fcf_margin": 0.5623494890215521,
      "incr_op_margin_yoy": 0.3150331200179634,
      "rev_growth_yoy": 0.09905141065133503,
      "rev_growth_yoy_accel": 0.0638639558723087,
      "fcf_margin_change": 0.5915719046017688
    },
    {
      "date": "2024-09-30T00:00:00",
      "quarter_label": "2024-09 (Q3)",
      "revenue": 206715000,
      "gross_profit": null,
      "operating_income": 87055000,
      "net_income": 71489000,
      "opex": 119660000,
      "cogs": null,
      "rd": null,
      "sga": null,
      "fcf": 94254000,
      "ocf": 95089000,
      "capex": -835000,
      "gross_margin": null,
      "op_margin": 0.42113537962895775,
      "fcf_margin": 0.4559611058704013,
      "incr_op_margin_yoy": 0.5851122534924922,
      "rev_growth_yoy": 0.19985024726614195,
      "rev_growth_yoy_accel": 0.10079883661480692,
      "op_leverage_ratio": 1.5959209347145367,
      "fcf_margin_change": -0.10638838315115084
    },
    {
      "date": "2024-12-31T00:00:00",
      "quarter_label": "2024-12 (Q4)",
      "revenue": 202404000,
      "gross_profit": null,
      "operating_income": 79976000,
      "net_income": 65139000,
      "opex": 122428000,
      "cogs": null,
      "rd": null,
      "sga": null,
      "fcf": 176033000,
      "ocf": 176248000,
      "capex": -215000,
      "gross_margin": null,
      "op_margin": 0.39513053101717355,
      "fcf_margin": 0.8697110729036975,
      "incr_op_margin_yoy": 0.5719550038789759,
      "rev_growth_yoy": 0.026139682024659314,
      "rev_growth_yoy_accel": -0.17371056524148265,
      "fcf_margin_change": 0.41374996703329625
    },
    {
      "date": "2025-03-31T00:00:00",
      "quarter_label": "2025-03 (Q1)",
      "revenue": 208576000,
      "gross_profit": null,
      "operating_income": 88382000,
      "net_income": 15065000,
      "opex": 120194000,
      "cogs": null,
      "rd": null,
      "sga": null,
      "fcf": 27699000,
      "ocf": 29629000,
      "capex": -1930000,
      "gross_margin": null,
      "op_margin": 0.42374002761583307,
      "fcf_margin": 0.13280051396133782,
      "incr_op_margin_yoy": 2.3639494833524686,
      "rev_growth_yoy": -0.008282695727422284,
      "rev_growth_yoy_accel": -0.034422377752081595,
      "op_leverage_ratio": Infinity,
      "fcf_margin_change": -0.7369105589423597
    },
    {
      "date": "2025-06-30T00:00:00",
      "quarter_label": "2025-06 (Q2)",
      "revenue": 219462000,
      "gross_profit": null,
      "operating_income": 91864000,
      "net_income": 71149000,
      "opex": 127598000,
      "cogs": null,
      "rd": null,
      "sga": null,
      "fcf": 102508000,
      "ocf": 103714000,
      "capex": -1206000,
      "gross_margin": null,
      "op_margin": 0.41858727251186995,
      "fcf_margin": 0.4670876962754372,
      "incr_op_margin_yoy": 0.4827538757912118,
      "rev_growth_yoy": 0.11030051603764039,
      "rev_growth_yoy_accel": 0.11858321176506267,
      "op_leverage_ratio": 0.8472671609095139,
      "fcf_margin_change": 0.3342871823140994
    },
    {
      "date": "2025-09-30T00:00:00",
      "quarter_label": "2025-09 (Q3)",
      "revenue": 208821000,
      "gross_profit": null,
      "operating_income": 85579000,
      "net_income": 68176000,
      "opex": 123242000,
      "cogs": null,
      "rd": null,
      "sga": null,
      "fcf": 88668000,
      "ocf": 90164000,
      "capex": -1496000,
      "gross_margin": null,
      "op_margin": 0.4098198935930773,
      "fcf_margin": 0.4246124671369259,
      "incr_op_margin_yoy": -0.7008547008547008,
      "rev_growth_yoy": 0.01018793991727741,
      "rev_growth_yoy_accel": -0.10011257612036298,
      "fcf_margin_change": -0.04247522913851132
    }
  ],
  "signals": [
    {
      "quarter": "2025-09 (Q3)",
      "signal": "YoY REVENUE GROWTH DECELERATION",
      "detail": "YoY growth: +1.0% vs prior quarter YoY: +11.0% (decel: -10.0%)",
      "severity": "WARNING"
    },
    {
      "quarter": "2025-06 (Q2)",
      "signal": "FCF MARGIN EXPANSION",
      "detail": "FCF margin: +13.3% -> +46.7% (+33.4%)",
      "severity": "MEDIUM"
    },
    {
      "quarter": "2025-06 (Q2)",
      "signal": "YoY REVENUE GROWTH ACCELERATION",
      "detail": "YoY growth: +11.0% vs prior quarter YoY: -0.8% (accel: +11.9%)",
      "severity": "MEDIUM"
    },
    {
      "quarter": "2025-03 (Q1)",
      "signal": "INCREMENTAL MARGIN (YoY)",
      "detail": "YoY Incr OPM: +236.4% vs year-ago OPM: +44.0%",
      "severity": "HIGH"
    },
    {
      "quarter": "2024-12 (Q4)",
      "signal": "FCF MARGIN EXPANSION",
      "detail": "FCF margin: +45.6% -> +87.0% (+41.4%)",
      "severity": "MEDIUM"
    },
    {
      "quarter": "2024-12 (Q4)",
      "signal": "YoY REVENUE GROWTH DECELERATION",
      "detail": "YoY growth: +2.6% vs prior quarter YoY: +20.0% (decel: -17.4%)",
      "severity": "WARNING"
    },
    {
      "quarter": "2024-12 (Q4)",
      "signal": "INCREMENTAL MARGIN (YoY)",
      "detail": "YoY Incr OPM: +57.2% vs year-ago OPM: +39.1%",
      "severity": "MEDIUM"
    },
    {
      "quarter": "2024-09 (Q3)",
      "signal": "OPERATING LEVERAGE",
      "detail": "Rev growth +4.6% vs OpEx growth +2.9% (leverage: 1.6x)",
      "severity": "MEDIUM"
    },
    {
      "quarter": "2024-09 (Q3)",
      "signal": "YoY REVENUE GROWTH ACCELERATION",
      "detail": "YoY growth: +20.0% vs prior quarter YoY: +9.9% (accel: +10.1%)",
      "severity": "MEDIUM"
    },
    {
      "quarter": "2024-09 (Q3)",
      "signal": "INCREMENTAL MARGIN (YoY)",
      "detail": "YoY Incr OPM: +58.5% vs year-ago OPM: +38.8%",
      "severity": "MEDIUM"
    },
    {
      "quarter": "2024-06 (Q2)",
      "signal": "FCF TURNED POSITIVE",
      "detail": "FCF margin: -2.9% -> +56.2%",
      "severity": "HIGH"
    },
    {
      "quarter": "2024-06 (Q2)",
      "signal": "YoY REVENUE GROWTH ACCELERATION",
      "detail": "YoY growth: +9.9% vs prior quarter YoY: +3.5% (accel: +6.4%)",
      "severity": "MEDIUM"
    },
    {
      "quarter": "2024-03 (Q1)",
      "signal": "YoY REVENUE GROWTH DECELERATION",
      "detail": "YoY growth: +3.5% vs prior quarter YoY: +10.9% (decel: -7.4%)",
      "severity": "WARNING"
    },
    {
      "quarter": "2023-12 (Q4)",
      "signal": "FCF MARGIN EXPANSION",
      "detail": "FCF margin: +42.5% -> +70.8% (+28.3%)",
      "severity": "MEDIUM"
    },
    {
      "quarter": "2023-12 (Q4)",
      "signal": "YoY REVENUE GROWTH ACCELERATION",
      "detail": "YoY growth: +10.9% vs prior quarter YoY: +0.1% (accel: +10.8%)",
      "severity": "MEDIUM"
    },
    {
      "quarter": "2023-06 (Q2)",
      "signal": "FCF MARGIN EXPANSION",
      "detail": "FCF margin: +3.6% -> +58.0% (+54.4%)",
      "severity": "MEDIUM"
    },
    {
      "quarter": "2023-06 (Q2)",
      "signal": "YoY REVENUE GROWTH DECELERATION",
      "detail": "YoY growth: -1.3% vs prior quarter YoY: +9.2% (decel: -10.5%)",
      "severity": "WARNING"
    },
    {
      "quarter": "2023-06 (Q2)",
      "signal": "INCREMENTAL MARGIN (YoY)",
      "detail": "YoY Incr OPM: +380.2% vs year-ago OPM: +46.5%",
      "severity": "HIGH"
    },
    {
      "quarter": "2023-03 (Q1)",
      "signal": "OPERATING LEVERAGE",
      "detail": "Rev growth +14.2% vs OpEx growth +7.6% (leverage: 1.9x)",
      "severity": "MEDIUM"
    },
    {
      "quarter": "2022-12 (Q4)",
      "signal": "FCF MARGIN EXPANSION",
      "detail": "FCF margin: +47.1% -> +71.8% (+24.7%)",
      "severity": "MEDIUM"
    },
    {
      "quarter": "2022-06 (Q2)",
      "signal": "FCF TURNED POSITIVE",
      "detail": "FCF margin: -13.5% -> +50.7%",
      "severity": "HIGH"
    },
    {
      "quarter": "2022-06 (Q2)",
      "signal": "YoY REVENUE GROWTH ACCELERATION",
      "detail": "YoY growth: +3.3% vs prior quarter YoY: -4.8% (accel: +8.2%)",
      "severity": "MEDIUM"
    },
    {
      "quarter": "2022-03 (Q1)",
      "signal": "OPERATING LEVERAGE",
      "detail": "Rev growth +12.7% vs OpEx growth +5.9% (leverage: 2.1x)",
      "severity": "MEDIUM"
    },
    {
      "quarter": "2022-03 (Q1)",
      "signal": "INCREMENTAL MARGIN (YoY)",
      "detail": "YoY Incr OPM: +163.4% vs year-ago OPM: +52.9%",
      "severity": "HIGH"
    },
    {
      "quarter": "2021-12 (Q4)",
      "signal": "FCF MARGIN EXPANSION",
      "detail": "FCF margin: +35.8% -> +86.5% (+50.7%)",
      "severity": "MEDIUM"
    },
    {
      "quarter": "2021-12 (Q4)",
      "signal": "INCREMENTAL MARGIN (YoY)",
      "detail": "YoY Incr OPM: +304.1% vs year-ago OPM: +53.5%",
      "severity": "HIGH"
    },
    {
      "quarter": "2021-06 (Q2)",
      "signal": "FCF TURNED POSITIVE",
      "detail": "FCF margin: -14.0% -> +51.7%",
      "severity": "HIGH"
    }
  ],
  "data_quality": {
    "n_quarters": 20,
    "coverage": {
      "revenue": [
        20,
        20
      ],
      "gross_profit": [
        0,
        20
      ],
      "op_income": [
        20,
        20
      ],
      "fcf": [
        20,
        20
      ]
    },
    "gaps": [],
    "warnings": [
      "gross_profit: no data"
    ]
  },
  "market_cap": null,
  "source": "SEC EDGAR",
  "last_updated": "2026-02-02T20:54:39.134523"
}