{
  "ticker": "MKZR",
  "name": "MacKenzie Realty Capital, Inc.",
  "quarters": [
    {
      "date": "2021-03-31T00:00:00",
      "quarter_label": "2021-03 (Q1)",
      "revenue": 1764076,
      "gross_profit": null,
      "operating_income": -1654075,
      "net_income": null,
      "opex": 3418151,
      "cogs": null,
      "rd": null,
      "sga": null,
      "fcf": 542854,
      "ocf": 542854,
      "capex": null,
      "gross_margin": null,
      "op_margin": -0.9376438430090314,
      "fcf_margin": 0.3077271047279142
    },
    {
      "date": "2021-09-30T00:00:00",
      "quarter_label": "2021-09 (Q3)",
      "revenue": 2722582,
      "gross_profit": null,
      "operating_income": -1105918,
      "net_income": null,
      "opex": 3828500,
      "cogs": null,
      "rd": null,
      "sga": null,
      "fcf": 1050849,
      "ocf": 1050849,
      "capex": null,
      "gross_margin": null,
      "op_margin": -0.40620190686634966,
      "fcf_margin": 0.385975151528953,
      "op_leverage_ratio": 4.526008956734913,
      "fcf_margin_change": 0.0782480468010388
    },
    {
      "date": "2021-12-31T00:00:00",
      "quarter_label": "2021-12 (Q4)",
      "revenue": 2570214,
      "gross_profit": null,
      "operating_income": -2042112,
      "net_income": null,
      "opex": 4612326,
      "cogs": null,
      "rd": null,
      "sga": null,
      "fcf": 1202842,
      "ocf": 1202842,
      "capex": null,
      "gross_margin": null,
      "op_margin": -0.7945299496462163,
      "fcf_margin": 0.46799293755305976,
      "fcf_margin_change": 0.08201778602410675
    },
    {
      "date": "2022-03-31T00:00:00",
      "quarter_label": "2022-03 (Q1)",
      "revenue": 2518643,
      "gross_profit": null,
      "operating_income": -1869634,
      "net_income": null,
      "opex": 4388277,
      "cogs": null,
      "rd": null,
      "sga": null,
      "fcf": 487302,
      "ocf": 487302,
      "capex": null,
      "gross_margin": null,
      "op_margin": -0.7423179863124706,
      "fcf_margin": 0.19347799588905612,
      "rev_growth_yoy": 0.4277406415596607,
      "fcf_margin_change": -0.27451494166400364
    },
    {
      "date": "2022-06-30T00:00:00",
      "quarter_label": "2022-06 (Q2)",
      "revenue": 2557735,
      "gross_profit": null,
      "operating_income": -2462895,
      "net_income": null,
      "opex": 5020630,
      "cogs": null,
      "rd": null,
      "sga": null,
      "fcf": 1881083,
      "ocf": 1881083,
      "capex": null,
      "gross_margin": null,
      "op_margin": -0.9629203181721327,
      "fcf_margin": 0.7354487466449808,
      "op_leverage_ratio": 0.10770992581821719,
      "fcf_margin_change": 0.5419707507559247
    },
    {
      "date": "2022-09-30T00:00:00",
      "quarter_label": "2022-09 (Q3)",
      "revenue": 3068503,
      "gross_profit": null,
      "operating_income": -2518032,
      "net_income": null,
      "opex": 5586535,
      "cogs": null,
      "rd": null,
      "sga": null,
      "fcf": -850176,
      "ocf": -850176,
      "capex": null,
      "gross_margin": null,
      "op_margin": -0.8206060088583912,
      "fcf_margin": -0.2770653963838393,
      "rev_growth_yoy": 0.1270562282421613,
      "op_leverage_ratio": 1.7716699535648985,
      "fcf_margin_change": -1.0125141430288203
    },
    {
      "date": "2022-12-31T00:00:00",
      "quarter_label": "2022-12 (Q4)",
      "revenue": 3674252,
      "gross_profit": null,
      "operating_income": -2777393,
      "net_income": null,
      "opex": 6451645,
      "cogs": null,
      "rd": null,
      "sga": null,
      "fcf": -2627544,
      "ocf": -2627544,
      "capex": null,
      "gross_margin": null,
      "op_margin": -0.7559070526463617,
      "fcf_margin": -0.7151235135750079,
      "incr_op_margin_yoy": -0.6659924748966974,
      "rev_growth_yoy": 0.42955100236789623,
      "rev_growth_yoy_accel": 0.3024947741257349,
      "op_leverage_ratio": 1.2747861766248934,
      "fcf_margin_change": -0.4380581171911686
    },
    {
      "date": "2023-03-31T00:00:00",
      "quarter_label": "2023-03 (Q1)",
      "revenue": 4469869,
      "gross_profit": null,
      "operating_income": -3025984,
      "net_income": null,
      "opex": 7495853,
      "cogs": null,
      "rd": null,
      "sga": null,
      "fcf": -1435558,
      "ocf": -1435558,
      "capex": null,
      "gross_margin": null,
      "op_margin": -0.6769737547118271,
      "fcf_margin": -0.32116332715791,
      "incr_op_margin_yoy": -0.59262740451388,
      "rev_growth_yoy": 0.7747132086603779,
      "rev_growth_yoy_accel": 0.3451622062924816,
      "op_leverage_ratio": 1.3378843118471995,
      "fcf_margin_change": 0.3939601864170979
    },
    {
      "date": "2023-06-30T00:00:00",
      "quarter_label": "2023-06 (Q2)",
      "revenue": 3894595,
      "gross_profit": null,
      "operating_income": -11551831,
      "net_income": null,
      "opex": 15446426,
      "cogs": null,
      "rd": null,
      "sga": null,
      "fcf": -1707496,
      "ocf": -1707496,
      "capex": null,
      "gross_margin": null,
      "op_margin": -2.966118684998055,
      "fcf_margin": -0.43842710217622116,
      "incr_op_margin_yoy": -6.798719387220801,
      "rev_growth_yoy": 0.5226733809405587,
      "rev_growth_yoy_accel": -0.25203982771981914,
      "fcf_margin_change": -0.11726377501831114
    },
    {
      "date": "2023-09-30T00:00:00",
      "quarter_label": "2023-09 (Q3)",
      "revenue": 3559981,
      "gross_profit": null,
      "operating_income": -2256615,
      "net_income": null,
      "opex": 5816596,
      "cogs": null,
      "rd": null,
      "sga": null,
      "fcf": 517066,
      "ocf": 517066,
      "capex": null,
      "gross_margin": null,
      "op_margin": -0.6338840010662978,
      "fcf_margin": 0.14524403360579732,
      "rev_growth_yoy": 0.16016865553007445,
      "rev_growth_yoy_accel": -0.3625047254104843,
      "fcf_margin_change": 0.5836711357820185
    },
    {
      "date": "2023-12-31T00:00:00",
      "quarter_label": "2023-12 (Q4)",
      "revenue": 3577486,
      "gross_profit": null,
      "operating_income": -2358187,
      "net_income": null,
      "opex": 5935673,
      "cogs": null,
      "rd": null,
      "sga": null,
      "fcf": -1102787,
      "ocf": -1102787,
      "capex": null,
      "gross_margin": null,
      "op_margin": -0.6591743475725691,
      "fcf_margin": -0.308257530567555,
      "rev_growth_yoy": -0.02633624476492086,
      "rev_growth_yoy_accel": -0.1865049002949953,
      "fcf_margin_change": -0.4535015641733523
    },
    {
      "date": "2024-03-31T00:00:00",
      "quarter_label": "2024-03 (Q1)",
      "revenue": 4079036,
      "gross_profit": null,
      "operating_income": -2677886,
      "net_income": null,
      "opex": 6756922,
      "cogs": null,
      "rd": null,
      "sga": null,
      "fcf": 743262,
      "ocf": 743262,
      "capex": null,
      "gross_margin": null,
      "op_margin": -0.6564997219931376,
      "fcf_margin": 0.18221511160970386,
      "rev_growth_yoy": -0.08743723809355487,
      "rev_growth_yoy_accel": -0.061100993328634015,
      "op_leverage_ratio": 1.0132845142277458,
      "fcf_margin_change": 0.49047264217725883
    },
    {
      "date": "2024-06-30T00:00:00",
      "quarter_label": "2024-06 (Q2)",
      "revenue": 4519600,
      "gross_profit": null,
      "operating_income": -2624990,
      "net_income": null,
      "opex": 7144590,
      "cogs": null,
      "rd": null,
      "sga": null,
      "fcf": -753058,
      "ocf": -753058,
      "capex": null,
      "gross_margin": null,
      "op_margin": -0.5808013983538366,
      "fcf_margin": -0.16662049738914947,
      "rev_growth_yoy": 0.16048010126855294,
      "rev_growth_yoy_accel": 0.2479173393621078,
      "op_leverage_ratio": 1.8825235601602006,
      "fcf_margin_change": -0.34883560899885335
    },
    {
      "date": "2024-09-30T00:00:00",
      "quarter_label": "2024-09 (Q3)",
      "revenue": 4952229,
      "gross_profit": null,
      "operating_income": -7440976,
      "net_income": null,
      "opex": 12393205,
      "cogs": null,
      "rd": null,
      "sga": null,
      "fcf": 644359,
      "ocf": 644359,
      "capex": null,
      "gross_margin": null,
      "op_margin": -1.5025508715368372,
      "fcf_margin": 0.13011494419987443,
      "incr_op_margin_yoy": -3.723733846268768,
      "rev_growth_yoy": 0.3910829861170607,
      "rev_growth_yoy_accel": 0.23060288484850777,
      "op_leverage_ratio": 0.13030114195238593,
      "fcf_margin_change": 0.2967354415890239
    },
    {
      "date": "2024-12-31T00:00:00",
      "quarter_label": "2024-12 (Q4)",
      "revenue": 8030316,
      "gross_profit": null,
      "operating_income": -4554932,
      "net_income": null,
      "opex": 12585248,
      "cogs": null,
      "rd": null,
      "sga": null,
      "fcf": 1872469,
      "ocf": 1872469,
      "capex": null,
      "gross_margin": null,
      "op_margin": -0.5672170310607951,
      "fcf_margin": 0.23317500830602433,
      "incr_op_margin_yoy": -0.49333682175156024,
      "rev_growth_yoy": 1.244681320905239,
      "rev_growth_yoy_accel": 0.8535983347881783,
      "op_leverage_ratio": 40.111169397042374,
      "fcf_margin_change": 0.1030600641061499
    },
    {
      "date": "2025-03-31T00:00:00",
      "quarter_label": "2025-03 (Q1)",
      "revenue": 4273646,
      "gross_profit": null,
      "operating_income": -5830470,
      "net_income": null,
      "opex": 10104116,
      "cogs": null,
      "rd": null,
      "sga": null,
      "fcf": -2569917,
      "ocf": -2569917,
      "capex": null,
      "gross_margin": null,
      "op_margin": -1.3642847348610532,
      "fcf_margin": -0.6013406351391762,
      "rev_growth_yoy": 0.04770980202185026,
      "rev_growth_yoy_accel": -1.1969715188833887,
      "fcf_margin_change": -0.8345156434452006
    },
    {
      "date": "2025-06-30T00:00:00",
      "quarter_label": "2025-06 (Q2)",
      "revenue": 4803652,
      "gross_profit": null,
      "operating_income": -5635666,
      "net_income": null,
      "opex": 10439318,
      "cogs": null,
      "rd": null,
      "sga": null,
      "fcf": -1637013,
      "ocf": -1637013,
      "capex": null,
      "gross_margin": null,
      "op_margin": -1.1732044702655395,
      "fcf_margin": -0.34078509434072246,
      "rev_growth_yoy": 0.06284892468360032,
      "rev_growth_yoy_accel": 0.015139122661750055,
      "op_leverage_ratio": 3.7382983848090623,
      "fcf_margin_change": 0.2605555407984538
    },
    {
      "date": "2025-09-30T00:00:00",
      "quarter_label": "2025-09 (Q3)",
      "revenue": 4539062,
      "gross_profit": null,
      "operating_income": -3487885,
      "net_income": null,
      "opex": 8026947,
      "cogs": null,
      "rd": null,
      "sga": null,
      "fcf": -2019554,
      "ocf": -2019554,
      "capex": null,
      "gross_margin": null,
      "op_margin": -0.7684153686378375,
      "fcf_margin": -0.4449276083913372,
      "rev_growth_yoy": -0.08343051179579943,
      "rev_growth_yoy_accel": -0.14627943647939973,
      "fcf_margin_change": -0.10414251405061475
    }
  ],
  "signals": [
    {
      "quarter": "2025-09 (Q3)",
      "signal": "YoY REVENUE GROWTH DECELERATION",
      "detail": "YoY growth: -8.3% vs prior quarter YoY: +6.3% (decel: -14.6%)",
      "severity": "WARNING"
    },
    {
      "quarter": "2025-06 (Q2)",
      "signal": "FCF MARGIN EXPANSION",
      "detail": "FCF margin: -60.1% -> -34.1% (+26.1%)",
      "severity": "MEDIUM"
    },
    {
      "quarter": "2025-06 (Q2)",
      "signal": "OPERATING LEVERAGE",
      "detail": "Rev growth +12.4% vs OpEx growth +3.3% (leverage: 3.7x)",
      "severity": "MEDIUM"
    },
    {
      "quarter": "2025-03 (Q1)",
      "signal": "YoY REVENUE GROWTH DECELERATION",
      "detail": "YoY growth: +4.8% vs prior quarter YoY: +124.5% (decel: -119.7%)",
      "severity": "WARNING"
    },
    {
      "quarter": "2024-12 (Q4)",
      "signal": "FCF MARGIN EXPANSION",
      "detail": "FCF margin: +13.0% -> +23.3% (+10.3%)",
      "severity": "MEDIUM"
    },
    {
      "quarter": "2024-12 (Q4)",
      "signal": "OPERATING LEVERAGE",
      "detail": "Rev growth +62.2% vs OpEx growth +1.5% (leverage: 40.1x)",
      "severity": "MEDIUM"
    },
    {
      "quarter": "2024-12 (Q4)",
      "signal": "YoY REVENUE GROWTH ACCELERATION",
      "detail": "YoY growth: +124.5% vs prior quarter YoY: +39.1% (accel: +85.4%)",
      "severity": "HIGH"
    },
    {
      "quarter": "2024-09 (Q3)",
      "signal": "FCF TURNED POSITIVE",
      "detail": "FCF margin: -16.7% -> +13.0%",
      "severity": "HIGH"
    },
    {
      "quarter": "2024-09 (Q3)",
      "signal": "YoY REVENUE GROWTH ACCELERATION",
      "detail": "YoY growth: +39.1% vs prior quarter YoY: +16.0% (accel: +23.1%)",
      "severity": "HIGH"
    },
    {
      "quarter": "2024-06 (Q2)",
      "signal": "OPERATING LEVERAGE",
      "detail": "Rev growth +10.8% vs OpEx growth +5.7% (leverage: 1.9x)",
      "severity": "MEDIUM"
    },
    {
      "quarter": "2024-06 (Q2)",
      "signal": "YoY REVENUE GROWTH ACCELERATION",
      "detail": "YoY growth: +16.0% vs prior quarter YoY: -8.7% (accel: +24.8%)",
      "severity": "HIGH"
    },
    {
      "quarter": "2024-03 (Q1)",
      "signal": "FCF TURNED POSITIVE",
      "detail": "FCF margin: -30.8% -> +18.2%",
      "severity": "HIGH"
    },
    {
      "quarter": "2024-03 (Q1)",
      "signal": "YoY REVENUE GROWTH DECELERATION",
      "detail": "YoY growth: -8.7% vs prior quarter YoY: -2.6% (decel: -6.1%)",
      "severity": "WARNING"
    },
    {
      "quarter": "2023-12 (Q4)",
      "signal": "YoY REVENUE GROWTH DECELERATION",
      "detail": "YoY growth: -2.6% vs prior quarter YoY: +16.0% (decel: -18.7%)",
      "severity": "WARNING"
    },
    {
      "quarter": "2023-09 (Q3)",
      "signal": "FCF TURNED POSITIVE",
      "detail": "FCF margin: -43.8% -> +14.5%",
      "severity": "HIGH"
    },
    {
      "quarter": "2023-09 (Q3)",
      "signal": "YoY REVENUE GROWTH DECELERATION",
      "detail": "YoY growth: +16.0% vs prior quarter YoY: +52.3% (decel: -36.3%)",
      "severity": "WARNING"
    },
    {
      "quarter": "2023-06 (Q2)",
      "signal": "YoY REVENUE GROWTH DECELERATION",
      "detail": "YoY growth: +52.3% vs prior quarter YoY: +77.5% (decel: -25.2%)",
      "severity": "WARNING"
    },
    {
      "quarter": "2023-03 (Q1)",
      "signal": "FCF MARGIN EXPANSION",
      "detail": "FCF margin: -71.5% -> -32.1% (+39.4%)",
      "severity": "MEDIUM"
    },
    {
      "quarter": "2023-03 (Q1)",
      "signal": "YoY REVENUE GROWTH ACCELERATION",
      "detail": "YoY growth: +77.5% vs prior quarter YoY: +43.0% (accel: +34.5%)",
      "severity": "HIGH"
    },
    {
      "quarter": "2022-12 (Q4)",
      "signal": "YoY REVENUE GROWTH ACCELERATION",
      "detail": "YoY growth: +43.0% vs prior quarter YoY: +12.7% (accel: +30.2%)",
      "severity": "HIGH"
    },
    {
      "quarter": "2022-09 (Q3)",
      "signal": "OPERATING LEVERAGE",
      "detail": "Rev growth +20.0% vs OpEx growth +11.3% (leverage: 1.8x)",
      "severity": "MEDIUM"
    },
    {
      "quarter": "2022-06 (Q2)",
      "signal": "FCF MARGIN EXPANSION",
      "detail": "FCF margin: +19.3% -> +73.5% (+54.2%)",
      "severity": "MEDIUM"
    },
    {
      "quarter": "2021-12 (Q4)",
      "signal": "FCF MARGIN EXPANSION",
      "detail": "FCF margin: +38.6% -> +46.8% (+8.2%)",
      "severity": "MEDIUM"
    },
    {
      "quarter": "2021-09 (Q3)",
      "signal": "FCF MARGIN EXPANSION",
      "detail": "FCF margin: +30.8% -> +38.6% (+7.8%)",
      "severity": "MEDIUM"
    },
    {
      "quarter": "2021-09 (Q3)",
      "signal": "OPERATING LEVERAGE",
      "detail": "Rev growth +54.3% vs OpEx growth +12.0% (leverage: 4.5x)",
      "severity": "MEDIUM"
    }
  ],
  "data_quality": {
    "n_quarters": 18,
    "coverage": {
      "revenue": [
        18,
        18
      ],
      "gross_profit": [
        0,
        18
      ],
      "op_income": [
        18,
        18
      ],
      "fcf": [
        18,
        18
      ]
    },
    "gaps": [
      [
        "2021-03 (Q1)",
        "2021-09 (Q3)",
        183
      ]
    ],
    "warnings": [
      "gross_profit: no data",
      "gap: 1Q missing between 2021-03 (Q1) and 2021-09 (Q3)"
    ]
  },
  "market_cap": null,
  "source": "SEC EDGAR",
  "last_updated": "2026-02-03T00:13:57.049124"
}