{
  "ticker": "MLP",
  "name": "MAUI LAND & PINEAPPLE COMPANY, INC.",
  "quarters": [
    {
      "date": "2020-12-31T00:00:00",
      "quarter_label": "2020-12 (Q4)",
      "revenue": 2099000,
      "gross_profit": null,
      "operating_income": -342000,
      "net_income": -740000,
      "opex": null,
      "cogs": null,
      "rd": null,
      "sga": null,
      "fcf": 1655000,
      "ocf": 1655000,
      "capex": null,
      "gross_margin": null,
      "op_margin": -0.162934730824202,
      "fcf_margin": 0.7884707003334921
    },
    {
      "date": "2021-03-31T00:00:00",
      "quarter_label": "2021-03 (Q1)",
      "revenue": 2059000,
      "gross_profit": null,
      "operating_income": -658000,
      "net_income": -934000,
      "opex": null,
      "cogs": null,
      "rd": null,
      "sga": null,
      "fcf": -513000,
      "ocf": -513000,
      "capex": null,
      "gross_margin": null,
      "op_margin": -0.3195726080621661,
      "fcf_margin": -0.2491500728508985,
      "fcf_margin_change": -1.0376207731843905
    },
    {
      "date": "2021-06-30T00:00:00",
      "quarter_label": "2021-06 (Q2)",
      "revenue": 4950000,
      "gross_profit": null,
      "operating_income": 2096000,
      "net_income": 1879000,
      "opex": null,
      "cogs": null,
      "rd": null,
      "sga": null,
      "fcf": 2204000,
      "ocf": 2204000,
      "capex": null,
      "gross_margin": null,
      "op_margin": 0.42343434343434344,
      "fcf_margin": 0.44525252525252523,
      "fcf_margin_change": 0.6944025981034238
    },
    {
      "date": "2021-09-30T00:00:00",
      "quarter_label": "2021-09 (Q3)",
      "revenue": 2437000,
      "gross_profit": null,
      "operating_income": 5000,
      "net_income": -139000,
      "opex": null,
      "cogs": null,
      "rd": null,
      "sga": null,
      "fcf": -1108000,
      "ocf": -1108000,
      "capex": null,
      "gross_margin": null,
      "op_margin": 0.002051702913418137,
      "fcf_margin": -0.45465736561345915,
      "fcf_margin_change": -0.8999098908659844
    },
    {
      "date": "2021-12-31T00:00:00",
      "quarter_label": "2021-12 (Q4)",
      "revenue": 2997000,
      "gross_profit": null,
      "operating_income": 188000,
      "net_income": -4226000,
      "opex": null,
      "cogs": null,
      "rd": null,
      "sga": null,
      "fcf": 804000,
      "ocf": 804000,
      "capex": null,
      "gross_margin": null,
      "op_margin": 0.0627293960627294,
      "fcf_margin": 0.2682682682682683,
      "rev_growth_yoy": 0.42782277274892805,
      "fcf_margin_change": 0.7229256338817274
    },
    {
      "date": "2022-03-31T00:00:00",
      "quarter_label": "2022-03 (Q1)",
      "revenue": 2248000,
      "gross_profit": null,
      "operating_income": -502000,
      "net_income": -618000,
      "opex": null,
      "cogs": null,
      "rd": null,
      "sga": null,
      "fcf": 2817000,
      "ocf": 2817000,
      "capex": null,
      "gross_margin": null,
      "op_margin": -0.22330960854092527,
      "fcf_margin": 1.2531138790035588,
      "rev_growth_yoy": 0.09179213210296261,
      "rev_growth_yoy_accel": -0.33603064064596544,
      "fcf_margin_change": 0.9848456107352905
    },
    {
      "date": "2022-06-30T00:00:00",
      "quarter_label": "2022-06 (Q2)",
      "revenue": 13987000,
      "gross_profit": null,
      "operating_income": 10641000,
      "net_income": 10525000,
      "opex": null,
      "cogs": null,
      "rd": null,
      "sga": null,
      "fcf": 9131000,
      "ocf": 9131000,
      "capex": null,
      "gross_margin": null,
      "op_margin": 0.7607778651605062,
      "fcf_margin": 0.652820476156431,
      "incr_op_margin_yoy": 0.945557153922762,
      "rev_growth_yoy": 1.8256565656565658,
      "rev_growth_yoy_accel": 1.733864433553603,
      "fcf_margin_change": -0.6002934028471277
    },
    {
      "date": "2022-09-30T00:00:00",
      "quarter_label": "2022-09 (Q3)",
      "revenue": 2551000,
      "gross_profit": null,
      "operating_income": -8000,
      "net_income": -124000,
      "opex": null,
      "cogs": null,
      "rd": null,
      "sga": null,
      "fcf": -5884000,
      "ocf": -5884000,
      "capex": null,
      "gross_margin": null,
      "op_margin": -0.0031360250882007056,
      "fcf_margin": -2.306546452371619,
      "rev_growth_yoy": 0.04677882642593353,
      "rev_growth_yoy_accel": -1.7788777392306323,
      "fcf_margin_change": -2.9593669285280497
    },
    {
      "date": "2022-12-31T00:00:00",
      "quarter_label": "2022-12 (Q4)",
      "revenue": 2173000,
      "gross_profit": null,
      "operating_income": -524000,
      "net_income": -7996000,
      "opex": null,
      "cogs": null,
      "rd": null,
      "sga": null,
      "fcf": 199000,
      "ocf": 199000,
      "capex": null,
      "gross_margin": null,
      "op_margin": -0.24114127933732168,
      "fcf_margin": 0.09157846295444086,
      "rev_growth_yoy": -0.27494160827494163,
      "rev_growth_yoy_accel": -0.32172043470087514,
      "fcf_margin_change": 2.3981249153260595
    },
    {
      "date": "2023-03-31T00:00:00",
      "quarter_label": "2023-03 (Q1)",
      "revenue": 2298000,
      "gross_profit": null,
      "operating_income": -1370000,
      "net_income": -1364000,
      "opex": null,
      "cogs": null,
      "rd": null,
      "sga": null,
      "fcf": 731000,
      "ocf": 731000,
      "capex": null,
      "gross_margin": null,
      "op_margin": -0.5961705831157529,
      "fcf_margin": 0.31810269799825935,
      "rev_growth_yoy": 0.02224199288256228,
      "rev_growth_yoy_accel": 0.2971836011575039,
      "fcf_margin_change": 0.2265242350438185
    },
    {
      "date": "2023-06-30T00:00:00",
      "quarter_label": "2023-06 (Q2)",
      "revenue": 2473000,
      "gross_profit": null,
      "operating_income": -1344000,
      "net_income": -1117000,
      "opex": null,
      "cogs": null,
      "rd": null,
      "sga": null,
      "fcf": -1175000,
      "ocf": -1175000,
      "capex": null,
      "gross_margin": null,
      "op_margin": -0.5434694702790134,
      "fcf_margin": -0.4751314193287505,
      "incr_op_margin_yoy": 1.0409067222511725,
      "rev_growth_yoy": -0.8231929648959748,
      "rev_growth_yoy_accel": -0.845434957778537,
      "fcf_margin_change": -0.7932341173270099
    },
    {
      "date": "2023-09-30T00:00:00",
      "quarter_label": "2023-09 (Q3)",
      "revenue": 2101000,
      "gross_profit": null,
      "operating_income": -1189000,
      "net_income": -1192000,
      "opex": null,
      "cogs": null,
      "rd": null,
      "sga": null,
      "fcf": 247000,
      "ocf": 247000,
      "capex": null,
      "gross_margin": null,
      "op_margin": -0.5659209900047596,
      "fcf_margin": 0.11756306520704426,
      "rev_growth_yoy": -0.1764014112112897,
      "rev_growth_yoy_accel": 0.6467915536846851,
      "fcf_margin_change": 0.5926944845357948
    },
    {
      "date": "2023-12-31T00:00:00",
      "quarter_label": "2023-12 (Q4)",
      "revenue": 4043000,
      "gross_profit": null,
      "operating_income": 557000,
      "net_income": 593000,
      "opex": null,
      "cogs": null,
      "rd": null,
      "sga": null,
      "fcf": -1174000,
      "ocf": -1174000,
      "capex": null,
      "gross_margin": null,
      "op_margin": 0.13776898342814742,
      "fcf_margin": -0.29037843185753154,
      "incr_op_margin_yoy": 0.5780748663101605,
      "rev_growth_yoy": 0.8605614358030372,
      "rev_growth_yoy_accel": 1.0369628470143268,
      "fcf_margin_change": -0.40794149706457583
    },
    {
      "date": "2024-03-31T00:00:00",
      "quarter_label": "2024-03 (Q1)",
      "revenue": 2483000,
      "gross_profit": null,
      "operating_income": -1399000,
      "net_income": -1375000,
      "opex": null,
      "cogs": null,
      "rd": null,
      "sga": null,
      "fcf": -10000,
      "ocf": -10000,
      "capex": null,
      "gross_margin": null,
      "op_margin": -0.563431333064841,
      "fcf_margin": -0.004027386226339106,
      "rev_growth_yoy": 0.08050478677110531,
      "rev_growth_yoy_accel": -0.780056649031932,
      "fcf_margin_change": 0.28635104563119246
    },
    {
      "date": "2024-06-30T00:00:00",
      "quarter_label": "2024-06 (Q2)",
      "revenue": 2645000,
      "gross_profit": null,
      "operating_income": -1881000,
      "net_income": -1872000,
      "opex": null,
      "cogs": null,
      "rd": null,
      "sga": null,
      "fcf": -533000,
      "ocf": -533000,
      "capex": null,
      "gross_margin": null,
      "op_margin": -0.7111531190926276,
      "fcf_margin": -0.20151228733459356,
      "rev_growth_yoy": 0.06955115244642135,
      "rev_growth_yoy_accel": -0.010953634324683964,
      "fcf_margin_change": -0.19748490110825445
    },
    {
      "date": "2024-09-30T00:00:00",
      "quarter_label": "2024-09 (Q3)",
      "revenue": 3028000,
      "gross_profit": null,
      "operating_income": -2232000,
      "net_income": -2237000,
      "opex": null,
      "cogs": null,
      "rd": null,
      "sga": null,
      "fcf": 690000,
      "ocf": 690000,
      "capex": null,
      "gross_margin": null,
      "op_margin": -0.7371202113606341,
      "fcf_margin": 0.22787318361955086,
      "rev_growth_yoy": 0.44121846739647785,
      "rev_growth_yoy_accel": 0.3716673149500565,
      "fcf_margin_change": 0.4293854709541444
    },
    {
      "date": "2024-12-31T00:00:00",
      "quarter_label": "2024-12 (Q4)",
      "revenue": 3412000,
      "gross_profit": null,
      "operating_income": -1838000,
      "net_income": -1907000,
      "opex": null,
      "cogs": null,
      "rd": null,
      "sga": null,
      "fcf": 223000,
      "ocf": 223000,
      "capex": null,
      "gross_margin": null,
      "op_margin": -0.5386869871043376,
      "fcf_margin": 0.06535756154747949,
      "rev_growth_yoy": -0.15607222359633935,
      "rev_growth_yoy_accel": -0.5972906909928172,
      "fcf_margin_change": -0.16251562207207138
    },
    {
      "date": "2025-03-31T00:00:00",
      "quarter_label": "2025-03 (Q1)",
      "revenue": 5804000,
      "gross_profit": null,
      "operating_income": -1779000,
      "net_income": -8640000,
      "opex": null,
      "cogs": null,
      "rd": null,
      "sga": null,
      "fcf": 157000,
      "ocf": 157000,
      "capex": null,
      "gross_margin": null,
      "op_margin": -0.30651274982770504,
      "fcf_margin": 0.027050310130944177,
      "incr_op_margin_yoy": -0.11442336645588679,
      "rev_growth_yoy": 1.337494965767217,
      "rev_growth_yoy_accel": 1.4935671893635565,
      "fcf_margin_change": -0.03830725141653531
    },
    {
      "date": "2025-06-30T00:00:00",
      "quarter_label": "2025-06 (Q2)",
      "revenue": 4602000,
      "gross_profit": null,
      "operating_income": -711000,
      "net_income": -999000,
      "opex": null,
      "cogs": null,
      "rd": null,
      "sga": null,
      "fcf": -871000,
      "ocf": -871000,
      "capex": null,
      "gross_margin": null,
      "op_margin": -0.1544980443285528,
      "fcf_margin": -0.18926553672316385,
      "incr_op_margin_yoy": 0.5978538579458355,
      "rev_growth_yoy": 0.7398865784499055,
      "rev_growth_yoy_accel": -0.5976083873173116,
      "fcf_margin_change": -0.216315846854108
    },
    {
      "date": "2025-09-30T00:00:00",
      "quarter_label": "2025-09 (Q3)",
      "revenue": 4525000,
      "gross_profit": null,
      "operating_income": -360000,
      "net_income": 240000,
      "opex": null,
      "cogs": null,
      "rd": null,
      "sga": null,
      "fcf": -932000,
      "ocf": -932000,
      "capex": null,
      "gross_margin": null,
      "op_margin": -0.07955801104972375,
      "fcf_margin": -0.2059668508287293,
      "incr_op_margin_yoy": 1.250501002004008,
      "rev_growth_yoy": 0.49438573315719947,
      "rev_growth_yoy_accel": -0.245500845292706,
      "fcf_margin_change": -0.01670131410556544
    }
  ],
  "signals": [
    {
      "quarter": "2025-09 (Q3)",
      "signal": "YoY REVENUE GROWTH DECELERATION",
      "detail": "YoY growth: +49.4% vs prior quarter YoY: +74.0% (decel: -24.6%)",
      "severity": "WARNING"
    },
    {
      "quarter": "2025-06 (Q2)",
      "signal": "YoY REVENUE GROWTH DECELERATION",
      "detail": "YoY growth: +74.0% vs prior quarter YoY: +133.7% (decel: -59.8%)",
      "severity": "WARNING"
    },
    {
      "quarter": "2025-03 (Q1)",
      "signal": "YoY REVENUE GROWTH ACCELERATION",
      "detail": "YoY growth: +133.7% vs prior quarter YoY: -15.6% (accel: +149.4%)",
      "severity": "HIGH"
    },
    {
      "quarter": "2024-12 (Q4)",
      "signal": "YoY REVENUE GROWTH DECELERATION",
      "detail": "YoY growth: -15.6% vs prior quarter YoY: +44.1% (decel: -59.7%)",
      "severity": "WARNING"
    },
    {
      "quarter": "2024-09 (Q3)",
      "signal": "FCF TURNED POSITIVE",
      "detail": "FCF margin: -20.2% -> +22.8%",
      "severity": "HIGH"
    },
    {
      "quarter": "2024-09 (Q3)",
      "signal": "YoY REVENUE GROWTH ACCELERATION",
      "detail": "YoY growth: +44.1% vs prior quarter YoY: +7.0% (accel: +37.2%)",
      "severity": "HIGH"
    },
    {
      "quarter": "2024-03 (Q1)",
      "signal": "FCF MARGIN EXPANSION",
      "detail": "FCF margin: -29.0% -> -0.4% (+28.6%)",
      "severity": "MEDIUM"
    },
    {
      "quarter": "2024-03 (Q1)",
      "signal": "YoY REVENUE GROWTH DECELERATION",
      "detail": "YoY growth: +8.1% vs prior quarter YoY: +86.1% (decel: -78.0%)",
      "severity": "WARNING"
    },
    {
      "quarter": "2023-12 (Q4)",
      "signal": "YoY REVENUE GROWTH ACCELERATION",
      "detail": "YoY growth: +86.1% vs prior quarter YoY: -17.6% (accel: +103.7%)",
      "severity": "HIGH"
    },
    {
      "quarter": "2023-12 (Q4)",
      "signal": "OP MARGIN TURNED POSITIVE (YoY)",
      "detail": "Op margin: -24.1% (year-ago) -> +13.8%",
      "severity": "HIGH"
    },
    {
      "quarter": "2023-12 (Q4)",
      "signal": "OP MARGIN TURNED POSITIVE (QoQ)",
      "detail": "Op margin: -56.6% -> +13.8%",
      "severity": "HIGH"
    },
    {
      "quarter": "2023-09 (Q3)",
      "signal": "FCF TURNED POSITIVE",
      "detail": "FCF margin: -47.5% -> +11.8%",
      "severity": "HIGH"
    },
    {
      "quarter": "2023-09 (Q3)",
      "signal": "YoY REVENUE GROWTH ACCELERATION",
      "detail": "YoY growth: -17.6% vs prior quarter YoY: -82.3% (accel: +64.7%)",
      "severity": "HIGH"
    },
    {
      "quarter": "2023-06 (Q2)",
      "signal": "YoY REVENUE GROWTH DECELERATION",
      "detail": "YoY growth: -82.3% vs prior quarter YoY: +2.2% (decel: -84.5%)",
      "severity": "WARNING"
    },
    {
      "quarter": "2023-03 (Q1)",
      "signal": "FCF MARGIN EXPANSION",
      "detail": "FCF margin: +9.2% -> +31.8% (+22.7%)",
      "severity": "MEDIUM"
    },
    {
      "quarter": "2023-03 (Q1)",
      "signal": "YoY REVENUE GROWTH ACCELERATION",
      "detail": "YoY growth: +2.2% vs prior quarter YoY: -27.5% (accel: +29.7%)",
      "severity": "HIGH"
    },
    {
      "quarter": "2022-12 (Q4)",
      "signal": "FCF TURNED POSITIVE",
      "detail": "FCF margin: -230.7% -> +9.2%",
      "severity": "HIGH"
    },
    {
      "quarter": "2022-12 (Q4)",
      "signal": "YoY REVENUE GROWTH DECELERATION",
      "detail": "YoY growth: -27.5% vs prior quarter YoY: +4.7% (decel: -32.2%)",
      "severity": "WARNING"
    },
    {
      "quarter": "2022-09 (Q3)",
      "signal": "YoY REVENUE GROWTH DECELERATION",
      "detail": "YoY growth: +4.7% vs prior quarter YoY: +182.6% (decel: -177.9%)",
      "severity": "WARNING"
    },
    {
      "quarter": "2022-06 (Q2)",
      "signal": "YoY REVENUE GROWTH ACCELERATION",
      "detail": "YoY growth: +182.6% vs prior quarter YoY: +9.2% (accel: +173.4%)",
      "severity": "HIGH"
    },
    {
      "quarter": "2022-06 (Q2)",
      "signal": "INCREMENTAL MARGIN (YoY)",
      "detail": "YoY Incr OPM: +94.6% vs year-ago OPM: +42.3%",
      "severity": "HIGH"
    },
    {
      "quarter": "2022-06 (Q2)",
      "signal": "OP MARGIN TURNED POSITIVE (QoQ)",
      "detail": "Op margin: -22.3% -> +76.1%",
      "severity": "HIGH"
    },
    {
      "quarter": "2022-03 (Q1)",
      "signal": "FCF MARGIN EXPANSION",
      "detail": "FCF margin: +26.8% -> +125.3% (+98.5%)",
      "severity": "MEDIUM"
    },
    {
      "quarter": "2022-03 (Q1)",
      "signal": "YoY REVENUE GROWTH DECELERATION",
      "detail": "YoY growth: +9.2% vs prior quarter YoY: +42.8% (decel: -33.6%)",
      "severity": "WARNING"
    },
    {
      "quarter": "2021-12 (Q4)",
      "signal": "FCF TURNED POSITIVE",
      "detail": "FCF margin: -45.5% -> +26.8%",
      "severity": "HIGH"
    },
    {
      "quarter": "2021-12 (Q4)",
      "signal": "OP MARGIN TURNED POSITIVE (YoY)",
      "detail": "Op margin: -16.3% (year-ago) -> +6.3%",
      "severity": "HIGH"
    },
    {
      "quarter": "2021-06 (Q2)",
      "signal": "FCF TURNED POSITIVE",
      "detail": "FCF margin: -24.9% -> +44.5%",
      "severity": "HIGH"
    },
    {
      "quarter": "2021-06 (Q2)",
      "signal": "OP MARGIN TURNED POSITIVE (QoQ)",
      "detail": "Op margin: -32.0% -> +42.3%",
      "severity": "HIGH"
    }
  ],
  "data_quality": {
    "n_quarters": 20,
    "coverage": {
      "revenue": [
        20,
        20
      ],
      "gross_profit": [
        0,
        20
      ],
      "op_income": [
        20,
        20
      ],
      "fcf": [
        20,
        20
      ]
    },
    "gaps": [],
    "warnings": [
      "gross_profit: no data"
    ]
  },
  "market_cap": null,
  "source": "SEC EDGAR",
  "last_updated": "2026-02-02T22:41:46.863800"
}