{
  "ticker": "MLR",
  "name": "MILLER INDUSTRIES, INC.",
  "quarters": [
    {
      "date": "2020-12-31T00:00:00",
      "quarter_label": "2020-12 (Q4)",
      "revenue": 178337000,
      "gross_profit": 24250000,
      "operating_income": 14808000,
      "net_income": 12020000,
      "opex": 9442000,
      "cogs": 154087000,
      "rd": null,
      "sga": 9442000,
      "fcf": 11771000,
      "ocf": 16580000,
      "capex": -4809000,
      "gross_margin": 0.1359785125913299,
      "op_margin": 0.0830338067815428,
      "fcf_margin": 0.06600425037989874
    },
    {
      "date": "2021-03-31T00:00:00",
      "quarter_label": "2021-03 (Q1)",
      "revenue": 169912000,
      "gross_profit": 15831000,
      "operating_income": null,
      "net_income": 3178000,
      "opex": null,
      "cogs": 154081000,
      "rd": null,
      "sga": 11051000,
      "fcf": 358000,
      "ocf": 2847000,
      "capex": -2489000,
      "gross_margin": 0.09317175949903479,
      "op_margin": null,
      "fcf_margin": 0.0021069730213286878,
      "fcf_margin_change": -0.06389727735857005
    },
    {
      "date": "2021-06-30T00:00:00",
      "quarter_label": "2021-06 (Q2)",
      "revenue": 181158000,
      "gross_profit": 20590000,
      "operating_income": null,
      "net_income": 6516000,
      "opex": null,
      "cogs": 160568000,
      "rd": null,
      "sga": 12019000,
      "fcf": -557000,
      "ocf": 2372000,
      "capex": -2929000,
      "gross_margin": 0.11365769107629804,
      "op_margin": null,
      "fcf_margin": -0.003074664105366586,
      "fcf_margin_change": -0.005181637126695273
    },
    {
      "date": "2021-09-30T00:00:00",
      "quarter_label": "2021-09 (Q3)",
      "revenue": 164715000,
      "gross_profit": 17832000,
      "operating_income": null,
      "net_income": 3846000,
      "opex": null,
      "cogs": 146883000,
      "rd": null,
      "sga": 11983000,
      "fcf": -622000,
      "ocf": 1817000,
      "capex": -2439000,
      "gross_margin": 0.10825972133685456,
      "op_margin": null,
      "fcf_margin": -0.00377621953070455,
      "fcf_margin_change": -0.000701555425337964
    },
    {
      "date": "2021-12-31T00:00:00",
      "quarter_label": "2021-12 (Q4)",
      "revenue": 201691000,
      "gross_profit": 15599000,
      "operating_income": null,
      "net_income": 2715000,
      "opex": null,
      "cogs": 186092000,
      "rd": null,
      "sga": 11180000,
      "fcf": 6939000,
      "ocf": 8232000,
      "capex": -1293000,
      "gross_margin": 0.07734108115880232,
      "op_margin": null,
      "fcf_margin": 0.03440411322270205,
      "rev_growth_yoy": 0.13095431682713066,
      "fcf_margin_change": 0.0381803327534066
    },
    {
      "date": "2022-03-31T00:00:00",
      "quarter_label": "2022-03 (Q1)",
      "revenue": 215545000,
      "gross_profit": 15340000,
      "operating_income": null,
      "net_income": 2065000,
      "opex": null,
      "cogs": 200205000,
      "rd": null,
      "sga": 12386000,
      "fcf": -33027000,
      "ocf": -28936000,
      "capex": -4091000,
      "gross_margin": 0.07116843350576446,
      "op_margin": null,
      "fcf_margin": -0.15322554454986198,
      "rev_growth_yoy": 0.26856843542539666,
      "rev_growth_yoy_accel": 0.137614118598266,
      "fcf_margin_change": -0.18762965777256402
    },
    {
      "date": "2022-06-30T00:00:00",
      "quarter_label": "2022-06 (Q2)",
      "revenue": 201500000,
      "gross_profit": 18374000,
      "operating_income": null,
      "net_income": 3757000,
      "opex": null,
      "cogs": 183126000,
      "rd": null,
      "sga": 12651000,
      "fcf": -24640000,
      "ocf": -5891000,
      "capex": -18749000,
      "gross_margin": 0.09118610421836228,
      "op_margin": null,
      "fcf_margin": -0.12228287841191067,
      "rev_growth_yoy": 0.11228872034356749,
      "rev_growth_yoy_accel": -0.15627971508182917,
      "fcf_margin_change": 0.03094266613795131
    },
    {
      "date": "2022-09-30T00:00:00",
      "quarter_label": "2022-09 (Q3)",
      "revenue": 205557000,
      "gross_profit": 23180000,
      "operating_income": null,
      "net_income": 5232000,
      "opex": null,
      "cogs": 182377000,
      "rd": null,
      "sga": 14673000,
      "fcf": 938000,
      "ocf": 3225000,
      "capex": -2287000,
      "gross_margin": 0.11276677515239082,
      "op_margin": null,
      "fcf_margin": 0.00456321117743497,
      "rev_growth_yoy": 0.24795555960295054,
      "rev_growth_yoy_accel": 0.13566683925938305,
      "fcf_margin_change": 0.12684608958934565
    },
    {
      "date": "2022-12-31T00:00:00",
      "quarter_label": "2022-12 (Q4)",
      "revenue": 225854000,
      "gross_profit": 25525000,
      "operating_income": null,
      "net_income": 9292000,
      "opex": null,
      "cogs": 200329000,
      "rd": null,
      "sga": 13117000,
      "fcf": 8635000,
      "ocf": 12447000,
      "capex": -3812000,
      "gross_margin": 0.1130154878815518,
      "op_margin": null,
      "fcf_margin": 0.03823266357912634,
      "rev_growth_yoy": 0.11980207346882112,
      "rev_growth_yoy_accel": -0.1281534861341294,
      "fcf_margin_change": 0.03366945240169137
    },
    {
      "date": "2023-03-31T00:00:00",
      "quarter_label": "2023-03 (Q1)",
      "revenue": 282275000,
      "gross_profit": 30417000,
      "operating_income": null,
      "net_income": 9220000,
      "opex": null,
      "cogs": 251858000,
      "rd": null,
      "sga": 17924000,
      "fcf": -8513000,
      "ocf": -6764000,
      "capex": -1749000,
      "gross_margin": 0.10775662031706669,
      "op_margin": null,
      "fcf_margin": -0.03015853334514215,
      "rev_growth_yoy": 0.30958732515252035,
      "rev_growth_yoy_accel": 0.18978525168369925,
      "fcf_margin_change": -0.06839119692426848
    },
    {
      "date": "2023-06-30T00:00:00",
      "quarter_label": "2023-06 (Q2)",
      "revenue": 300264000,
      "gross_profit": 39929000,
      "operating_income": null,
      "net_income": 14915000,
      "opex": null,
      "cogs": 260335000,
      "rd": null,
      "sga": 19480000,
      "fcf": 4813000,
      "ocf": 9674000,
      "capex": -4861000,
      "gross_margin": 0.13297964457943676,
      "op_margin": null,
      "fcf_margin": 0.016029227613033863,
      "rev_growth_yoy": 0.4901439205955335,
      "rev_growth_yoy_accel": 0.18055659544301317,
      "fcf_margin_change": 0.04618776095817601
    },
    {
      "date": "2023-09-30T00:00:00",
      "quarter_label": "2023-09 (Q3)",
      "revenue": 274568000,
      "gross_profit": 42868000,
      "operating_income": null,
      "net_income": 17459000,
      "opex": null,
      "cogs": 231700000,
      "rd": null,
      "sga": 19318000,
      "fcf": -1821000,
      "ocf": 1303000,
      "capex": -3124000,
      "gross_margin": 0.15612890067305732,
      "op_margin": null,
      "fcf_margin": -0.006632236822936395,
      "rev_growth_yoy": 0.3357268300276809,
      "rev_growth_yoy_accel": -0.15441709056785263,
      "fcf_margin_change": -0.02266146443597026
    },
    {
      "date": "2023-12-31T00:00:00",
      "quarter_label": "2023-12 (Q4)",
      "revenue": 296246000,
      "gross_profit": 38640000,
      "operating_income": null,
      "net_income": 16695000,
      "opex": null,
      "cogs": 257606000,
      "rd": null,
      "sga": 16366000,
      "fcf": 4387000,
      "ocf": 6750000,
      "capex": -2363000,
      "gross_margin": 0.1304321408559103,
      "op_margin": null,
      "fcf_margin": 0.014808638766430602,
      "rev_growth_yoy": 0.31167037112470886,
      "rev_growth_yoy_accel": -0.024056458902972033,
      "fcf_margin_change": 0.021440875589366998
    },
    {
      "date": "2024-03-31T00:00:00",
      "quarter_label": "2024-03 (Q1)",
      "revenue": 349871000,
      "gross_profit": 44243000,
      "operating_income": null,
      "net_income": 17023000,
      "opex": null,
      "cogs": 305628000,
      "rd": null,
      "sga": 21543000,
      "fcf": 4305000,
      "ocf": 8977000,
      "capex": -4672000,
      "gross_margin": 0.12645517919461743,
      "op_margin": null,
      "fcf_margin": 0.012304535100079743,
      "rev_growth_yoy": 0.23946860331237269,
      "rev_growth_yoy_accel": -0.07220176781233617,
      "fcf_margin_change": -0.0025041036663508588
    },
    {
      "date": "2024-06-30T00:00:00",
      "quarter_label": "2024-06 (Q2)",
      "revenue": 371451000,
      "gross_profit": 51078000,
      "operating_income": null,
      "net_income": 20514000,
      "opex": null,
      "cogs": 320373000,
      "rd": null,
      "sga": 22773000,
      "fcf": -13806000,
      "ocf": -10684000,
      "capex": -3122000,
      "gross_margin": 0.13750938885613445,
      "op_margin": null,
      "fcf_margin": -0.037167755639371004,
      "rev_growth_yoy": 0.23708136839581168,
      "rev_growth_yoy_accel": -0.0023872349165610096,
      "fcf_margin_change": -0.049472290739450746
    },
    {
      "date": "2024-09-30T00:00:00",
      "quarter_label": "2024-09 (Q3)",
      "revenue": 314271000,
      "gross_profit": 42026000,
      "operating_income": null,
      "net_income": 15425000,
      "opex": null,
      "cogs": 272245000,
      "rd": null,
      "sga": 22326000,
      "fcf": 24005000,
      "ocf": 30296000,
      "capex": -6291000,
      "gross_margin": 0.13372535168691987,
      "op_margin": null,
      "fcf_margin": 0.07638312157341912,
      "rev_growth_yoy": 0.14460170158212174,
      "rev_growth_yoy_accel": -0.09247966681368994,
      "fcf_margin_change": 0.11355087721279011
    },
    {
      "date": "2024-12-31T00:00:00",
      "quarter_label": "2024-12 (Q4)",
      "revenue": 221907000,
      "gross_profit": 33458000,
      "operating_income": null,
      "net_income": 10532000,
      "opex": null,
      "cogs": 188449000,
      "rd": null,
      "sga": 19680000,
      "fcf": -12986000,
      "ocf": -11719000,
      "capex": -1267000,
      "gross_margin": 0.15077487415899454,
      "op_margin": null,
      "fcf_margin": -0.05852001063508587,
      "rev_growth_yoy": -0.25093672150847607,
      "rev_growth_yoy_accel": -0.39553842309059783,
      "fcf_margin_change": -0.13490313220850497
    },
    {
      "date": "2025-03-31T00:00:00",
      "quarter_label": "2025-03 (Q1)",
      "revenue": 225651000,
      "gross_profit": 33944000,
      "operating_income": null,
      "net_income": 8065000,
      "opex": null,
      "cogs": 191707000,
      "rd": null,
      "sga": 23260000,
      "fcf": -2414000,
      "ocf": 2714000,
      "capex": -5128000,
      "gross_margin": 0.15042698680706046,
      "op_margin": null,
      "fcf_margin": -0.010697936193502355,
      "rev_growth_yoy": -0.3550451452106634,
      "rev_growth_yoy_accel": -0.10410842370218731,
      "fcf_margin_change": 0.04782207444158351
    },
    {
      "date": "2025-06-30T00:00:00",
      "quarter_label": "2025-06 (Q2)",
      "revenue": 214032000,
      "gross_profit": 34586000,
      "operating_income": null,
      "net_income": 8458000,
      "opex": null,
      "cogs": 179446000,
      "rd": null,
      "sga": 23404000,
      "fcf": 25566000,
      "ocf": 27242000,
      "capex": -1676000,
      "gross_margin": 0.16159265904163864,
      "op_margin": null,
      "fcf_margin": 0.11944942812289751,
      "rev_growth_yoy": -0.42379479392975117,
      "rev_growth_yoy_accel": -0.06874964871908779,
      "fcf_margin_change": 0.13014736431639987
    },
    {
      "date": "2025-09-30T00:00:00",
      "quarter_label": "2025-09 (Q3)",
      "revenue": 178670000,
      "gross_profit": 25332000,
      "operating_income": null,
      "net_income": 3082000,
      "opex": null,
      "cogs": 153338000,
      "rd": null,
      "sga": 21247000,
      "fcf": 18106000,
      "ocf": 19904000,
      "capex": -1798000,
      "gross_margin": 0.1417809369228186,
      "op_margin": null,
      "fcf_margin": 0.10133766161079084,
      "rev_growth_yoy": -0.43147792828482423,
      "rev_growth_yoy_accel": -0.007683134355073062,
      "fcf_margin_change": -0.018111766512106664
    }
  ],
  "signals": [
    {
      "quarter": "2025-06 (Q2)",
      "signal": "FCF TURNED POSITIVE",
      "detail": "FCF margin: -1.1% -> +11.9%",
      "severity": "HIGH"
    },
    {
      "quarter": "2025-06 (Q2)",
      "signal": "YoY REVENUE GROWTH DECELERATION",
      "detail": "YoY growth: -42.4% vs prior quarter YoY: -35.5% (decel: -6.9%)",
      "severity": "WARNING"
    },
    {
      "quarter": "2025-03 (Q1)",
      "signal": "YoY REVENUE GROWTH DECELERATION",
      "detail": "YoY growth: -35.5% vs prior quarter YoY: -25.1% (decel: -10.4%)",
      "severity": "WARNING"
    },
    {
      "quarter": "2024-12 (Q4)",
      "signal": "YoY REVENUE GROWTH DECELERATION",
      "detail": "YoY growth: -25.1% vs prior quarter YoY: +14.5% (decel: -39.6%)",
      "severity": "WARNING"
    },
    {
      "quarter": "2024-09 (Q3)",
      "signal": "FCF TURNED POSITIVE",
      "detail": "FCF margin: -3.7% -> +7.6%",
      "severity": "HIGH"
    },
    {
      "quarter": "2024-09 (Q3)",
      "signal": "YoY REVENUE GROWTH DECELERATION",
      "detail": "YoY growth: +14.5% vs prior quarter YoY: +23.7% (decel: -9.2%)",
      "severity": "WARNING"
    },
    {
      "quarter": "2024-03 (Q1)",
      "signal": "YoY REVENUE GROWTH DECELERATION",
      "detail": "YoY growth: +23.9% vs prior quarter YoY: +31.2% (decel: -7.2%)",
      "severity": "WARNING"
    },
    {
      "quarter": "2023-12 (Q4)",
      "signal": "FCF TURNED POSITIVE",
      "detail": "FCF margin: -0.7% -> +1.5%",
      "severity": "HIGH"
    },
    {
      "quarter": "2023-09 (Q3)",
      "signal": "YoY REVENUE GROWTH DECELERATION",
      "detail": "YoY growth: +33.6% vs prior quarter YoY: +49.0% (decel: -15.4%)",
      "severity": "WARNING"
    },
    {
      "quarter": "2023-06 (Q2)",
      "signal": "FCF TURNED POSITIVE",
      "detail": "FCF margin: -3.0% -> +1.6%",
      "severity": "HIGH"
    },
    {
      "quarter": "2023-06 (Q2)",
      "signal": "GROSS MARGIN INFLECTION",
      "detail": "GM: +11.3% -> +10.8% -> +13.3% (reversal +2.5%)",
      "severity": "MEDIUM"
    },
    {
      "quarter": "2023-06 (Q2)",
      "signal": "YoY REVENUE GROWTH ACCELERATION",
      "detail": "YoY growth: +49.0% vs prior quarter YoY: +31.0% (accel: +18.1%)",
      "severity": "HIGH"
    },
    {
      "quarter": "2023-03 (Q1)",
      "signal": "YoY REVENUE GROWTH ACCELERATION",
      "detail": "YoY growth: +31.0% vs prior quarter YoY: +12.0% (accel: +19.0%)",
      "severity": "HIGH"
    },
    {
      "quarter": "2022-12 (Q4)",
      "signal": "YoY REVENUE GROWTH DECELERATION",
      "detail": "YoY growth: +12.0% vs prior quarter YoY: +24.8% (decel: -12.8%)",
      "severity": "WARNING"
    },
    {
      "quarter": "2022-09 (Q3)",
      "signal": "FCF TURNED POSITIVE",
      "detail": "FCF margin: -12.2% -> +0.5%",
      "severity": "HIGH"
    },
    {
      "quarter": "2022-09 (Q3)",
      "signal": "YoY REVENUE GROWTH ACCELERATION",
      "detail": "YoY growth: +24.8% vs prior quarter YoY: +11.2% (accel: +13.6%)",
      "severity": "MEDIUM"
    },
    {
      "quarter": "2022-06 (Q2)",
      "signal": "GROSS MARGIN INFLECTION",
      "detail": "GM: +7.7% -> +7.1% -> +9.1% (reversal +2.0%)",
      "severity": "MEDIUM"
    },
    {
      "quarter": "2022-06 (Q2)",
      "signal": "YoY REVENUE GROWTH DECELERATION",
      "detail": "YoY growth: +11.2% vs prior quarter YoY: +26.9% (decel: -15.6%)",
      "severity": "WARNING"
    },
    {
      "quarter": "2022-03 (Q1)",
      "signal": "YoY REVENUE GROWTH ACCELERATION",
      "detail": "YoY growth: +26.9% vs prior quarter YoY: +13.1% (accel: +13.8%)",
      "severity": "MEDIUM"
    },
    {
      "quarter": "2021-12 (Q4)",
      "signal": "FCF TURNED POSITIVE",
      "detail": "FCF margin: -0.4% -> +3.4%",
      "severity": "HIGH"
    },
    {
      "quarter": "2021-06 (Q2)",
      "signal": "GROSS MARGIN INFLECTION",
      "detail": "GM: +13.6% -> +9.3% -> +11.4% (reversal +2.0%)",
      "severity": "MEDIUM"
    }
  ],
  "data_quality": {
    "n_quarters": 20,
    "coverage": {
      "revenue": [
        20,
        20
      ],
      "gross_profit": [
        20,
        20
      ],
      "op_income": [
        1,
        20
      ],
      "fcf": [
        20,
        20
      ]
    },
    "gaps": [],
    "warnings": [
      "op_income: 1/20Q"
    ]
  },
  "market_cap": null,
  "source": "SEC EDGAR",
  "last_updated": "2026-02-02T22:28:44.777366",
  "sector": "Consumer Cyclical",
  "industry": "Auto Parts"
}