{
  "ticker": "MMI",
  "name": "MARCUS & MILLICHAP, INC.",
  "quarters": [
    {
      "date": "2020-12-31T00:00:00",
      "quarter_label": "2020-12 (Q4)",
      "revenue": 250214000,
      "gross_profit": null,
      "operating_income": 30052000,
      "net_income": 23622000,
      "opex": 220162000,
      "cogs": null,
      "rd": null,
      "sga": 56413000,
      "fcf": 64821000,
      "ocf": 66354000,
      "capex": -1533000,
      "gross_margin": null,
      "op_margin": 0.12010518995739647,
      "fcf_margin": 0.2590622427202315
    },
    {
      "date": "2021-03-31T00:00:00",
      "quarter_label": "2021-03 (Q1)",
      "revenue": 183977000,
      "gross_profit": null,
      "operating_income": 20200000,
      "net_income": 15012000,
      "opex": 163777000,
      "cogs": null,
      "rd": null,
      "sga": 51677000,
      "fcf": -21201000,
      "ocf": -20102000,
      "capex": -1099000,
      "gross_margin": null,
      "op_margin": 0.10979633323730684,
      "fcf_margin": -0.11523723074079913,
      "fcf_margin_change": -0.3742994734610306
    },
    {
      "date": "2021-06-30T00:00:00",
      "quarter_label": "2021-06 (Q2)",
      "revenue": 284946000,
      "gross_profit": null,
      "operating_income": 41605000,
      "net_income": 31532000,
      "opex": 243341000,
      "cogs": null,
      "rd": null,
      "sga": 61797000,
      "fcf": 51897000,
      "ocf": 53568000,
      "capex": -1671000,
      "gross_margin": null,
      "op_margin": 0.1460101212159497,
      "fcf_margin": 0.18212924554126045,
      "op_leverage_ratio": 1.1296940077090438,
      "fcf_margin_change": 0.2973664762820596
    },
    {
      "date": "2021-09-30T00:00:00",
      "quarter_label": "2021-09 (Q3)",
      "revenue": 332383000,
      "gross_profit": null,
      "operating_income": 45666000,
      "net_income": 33924000,
      "opex": 286717000,
      "cogs": null,
      "rd": null,
      "sga": 64673000,
      "fcf": 64659000,
      "ocf": 66127000,
      "capex": -1468000,
      "gross_margin": null,
      "op_margin": 0.1373896980290809,
      "fcf_margin": 0.19453160961902383,
      "op_leverage_ratio": 0.9339431455154693,
      "fcf_margin_change": 0.012402364077763378
    },
    {
      "date": "2021-12-31T00:00:00",
      "quarter_label": "2021-12 (Q4)",
      "revenue": 495134000,
      "gross_profit": null,
      "operating_income": 81885000,
      "net_income": 62002000,
      "opex": 413249000,
      "cogs": null,
      "rd": null,
      "sga": 77007000,
      "fcf": 153691000,
      "ocf": 156310000,
      "capex": -2619000,
      "gross_margin": null,
      "op_margin": 0.165379473031543,
      "fcf_margin": 0.31040284044319316,
      "incr_op_margin_yoy": 0.21163236975338887,
      "rev_growth_yoy": 0.9788421111528531,
      "op_leverage_ratio": 1.10952714930665,
      "fcf_margin_change": 0.11587123082416934
    },
    {
      "date": "2022-03-31T00:00:00",
      "quarter_label": "2022-03 (Q1)",
      "revenue": 319464000,
      "gross_profit": null,
      "operating_income": 44250000,
      "net_income": 32783000,
      "opex": 275214000,
      "cogs": null,
      "rd": null,
      "sga": 74535000,
      "fcf": -69418000,
      "ocf": -67535000,
      "capex": -1883000,
      "gross_margin": null,
      "op_margin": 0.13851325971001427,
      "fcf_margin": -0.21729521949265018,
      "incr_op_margin_yoy": 0.17750780517688045,
      "rev_growth_yoy": 0.7364344456100491,
      "rev_growth_yoy_accel": -0.24240766554280402,
      "fcf_margin_change": -0.5276980599358434
    },
    {
      "date": "2022-06-30T00:00:00",
      "quarter_label": "2022-06 (Q2)",
      "revenue": 395957000,
      "gross_profit": null,
      "operating_income": 56742000,
      "net_income": 42168000,
      "opex": 339215000,
      "cogs": null,
      "rd": null,
      "sga": 79841000,
      "fcf": 12556000,
      "ocf": 15695000,
      "capex": -3139000,
      "gross_margin": null,
      "op_margin": 0.14330343951489682,
      "fcf_margin": 0.031710514020461815,
      "incr_op_margin_yoy": 0.13635585662682076,
      "rev_growth_yoy": 0.389586097014873,
      "rev_growth_yoy_accel": -0.3468483485951761,
      "op_leverage_ratio": 1.0296355560850905,
      "fcf_margin_change": 0.249005733513112
    },
    {
      "date": "2022-09-30T00:00:00",
      "quarter_label": "2022-09 (Q3)",
      "revenue": 323840000,
      "gross_profit": null,
      "operating_income": 30552000,
      "net_income": 21362000,
      "opex": 293288000,
      "cogs": null,
      "rd": null,
      "sga": 73004000,
      "fcf": 36523000,
      "ocf": 40065000,
      "capex": -3542000,
      "gross_margin": null,
      "op_margin": 0.09434288537549407,
      "fcf_margin": 0.11278100296442688,
      "incr_op_margin_yoy": 1.7691677396699053,
      "rev_growth_yoy": -0.025702277192275177,
      "rev_growth_yoy_accel": -0.4152883742071482,
      "fcf_margin_change": 0.08107048894396507
    },
    {
      "date": "2022-12-31T00:00:00",
      "quarter_label": "2022-12 (Q4)",
      "revenue": 262449000,
      "gross_profit": null,
      "operating_income": 5857000,
      "net_income": 7912000,
      "opex": 256592000,
      "cogs": null,
      "rd": null,
      "sga": 72629000,
      "fcf": 22302000,
      "ocf": 25404000,
      "capex": -3102000,
      "gross_margin": null,
      "op_margin": 0.022316716771639444,
      "fcf_margin": 0.08497650972188882,
      "incr_op_margin_yoy": 0.32674216215054686,
      "rev_growth_yoy": -0.4699434900451191,
      "rev_growth_yoy_accel": -0.4442412128528439,
      "fcf_margin_change": -0.02780449324253806
    },
    {
      "date": "2023-03-31T00:00:00",
      "quarter_label": "2023-03 (Q1)",
      "revenue": 154792000,
      "gross_profit": null,
      "operating_income": -16061000,
      "net_income": -5833000,
      "opex": 170853000,
      "cogs": null,
      "rd": null,
      "sga": 72219000,
      "fcf": -104070000,
      "ocf": -101207000,
      "capex": -2863000,
      "gross_margin": null,
      "op_margin": -0.10375859217530621,
      "fcf_margin": -0.6723215670060468,
      "incr_op_margin_yoy": 0.366249271278663,
      "rev_growth_yoy": -0.515463401197005,
      "rev_growth_yoy_accel": -0.04551991115188586,
      "fcf_margin_change": -0.7572980767279357
    },
    {
      "date": "2023-06-30T00:00:00",
      "quarter_label": "2023-06 (Q2)",
      "revenue": 162866000,
      "gross_profit": null,
      "operating_income": -10675000,
      "net_income": -8729000,
      "opex": 173541000,
      "cogs": null,
      "rd": null,
      "sga": 68910000,
      "fcf": 3826000,
      "ocf": 6432000,
      "capex": -2606000,
      "gross_margin": null,
      "op_margin": -0.06554468090331929,
      "fcf_margin": 0.02349170483710535,
      "incr_op_margin_yoy": 0.28923038641560594,
      "rev_growth_yoy": -0.5886775584217478,
      "rev_growth_yoy_accel": -0.07321415722474289,
      "op_leverage_ratio": 3.3153820212884755,
      "fcf_margin_change": 0.6958132718431522
    },
    {
      "date": "2023-09-30T00:00:00",
      "quarter_label": "2023-09 (Q3)",
      "revenue": 162026000,
      "gross_profit": null,
      "operating_income": -15431000,
      "net_income": -9240000,
      "opex": 177457000,
      "cogs": null,
      "rd": null,
      "sga": 69192000,
      "fcf": 5441000,
      "ocf": 7661000,
      "capex": -2220000,
      "gross_margin": null,
      "op_margin": -0.09523780134052559,
      "fcf_margin": 0.033581030205028825,
      "incr_op_margin_yoy": 0.28417195051108063,
      "rev_growth_yoy": -0.49967267786561265,
      "rev_growth_yoy_accel": 0.0890048805561352,
      "fcf_margin_change": 0.010089325367923476
    },
    {
      "date": "2023-12-31T00:00:00",
      "quarter_label": "2023-12 (Q4)",
      "revenue": 166243000,
      "gross_profit": null,
      "operating_income": -17201000,
      "net_income": -10233000,
      "opex": 183444000,
      "cogs": null,
      "rd": null,
      "sga": 74702000,
      "fcf": 13003000,
      "ocf": 14684000,
      "capex": -1681000,
      "gross_margin": null,
      "op_margin": -0.10346901824437721,
      "fcf_margin": 0.07821682717467802,
      "incr_op_margin_yoy": 0.23967320125563893,
      "rev_growth_yoy": -0.36657026698520473,
      "rev_growth_yoy_accel": 0.13310241088040792,
      "op_leverage_ratio": 0.7714410904047095,
      "fcf_margin_change": 0.0446357969696492
    },
    {
      "date": "2024-03-31T00:00:00",
      "quarter_label": "2024-03 (Q1)",
      "revenue": 129104000,
      "gross_profit": null,
      "operating_income": -20102000,
      "net_income": -9987000,
      "opex": 149206000,
      "cogs": null,
      "rd": null,
      "sga": 68916000,
      "fcf": -53660000,
      "ocf": -51021000,
      "capex": -2639000,
      "gross_margin": null,
      "op_margin": -0.15570392861568969,
      "fcf_margin": -0.41563390754740365,
      "incr_op_margin_yoy": 0.15731080660230456,
      "rev_growth_yoy": -0.16595172877151274,
      "rev_growth_yoy_accel": 0.200618538213692,
      "fcf_margin_change": -0.4938507347220817
    },
    {
      "date": "2024-06-30T00:00:00",
      "quarter_label": "2024-06 (Q2)",
      "revenue": 158367000,
      "gross_profit": null,
      "operating_income": -8046000,
      "net_income": -5538000,
      "opex": 166413000,
      "cogs": null,
      "rd": null,
      "sga": 65003000,
      "fcf": -806000,
      "ocf": 851000,
      "capex": -1657000,
      "gross_margin": null,
      "op_margin": -0.05080603913694141,
      "fcf_margin": -0.005089444139246182,
      "incr_op_margin_yoy": -0.5843520782396088,
      "rev_growth_yoy": -0.027623936242064027,
      "rev_growth_yoy_accel": 0.1383277925294487,
      "op_leverage_ratio": 1.96544220742029,
      "fcf_margin_change": 0.4105444634081575
    },
    {
      "date": "2024-09-30T00:00:00",
      "quarter_label": "2024-09 (Q3)",
      "revenue": 168511000,
      "gross_profit": null,
      "operating_income": -11465000,
      "net_income": -5385000,
      "opex": 179976000,
      "cogs": null,
      "rd": null,
      "sga": 70672000,
      "fcf": 13181000,
      "ocf": 15229000,
      "capex": -2048000,
      "gross_margin": null,
      "op_margin": -0.0680371014355146,
      "fcf_margin": 0.07822041291072987,
      "incr_op_margin_yoy": 0.6115651503469545,
      "rev_growth_yoy": 0.040024440521891545,
      "rev_growth_yoy_accel": 0.06764837676395558,
      "op_leverage_ratio": 0.7859158343290668,
      "fcf_margin_change": 0.08330985704997605
    },
    {
      "date": "2024-12-31T00:00:00",
      "quarter_label": "2024-12 (Q4)",
      "revenue": 240078000,
      "gross_profit": null,
      "operating_income": 6704000,
      "net_income": 8548000,
      "opex": 233374000,
      "cogs": null,
      "rd": null,
      "sga": 76318000,
      "fcf": 55126000,
      "ocf": 56655000,
      "capex": -1529000,
      "gross_margin": null,
      "op_margin": 0.027924257949499747,
      "fcf_margin": 0.22961704112829998,
      "incr_op_margin_yoy": 0.32376244328570464,
      "rev_growth_yoy": 0.4441390013414099,
      "rev_growth_yoy_accel": 0.40411456081951835,
      "op_leverage_ratio": 1.4314433356761576,
      "fcf_margin_change": 0.1513966282175701
    },
    {
      "date": "2025-03-31T00:00:00",
      "quarter_label": "2025-03 (Q1)",
      "revenue": 145038000,
      "gross_profit": null,
      "operating_income": -17711000,
      "net_income": -4422000,
      "opex": 162749000,
      "cogs": null,
      "rd": null,
      "sga": 71552000,
      "fcf": -54332000,
      "ocf": -52841000,
      "capex": -1491000,
      "gross_margin": null,
      "op_margin": -0.12211282560432439,
      "fcf_margin": -0.3746052758587405,
      "incr_op_margin_yoy": 0.15005648299234342,
      "rev_growth_yoy": 0.12341987854752758,
      "rev_growth_yoy_accel": -0.3207191227938823,
      "fcf_margin_change": -0.6042223169870404
    },
    {
      "date": "2025-06-30T00:00:00",
      "quarter_label": "2025-06 (Q2)",
      "revenue": 172276000,
      "gross_profit": null,
      "operating_income": -9045000,
      "net_income": -11035000,
      "opex": 181321000,
      "cogs": null,
      "rd": null,
      "sga": 71550000,
      "fcf": 19287000,
      "ocf": 21020000,
      "capex": -1733000,
      "gross_margin": null,
      "op_margin": -0.052502960365924445,
      "fcf_margin": 0.1119540736956976,
      "incr_op_margin_yoy": -0.07182399884966569,
      "rev_growth_yoy": 0.08782764085952251,
      "rev_growth_yoy_accel": -0.03559223768800507,
      "op_leverage_ratio": 1.6457090859256185,
      "fcf_margin_change": 0.4865593495544381
    },
    {
      "date": "2025-09-30T00:00:00",
      "quarter_label": "2025-09 (Q3)",
      "revenue": 193892000,
      "gross_profit": null,
      "operating_income": -2374000,
      "net_income": 240000,
      "opex": 196266000,
      "cogs": null,
      "rd": null,
      "sga": 72527000,
      "fcf": 49958000,
      "ocf": 52210000,
      "capex": -2252000,
      "gross_margin": null,
      "op_margin": -0.012243929610298517,
      "fcf_margin": 0.2576589028943948,
      "incr_op_margin_yoy": 0.35818131673298925,
      "rev_growth_yoy": 0.15061924740818106,
      "rev_growth_yoy_accel": 0.06279160654865855,
      "op_leverage_ratio": 1.5223087314332433,
      "fcf_margin_change": 0.1457048291986972
    }
  ],
  "signals": [
    {
      "quarter": "2025-09 (Q3)",
      "signal": "FCF MARGIN EXPANSION",
      "detail": "FCF margin: +11.2% -> +25.8% (+14.6%)",
      "severity": "MEDIUM"
    },
    {
      "quarter": "2025-09 (Q3)",
      "signal": "OPERATING LEVERAGE",
      "detail": "Rev growth +12.5% vs OpEx growth +8.2% (leverage: 1.5x)",
      "severity": "MEDIUM"
    },
    {
      "quarter": "2025-09 (Q3)",
      "signal": "YoY REVENUE GROWTH ACCELERATION",
      "detail": "YoY growth: +15.1% vs prior quarter YoY: +8.8% (accel: +6.3%)",
      "severity": "MEDIUM"
    },
    {
      "quarter": "2025-06 (Q2)",
      "signal": "FCF TURNED POSITIVE",
      "detail": "FCF margin: -37.5% -> +11.2%",
      "severity": "HIGH"
    },
    {
      "quarter": "2025-06 (Q2)",
      "signal": "OPERATING LEVERAGE",
      "detail": "Rev growth +18.8% vs OpEx growth +11.4% (leverage: 1.6x)",
      "severity": "MEDIUM"
    },
    {
      "quarter": "2025-03 (Q1)",
      "signal": "YoY REVENUE GROWTH DECELERATION",
      "detail": "YoY growth: +12.3% vs prior quarter YoY: +44.4% (decel: -32.1%)",
      "severity": "WARNING"
    },
    {
      "quarter": "2024-12 (Q4)",
      "signal": "FCF MARGIN EXPANSION",
      "detail": "FCF margin: +7.8% -> +23.0% (+15.1%)",
      "severity": "MEDIUM"
    },
    {
      "quarter": "2024-12 (Q4)",
      "signal": "YoY REVENUE GROWTH ACCELERATION",
      "detail": "YoY growth: +44.4% vs prior quarter YoY: +4.0% (accel: +40.4%)",
      "severity": "HIGH"
    },
    {
      "quarter": "2024-12 (Q4)",
      "signal": "OP MARGIN TURNED POSITIVE (YoY)",
      "detail": "Op margin: -10.3% (year-ago) -> +2.8%",
      "severity": "HIGH"
    },
    {
      "quarter": "2024-12 (Q4)",
      "signal": "OP MARGIN TURNED POSITIVE (QoQ)",
      "detail": "Op margin: -6.8% -> +2.8%",
      "severity": "HIGH"
    },
    {
      "quarter": "2024-09 (Q3)",
      "signal": "FCF TURNED POSITIVE",
      "detail": "FCF margin: -0.5% -> +7.8%",
      "severity": "HIGH"
    },
    {
      "quarter": "2024-09 (Q3)",
      "signal": "YoY REVENUE GROWTH ACCELERATION",
      "detail": "YoY growth: +4.0% vs prior quarter YoY: -2.8% (accel: +6.8%)",
      "severity": "MEDIUM"
    },
    {
      "quarter": "2024-06 (Q2)",
      "signal": "FCF MARGIN EXPANSION",
      "detail": "FCF margin: -41.6% -> -0.5% (+41.1%)",
      "severity": "MEDIUM"
    },
    {
      "quarter": "2024-06 (Q2)",
      "signal": "OPERATING LEVERAGE",
      "detail": "Rev growth +22.7% vs OpEx growth +11.5% (leverage: 2.0x)",
      "severity": "MEDIUM"
    },
    {
      "quarter": "2024-06 (Q2)",
      "signal": "YoY REVENUE GROWTH ACCELERATION",
      "detail": "YoY growth: -2.8% vs prior quarter YoY: -16.6% (accel: +13.8%)",
      "severity": "MEDIUM"
    },
    {
      "quarter": "2024-03 (Q1)",
      "signal": "YoY REVENUE GROWTH ACCELERATION",
      "detail": "YoY growth: -16.6% vs prior quarter YoY: -36.7% (accel: +20.1%)",
      "severity": "HIGH"
    },
    {
      "quarter": "2023-12 (Q4)",
      "signal": "YoY REVENUE GROWTH ACCELERATION",
      "detail": "YoY growth: -36.7% vs prior quarter YoY: -50.0% (accel: +13.3%)",
      "severity": "MEDIUM"
    },
    {
      "quarter": "2023-09 (Q3)",
      "signal": "YoY REVENUE GROWTH ACCELERATION",
      "detail": "YoY growth: -50.0% vs prior quarter YoY: -58.9% (accel: +8.9%)",
      "severity": "MEDIUM"
    },
    {
      "quarter": "2023-06 (Q2)",
      "signal": "FCF TURNED POSITIVE",
      "detail": "FCF margin: -67.2% -> +2.3%",
      "severity": "HIGH"
    },
    {
      "quarter": "2023-06 (Q2)",
      "signal": "OPERATING LEVERAGE",
      "detail": "Rev growth +5.2% vs OpEx growth +1.6% (leverage: 3.3x)",
      "severity": "MEDIUM"
    },
    {
      "quarter": "2023-06 (Q2)",
      "signal": "YoY REVENUE GROWTH DECELERATION",
      "detail": "YoY growth: -58.9% vs prior quarter YoY: -51.5% (decel: -7.3%)",
      "severity": "WARNING"
    },
    {
      "quarter": "2022-12 (Q4)",
      "signal": "YoY REVENUE GROWTH DECELERATION",
      "detail": "YoY growth: -47.0% vs prior quarter YoY: -2.6% (decel: -44.4%)",
      "severity": "WARNING"
    },
    {
      "quarter": "2022-12 (Q4)",
      "signal": "INCREMENTAL MARGIN (YoY)",
      "detail": "YoY Incr OPM: +32.7% vs year-ago OPM: +16.5%",
      "severity": "MEDIUM"
    },
    {
      "quarter": "2022-09 (Q3)",
      "signal": "FCF MARGIN EXPANSION",
      "detail": "FCF margin: +3.2% -> +11.3% (+8.1%)",
      "severity": "MEDIUM"
    },
    {
      "quarter": "2022-09 (Q3)",
      "signal": "YoY REVENUE GROWTH DECELERATION",
      "detail": "YoY growth: -2.6% vs prior quarter YoY: +39.0% (decel: -41.5%)",
      "severity": "WARNING"
    },
    {
      "quarter": "2022-09 (Q3)",
      "signal": "INCREMENTAL MARGIN (YoY)",
      "detail": "YoY Incr OPM: +176.9% vs year-ago OPM: +13.7%",
      "severity": "HIGH"
    },
    {
      "quarter": "2022-06 (Q2)",
      "signal": "FCF TURNED POSITIVE",
      "detail": "FCF margin: -21.7% -> +3.2%",
      "severity": "HIGH"
    },
    {
      "quarter": "2022-06 (Q2)",
      "signal": "YoY REVENUE GROWTH DECELERATION",
      "detail": "YoY growth: +39.0% vs prior quarter YoY: +73.6% (decel: -34.7%)",
      "severity": "WARNING"
    },
    {
      "quarter": "2022-03 (Q1)",
      "signal": "YoY REVENUE GROWTH DECELERATION",
      "detail": "YoY growth: +73.6% vs prior quarter YoY: +97.9% (decel: -24.2%)",
      "severity": "WARNING"
    },
    {
      "quarter": "2021-12 (Q4)",
      "signal": "FCF MARGIN EXPANSION",
      "detail": "FCF margin: +19.5% -> +31.0% (+11.6%)",
      "severity": "MEDIUM"
    },
    {
      "quarter": "2021-06 (Q2)",
      "signal": "FCF TURNED POSITIVE",
      "detail": "FCF margin: -11.5% -> +18.2%",
      "severity": "HIGH"
    }
  ],
  "data_quality": {
    "n_quarters": 20,
    "coverage": {
      "revenue": [
        20,
        20
      ],
      "gross_profit": [
        0,
        20
      ],
      "op_income": [
        20,
        20
      ],
      "fcf": [
        20,
        20
      ]
    },
    "gaps": [],
    "warnings": [
      "gross_profit: no data"
    ]
  },
  "market_cap": null,
  "source": "SEC EDGAR",
  "last_updated": "2026-02-02T22:00:23.784842",
  "sector": "Real Estate",
  "industry": "Real Estate Services"
}