{
  "ticker": "MNR",
  "name": "Mach Natural Resources LP",
  "quarters": [
    {
      "date": "2022-09-30T00:00:00",
      "quarter_label": "2022-09 (Q3)",
      "revenue": 295744000,
      "gross_profit": null,
      "operating_income": 174836000,
      "net_income": 172220000,
      "opex": 120908000,
      "cogs": null,
      "rd": null,
      "sga": null,
      "fcf": null,
      "ocf": null,
      "capex": null,
      "gross_margin": null,
      "op_margin": 0.5911734473057779,
      "fcf_margin": null
    },
    {
      "date": "2022-12-31T00:00:00",
      "quarter_label": "2022-12 (Q4)",
      "revenue": 238241000,
      "gross_profit": null,
      "operating_income": 124163000,
      "net_income": 121991000,
      "opex": 114078000,
      "cogs": null,
      "rd": null,
      "sga": null,
      "fcf": 155240000,
      "ocf": 155240000,
      "capex": null,
      "gross_margin": null,
      "op_margin": 0.5211655424549091,
      "fcf_margin": 0.6516090849182131
    },
    {
      "date": "2023-03-31T00:00:00",
      "quarter_label": "2023-03 (Q1)",
      "revenue": 192173000,
      "gross_profit": null,
      "operating_income": 93396000,
      "net_income": 91694000,
      "opex": 98777000,
      "cogs": null,
      "rd": null,
      "sga": null,
      "fcf": 147149000,
      "ocf": 147149000,
      "capex": null,
      "gross_margin": null,
      "op_margin": 0.48599959411571864,
      "fcf_margin": 0.7657111040572817,
      "fcf_margin_change": 0.11410201913906859
    },
    {
      "date": "2023-06-30T00:00:00",
      "quarter_label": "2023-06 (Q2)",
      "revenue": 166921000,
      "gross_profit": null,
      "operating_income": 80141000,
      "net_income": 77809000,
      "opex": 86780000,
      "cogs": null,
      "rd": null,
      "sga": null,
      "fcf": 127996000,
      "ocf": 127996000,
      "capex": null,
      "gross_margin": null,
      "op_margin": 0.48011334703242853,
      "fcf_margin": 0.7668058542663895,
      "fcf_margin_change": 0.0010947502091077643
    },
    {
      "date": "2023-09-30T00:00:00",
      "quarter_label": "2023-09 (Q3)",
      "revenue": 175389000,
      "gross_profit": null,
      "operating_income": 83744000,
      "net_income": 83485000,
      "opex": 91645000,
      "cogs": null,
      "rd": null,
      "sga": null,
      "fcf": 106822000,
      "ocf": 106822000,
      "capex": null,
      "gross_margin": null,
      "op_margin": 0.47747578240368554,
      "fcf_margin": 0.6090575805780294,
      "incr_op_margin_yoy": 0.7568609530140002,
      "rev_growth_yoy": -0.40695669227439946,
      "op_leverage_ratio": 0.9049126777655488,
      "fcf_margin_change": -0.15774827368836009
    },
    {
      "date": "2023-12-31T00:00:00",
      "quarter_label": "2023-12 (Q4)",
      "revenue": 227826000,
      "gross_profit": null,
      "operating_income": 101863000,
      "net_income": 93570000,
      "opex": 125963000,
      "cogs": null,
      "rd": null,
      "sga": null,
      "fcf": 109775000,
      "ocf": 109775000,
      "capex": null,
      "gross_margin": null,
      "op_margin": 0.44710875843845743,
      "fcf_margin": 0.48183701596832673,
      "incr_op_margin_yoy": 2.14114258281325,
      "rev_growth_yoy": -0.04371623691975773,
      "rev_growth_yoy_accel": 0.3632404553546417,
      "op_leverage_ratio": 0.7984032402266433,
      "fcf_margin_change": -0.12722056460970266
    },
    {
      "date": "2024-03-31T00:00:00",
      "quarter_label": "2024-03 (Q1)",
      "revenue": 239155000,
      "gross_profit": null,
      "operating_income": 67244000,
      "net_income": 41702000,
      "opex": 171911000,
      "cogs": null,
      "rd": null,
      "sga": null,
      "fcf": 143953000,
      "ocf": 143953000,
      "capex": null,
      "gross_margin": null,
      "op_margin": 0.28117329765215027,
      "fcf_margin": 0.6019234387740169,
      "incr_op_margin_yoy": -0.5566387126984803,
      "rev_growth_yoy": 0.24447763213354634,
      "rev_growth_yoy_accel": 0.2881938690533041,
      "op_leverage_ratio": 0.13632159997498727,
      "fcf_margin_change": 0.12008642280569015
    },
    {
      "date": "2024-06-30T00:00:00",
      "quarter_label": "2024-06 (Q2)",
      "revenue": 239994000,
      "gross_profit": null,
      "operating_income": 70483000,
      "net_income": 39516000,
      "opex": 169511000,
      "cogs": null,
      "rd": null,
      "sga": null,
      "fcf": 116831000,
      "ocf": 116831000,
      "capex": null,
      "gross_margin": null,
      "op_margin": 0.2936865088293874,
      "fcf_margin": 0.4868080035334217,
      "incr_op_margin_yoy": -0.13216920066235135,
      "rev_growth_yoy": 0.4377699630364064,
      "rev_growth_yoy_accel": 0.19329233090286008,
      "fcf_margin_change": -0.1151154352405952
    },
    {
      "date": "2024-09-30T00:00:00",
      "quarter_label": "2024-09 (Q3)",
      "revenue": 255536000,
      "gross_profit": null,
      "operating_income": 94734000,
      "net_income": 67444000,
      "opex": 160802000,
      "cogs": null,
      "rd": null,
      "sga": null,
      "fcf": 110847000,
      "ocf": 110847000,
      "capex": null,
      "gross_margin": null,
      "op_margin": 0.3707266295159977,
      "fcf_margin": 0.4337823242126354,
      "incr_op_margin_yoy": 0.1371230364205772,
      "rev_growth_yoy": 0.45696708459481494,
      "rev_growth_yoy_accel": 0.019197121558408525,
      "op_leverage_ratio": Infinity,
      "fcf_margin_change": -0.05302567932078628
    },
    {
      "date": "2024-12-31T00:00:00",
      "quarter_label": "2024-12 (Q4)",
      "revenue": 234943000,
      "gross_profit": null,
      "operating_income": 58531000,
      "net_income": 36517000,
      "opex": 176412000,
      "cogs": null,
      "rd": null,
      "sga": null,
      "fcf": 133661000,
      "ocf": 133661000,
      "capex": null,
      "gross_margin": null,
      "op_margin": 0.24912851202206493,
      "fcf_margin": 0.5689082032663242,
      "incr_op_margin_yoy": -6.088520444007306,
      "rev_growth_yoy": 0.0312387523812032,
      "rev_growth_yoy_accel": -0.4257283322136117,
      "fcf_margin_change": 0.13512587905368878
    },
    {
      "date": "2025-03-31T00:00:00",
      "quarter_label": "2025-03 (Q1)",
      "revenue": 226768000,
      "gross_profit": null,
      "operating_income": 51672000,
      "net_income": 15886000,
      "opex": 175096000,
      "cogs": null,
      "rd": null,
      "sga": null,
      "fcf": 142519000,
      "ocf": 142519000,
      "capex": null,
      "gross_margin": null,
      "op_margin": 0.2278628377901644,
      "fcf_margin": 0.6284793268891554,
      "incr_op_margin_yoy": 1.2571244046177443,
      "rev_growth_yoy": -0.051794861073362466,
      "rev_growth_yoy_accel": -0.08303361345456567,
      "fcf_margin_change": 0.059571123622831235
    },
    {
      "date": "2025-06-30T00:00:00",
      "quarter_label": "2025-06 (Q2)",
      "revenue": 288517000,
      "gross_profit": null,
      "operating_income": 111297000,
      "net_income": 89661000,
      "opex": 177220000,
      "cogs": null,
      "rd": null,
      "sga": null,
      "fcf": 130141000,
      "ocf": 130141000,
      "capex": null,
      "gross_margin": null,
      "op_margin": 0.3857554320889237,
      "fcf_margin": 0.4510687411833618,
      "incr_op_margin_yoy": 0.8411268882797849,
      "rev_growth_yoy": 0.20218422127219848,
      "rev_growth_yoy_accel": 0.25397908234556094,
      "op_leverage_ratio": 22.44759775390543,
      "fcf_margin_change": -0.1774105857057936
    },
    {
      "date": "2025-09-30T00:00:00",
      "quarter_label": "2025-09 (Q3)",
      "revenue": 272562000,
      "gross_profit": null,
      "operating_income": -19200000,
      "net_income": -35654000,
      "opex": 291762000,
      "cogs": null,
      "rd": null,
      "sga": null,
      "fcf": 105547000,
      "ocf": 105547000,
      "capex": null,
      "gross_margin": null,
      "op_margin": -0.07044268826909107,
      "fcf_margin": 0.3872403343092581,
      "incr_op_margin_yoy": -6.69176553506402,
      "rev_growth_yoy": 0.06662857679544174,
      "rev_growth_yoy_accel": -0.13555564447675675,
      "fcf_margin_change": -0.06382840687410374
    }
  ],
  "signals": [
    {
      "quarter": "2025-09 (Q3)",
      "signal": "YoY REVENUE GROWTH DECELERATION",
      "detail": "YoY growth: +6.7% vs prior quarter YoY: +20.2% (decel: -13.6%)",
      "severity": "WARNING"
    },
    {
      "quarter": "2025-06 (Q2)",
      "signal": "OPERATING LEVERAGE",
      "detail": "Rev growth +27.2% vs OpEx growth +1.2% (leverage: 22.4x)",
      "severity": "MEDIUM"
    },
    {
      "quarter": "2025-06 (Q2)",
      "signal": "YoY REVENUE GROWTH ACCELERATION",
      "detail": "YoY growth: +20.2% vs prior quarter YoY: -5.2% (accel: +25.4%)",
      "severity": "HIGH"
    },
    {
      "quarter": "2025-06 (Q2)",
      "signal": "INCREMENTAL MARGIN (YoY)",
      "detail": "YoY Incr OPM: +84.1% vs year-ago OPM: +29.4%",
      "severity": "HIGH"
    },
    {
      "quarter": "2025-03 (Q1)",
      "signal": "FCF MARGIN EXPANSION",
      "detail": "FCF margin: +56.9% -> +62.8% (+6.0%)",
      "severity": "MEDIUM"
    },
    {
      "quarter": "2025-03 (Q1)",
      "signal": "YoY REVENUE GROWTH DECELERATION",
      "detail": "YoY growth: -5.2% vs prior quarter YoY: +3.1% (decel: -8.3%)",
      "severity": "WARNING"
    },
    {
      "quarter": "2025-03 (Q1)",
      "signal": "INCREMENTAL MARGIN (YoY)",
      "detail": "YoY Incr OPM: +125.7% vs year-ago OPM: +28.1%",
      "severity": "HIGH"
    },
    {
      "quarter": "2024-12 (Q4)",
      "signal": "FCF MARGIN EXPANSION",
      "detail": "FCF margin: +43.4% -> +56.9% (+13.5%)",
      "severity": "MEDIUM"
    },
    {
      "quarter": "2024-12 (Q4)",
      "signal": "YoY REVENUE GROWTH DECELERATION",
      "detail": "YoY growth: +3.1% vs prior quarter YoY: +45.7% (decel: -42.6%)",
      "severity": "WARNING"
    },
    {
      "quarter": "2024-06 (Q2)",
      "signal": "YoY REVENUE GROWTH ACCELERATION",
      "detail": "YoY growth: +43.8% vs prior quarter YoY: +24.4% (accel: +19.3%)",
      "severity": "HIGH"
    },
    {
      "quarter": "2024-03 (Q1)",
      "signal": "FCF MARGIN EXPANSION",
      "detail": "FCF margin: +48.2% -> +60.2% (+12.0%)",
      "severity": "MEDIUM"
    },
    {
      "quarter": "2024-03 (Q1)",
      "signal": "YoY REVENUE GROWTH ACCELERATION",
      "detail": "YoY growth: +24.4% vs prior quarter YoY: -4.4% (accel: +28.8%)",
      "severity": "HIGH"
    },
    {
      "quarter": "2023-12 (Q4)",
      "signal": "YoY REVENUE GROWTH ACCELERATION",
      "detail": "YoY growth: -4.4% vs prior quarter YoY: -40.7% (accel: +36.3%)",
      "severity": "HIGH"
    },
    {
      "quarter": "2023-12 (Q4)",
      "signal": "INCREMENTAL MARGIN (YoY)",
      "detail": "YoY Incr OPM: +214.1% vs year-ago OPM: +52.1%",
      "severity": "HIGH"
    },
    {
      "quarter": "2023-09 (Q3)",
      "signal": "INCREMENTAL MARGIN (YoY)",
      "detail": "YoY Incr OPM: +75.7% vs year-ago OPM: +59.1%",
      "severity": "MEDIUM"
    },
    {
      "quarter": "2023-03 (Q1)",
      "signal": "FCF MARGIN EXPANSION",
      "detail": "FCF margin: +65.2% -> +76.6% (+11.4%)",
      "severity": "MEDIUM"
    }
  ],
  "data_quality": {
    "n_quarters": 13,
    "coverage": {
      "revenue": [
        13,
        13
      ],
      "gross_profit": [
        0,
        13
      ],
      "op_income": [
        13,
        13
      ],
      "fcf": [
        12,
        13
      ]
    },
    "gaps": [],
    "warnings": [
      "gross_profit: no data"
    ]
  },
  "market_cap": null,
  "source": "SEC EDGAR",
  "last_updated": "2026-02-02T21:38:19.798002",
  "sector": "Energy",
  "industry": "Oil & Gas E&P"
}