{
  "ticker": "MNRO",
  "name": "MONRO, INC.",
  "quarters": [
    {
      "date": "2021-03-27T00:00:00",
      "quarter_label": "2021-03 (Q1)",
      "revenue": 305484000,
      "gross_profit": 107077000,
      "operating_income": 20723000,
      "net_income": 11803000,
      "opex": 86354000,
      "cogs": null,
      "rd": null,
      "sga": null,
      "fcf": 13178000,
      "ocf": 25689000,
      "capex": -12511000,
      "gross_margin": 0.3505159026331985,
      "op_margin": 0.06783661337418653,
      "fcf_margin": 0.043138102159196556
    },
    {
      "date": "2021-06-26T00:00:00",
      "quarter_label": "2021-06 (Q2)",
      "revenue": 341818000,
      "gross_profit": 125931000,
      "operating_income": 27917000,
      "net_income": 15681000,
      "opex": 98014000,
      "cogs": null,
      "rd": null,
      "sga": null,
      "fcf": 57515000,
      "ocf": 62714000,
      "capex": -5199000,
      "gross_margin": 0.36841535554008276,
      "op_margin": 0.08167211791070102,
      "fcf_margin": 0.16826205758620083,
      "op_leverage_ratio": 0.8808635759808696,
      "fcf_margin_change": 0.12512395542700427
    },
    {
      "date": "2021-09-25T00:00:00",
      "quarter_label": "2021-09 (Q3)",
      "revenue": 347699000,
      "gross_profit": 130683000,
      "operating_income": 34478000,
      "net_income": 20985000,
      "opex": 96205000,
      "cogs": null,
      "rd": null,
      "sga": null,
      "fcf": 34758000,
      "ocf": 39604000,
      "capex": -4846000,
      "gross_margin": 0.37585095154141945,
      "op_margin": 0.09916048076065792,
      "fcf_margin": 0.09996577499503881,
      "op_leverage_ratio": Infinity,
      "fcf_margin_change": -0.06829628259116202
    },
    {
      "date": "2021-12-25T00:00:00",
      "quarter_label": "2021-12 (Q4)",
      "revenue": 341781000,
      "gross_profit": 120582000,
      "operating_income": 27436000,
      "net_income": 16287000,
      "opex": 93146000,
      "cogs": null,
      "rd": null,
      "sga": null,
      "fcf": 17519000,
      "ocf": 24919000,
      "capex": -7400000,
      "gross_margin": 0.3528048662740176,
      "op_margin": 0.0802736255087322,
      "fcf_margin": 0.051257969284424824,
      "fcf_margin_change": -0.048707805710613984
    },
    {
      "date": "2022-03-26T00:00:00",
      "quarter_label": "2022-03 (Q1)",
      "revenue": 328030000,
      "gross_profit": 104640000,
      "operating_income": 11468000,
      "net_income": 8615000,
      "opex": 93172000,
      "cogs": null,
      "rd": null,
      "sga": null,
      "fcf": 36137000,
      "ocf": 46522000,
      "capex": -10385000,
      "gross_margin": 0.31899521385239155,
      "op_margin": 0.034960217053318296,
      "fcf_margin": 0.11016370453921898,
      "incr_op_margin_yoy": -0.4104941009491706,
      "rev_growth_yoy": 0.07380419269094289,
      "fcf_margin_change": 0.05890573525479415
    },
    {
      "date": "2022-06-25T00:00:00",
      "quarter_label": "2022-06 (Q2)",
      "revenue": 349535000,
      "gross_profit": 122189000,
      "operating_income": 26255000,
      "net_income": 12484000,
      "opex": 95934000,
      "cogs": null,
      "rd": null,
      "sga": null,
      "fcf": 68992000,
      "ocf": 77205000,
      "capex": -8213000,
      "gross_margin": 0.3495758650778892,
      "op_margin": 0.07511408013503655,
      "fcf_margin": 0.1973822363997883,
      "incr_op_margin_yoy": -0.2153686665802773,
      "rev_growth_yoy": 0.022576341795926488,
      "rev_growth_yoy_accel": -0.0512278508950164,
      "op_leverage_ratio": 2.2115034779739577,
      "fcf_margin_change": 0.08721853186056933
    },
    {
      "date": "2022-09-24T00:00:00",
      "quarter_label": "2022-09 (Q3)",
      "revenue": 329818000,
      "gross_profit": 116735000,
      "operating_income": 23473000,
      "net_income": 13121000,
      "opex": 93262000,
      "cogs": null,
      "rd": null,
      "sga": null,
      "fcf": 31714000,
      "ocf": 43084000,
      "capex": -11370000,
      "gross_margin": 0.35393762620596814,
      "op_margin": 0.07116955411772553,
      "fcf_margin": 0.0961560618280385,
      "incr_op_margin_yoy": 0.6154577484480733,
      "rev_growth_yoy": -0.051426665017730855,
      "rev_growth_yoy_accel": -0.07400300681365735,
      "fcf_margin_change": -0.1012261745717498
    },
    {
      "date": "2022-12-24T00:00:00",
      "quarter_label": "2022-12 (Q4)",
      "revenue": 335193000,
      "gross_profit": 113451000,
      "operating_income": 23846000,
      "net_income": 13034000,
      "opex": 89605000,
      "cogs": null,
      "rd": null,
      "sga": null,
      "fcf": 41950000,
      "ocf": 50902000,
      "capex": -8952000,
      "gross_margin": 0.33846470540852586,
      "op_margin": 0.07114110378200023,
      "fcf_margin": 0.12515177822925896,
      "incr_op_margin_yoy": 0.5449301760777171,
      "rev_growth_yoy": -0.019275500978696885,
      "rev_growth_yoy_accel": 0.032151164039033966,
      "op_leverage_ratio": Infinity,
      "fcf_margin_change": 0.028995716401220464
    },
    {
      "date": "2023-03-25T00:00:00",
      "quarter_label": "2023-03 (Q1)",
      "revenue": 310836000,
      "gross_profit": 103800000,
      "operating_income": 6177000,
      "net_income": 409000,
      "opex": 97623000,
      "cogs": null,
      "rd": null,
      "sga": null,
      "fcf": 33370000,
      "ocf": 43825000,
      "capex": -10455000,
      "gross_margin": 0.33393815388178977,
      "op_margin": 0.019872215573485695,
      "fcf_margin": 0.10735564735101469,
      "incr_op_margin_yoy": 0.3077236245201815,
      "rev_growth_yoy": -0.05241593756668597,
      "rev_growth_yoy_accel": -0.03314043658798908,
      "fcf_margin_change": -0.017796130878244276
    },
    {
      "date": "2023-06-24T00:00:00",
      "quarter_label": "2023-06 (Q2)",
      "revenue": 326968000,
      "gross_profit": 114396000,
      "operating_income": 17349000,
      "net_income": 8829000,
      "opex": 97047000,
      "cogs": null,
      "rd": null,
      "sga": null,
      "fcf": 64051000,
      "ocf": 71731000,
      "capex": -7680000,
      "gross_margin": 0.34986910034009444,
      "op_margin": 0.05306023831078271,
      "fcf_margin": 0.19589378777128036,
      "incr_op_margin_yoy": 0.3946470510036779,
      "rev_growth_yoy": -0.0645629193070794,
      "rev_growth_yoy_accel": -0.012146981740393428,
      "op_leverage_ratio": Infinity,
      "fcf_margin_change": 0.08853814042026567
    },
    {
      "date": "2023-09-23T00:00:00",
      "quarter_label": "2023-09 (Q3)",
      "revenue": 322091000,
      "gross_profit": 114973000,
      "operating_income": 22355000,
      "net_income": 12872000,
      "opex": 92618000,
      "cogs": null,
      "rd": null,
      "sga": null,
      "fcf": 18551000,
      "ocf": 26576000,
      "capex": -8025000,
      "gross_margin": 0.35695812674057953,
      "op_margin": 0.06940585114144761,
      "fcf_margin": 0.05759552424625339,
      "incr_op_margin_yoy": 0.14468745955739615,
      "rev_growth_yoy": -0.023428072452079632,
      "rev_growth_yoy_accel": 0.04113484685499977,
      "fcf_margin_change": -0.13829826352502697
    },
    {
      "date": "2023-12-23T00:00:00",
      "quarter_label": "2023-12 (Q4)",
      "revenue": 317653000,
      "gross_profit": 112677000,
      "operating_income": 21383000,
      "net_income": 12170000,
      "opex": 91294000,
      "cogs": null,
      "rd": null,
      "sga": null,
      "fcf": 28969000,
      "ocf": 32156000,
      "capex": -3187000,
      "gross_margin": 0.3547172543624647,
      "op_margin": 0.06731559280094947,
      "fcf_margin": 0.09119699798207478,
      "incr_op_margin_yoy": 0.14042189281641962,
      "rev_growth_yoy": -0.05232806174353283,
      "rev_growth_yoy_accel": -0.028899989291453196,
      "fcf_margin_change": 0.0336014737358214
    },
    {
      "date": "2024-03-30T00:00:00",
      "quarter_label": "2024-03 (Q1)",
      "revenue": 310077000,
      "gross_profit": 110057000,
      "operating_income": 10338000,
      "net_income": 3700000,
      "opex": 99719000,
      "cogs": null,
      "rd": null,
      "sga": null,
      "fcf": -11855000,
      "ocf": -5267000,
      "capex": -6588000,
      "gross_margin": 0.3549344195151527,
      "op_margin": 0.03334010584467729,
      "fcf_margin": -0.03823243903933539,
      "rev_growth_yoy": -0.002441802107863954,
      "rev_growth_yoy_accel": 0.049886259635668874,
      "fcf_margin_change": -0.1294294370214102
    },
    {
      "date": "2024-06-29T00:00:00",
      "quarter_label": "2024-06 (Q2)",
      "revenue": 293182000,
      "gross_profit": 109185000,
      "operating_income": 13246000,
      "net_income": 5863000,
      "opex": 95939000,
      "cogs": null,
      "rd": null,
      "sga": null,
      "fcf": 16756000,
      "ocf": 25638000,
      "capex": -8882000,
      "gross_margin": 0.3724137225341256,
      "op_margin": 0.04518012702007627,
      "fcf_margin": 0.05715221261878287,
      "incr_op_margin_yoy": 0.12144083348132363,
      "rev_growth_yoy": -0.10333121284040028,
      "rev_growth_yoy_accel": -0.10088941073253632,
      "fcf_margin_change": 0.09538465165811827
    },
    {
      "date": "2024-09-28T00:00:00",
      "quarter_label": "2024-09 (Q3)",
      "revenue": 301391000,
      "gross_profit": 106377000,
      "operating_income": 13202000,
      "net_income": 5647000,
      "opex": 93175000,
      "cogs": null,
      "rd": null,
      "sga": null,
      "fcf": 57644000,
      "ocf": 62559000,
      "capex": -4915000,
      "gross_margin": 0.3529534723996403,
      "op_margin": 0.043803564140933206,
      "fcf_margin": 0.191259858456291,
      "incr_op_margin_yoy": 0.44217391304347825,
      "rev_growth_yoy": -0.06426755171675086,
      "rev_growth_yoy_accel": 0.039063661123649424,
      "op_leverage_ratio": Infinity,
      "fcf_margin_change": 0.13410764583750814
    },
    {
      "date": "2024-12-28T00:00:00",
      "quarter_label": "2024-12 (Q4)",
      "revenue": 305769000,
      "gross_profit": 104803000,
      "operating_income": 9963000,
      "net_income": 4583000,
      "opex": 94840000,
      "cogs": null,
      "rd": null,
      "sga": null,
      "fcf": 7914000,
      "ocf": 14791000,
      "capex": -6877000,
      "gross_margin": 0.34275220836644654,
      "op_margin": 0.03258342081767609,
      "fcf_margin": 0.025882283684742404,
      "incr_op_margin_yoy": 0.9609559071019859,
      "rev_growth_yoy": -0.0374118928516337,
      "rev_growth_yoy_accel": 0.026855658865117156,
      "op_leverage_ratio": 0.8128878668808528,
      "fcf_margin_change": -0.1653775747715486
    },
    {
      "date": "2025-03-29T00:00:00",
      "quarter_label": "2025-03 (Q1)",
      "revenue": 294992000,
      "gross_profit": 97279000,
      "operating_income": -23847000,
      "net_income": -21275000,
      "opex": 121126000,
      "cogs": null,
      "rd": null,
      "sga": null,
      "fcf": 23236000,
      "ocf": 28924000,
      "capex": -5688000,
      "gross_margin": 0.32976826490209904,
      "op_margin": -0.08083948039268861,
      "fcf_margin": 0.07876823778271953,
      "incr_op_margin_yoy": 2.2661584355319855,
      "rev_growth_yoy": -0.04864920648742087,
      "rev_growth_yoy_accel": -0.011237313635787165,
      "fcf_margin_change": 0.052885954097977125
    },
    {
      "date": "2025-06-28T00:00:00",
      "quarter_label": "2025-06 (Q2)",
      "revenue": 301035000,
      "gross_profit": 106906000,
      "operating_income": -6075000,
      "net_income": -8050000,
      "opex": 112981000,
      "cogs": null,
      "rd": null,
      "sga": null,
      "fcf": -9339000,
      "ocf": -1939000,
      "capex": -7400000,
      "gross_margin": 0.35512814124603453,
      "op_margin": -0.02018037769694554,
      "fcf_margin": -0.031022970750909363,
      "incr_op_margin_yoy": -2.4603336304596968,
      "rev_growth_yoy": 0.026785409745482328,
      "rev_growth_yoy_accel": 0.07543461623290319,
      "op_leverage_ratio": Infinity,
      "fcf_margin_change": -0.10979120853362889
    },
    {
      "date": "2025-09-27T00:00:00",
      "quarter_label": "2025-09 (Q3)",
      "revenue": 288914000,
      "gross_profit": 103114000,
      "operating_income": 12750000,
      "net_income": 5665000,
      "opex": 90364000,
      "cogs": null,
      "rd": null,
      "sga": null,
      "fcf": 26607000,
      "ocf": 32335000,
      "capex": -5728000,
      "gross_margin": 0.3569020538983919,
      "op_margin": 0.04413077940148279,
      "fcf_margin": 0.09209314882629432,
      "incr_op_margin_yoy": 0.03622665704897011,
      "rev_growth_yoy": -0.0413980510366932,
      "rev_growth_yoy_accel": -0.06818346078217553,
      "fcf_margin_change": 0.12311611957720368
    },
    {
      "date": "2025-12-27T00:00:00",
      "quarter_label": "2025-12 (Q4)",
      "revenue": 293387000,
      "gross_profit": 102367000,
      "operating_income": 18570000,
      "net_income": 11139000,
      "opex": 83797000,
      "cogs": null,
      "rd": null,
      "sga": null,
      "fcf": 9126000,
      "ocf": 17824000,
      "capex": -8698000,
      "gross_margin": 0.3489145735836966,
      "op_margin": 0.06329523803031491,
      "fcf_margin": 0.031105672712151526,
      "incr_op_margin_yoy": -0.6951219512195121,
      "rev_growth_yoy": -0.040494621756947236,
      "rev_growth_yoy_accel": 0.0009034292797459667,
      "op_leverage_ratio": Infinity,
      "fcf_margin_change": -0.0609874761141428
    }
  ],
  "signals": [
    {
      "quarter": "2025-09 (Q3)",
      "signal": "FCF TURNED POSITIVE",
      "detail": "FCF margin: -3.1% -> +9.2%",
      "severity": "HIGH"
    },
    {
      "quarter": "2025-09 (Q3)",
      "signal": "YoY REVENUE GROWTH DECELERATION",
      "detail": "YoY growth: -4.1% vs prior quarter YoY: +2.7% (decel: -6.8%)",
      "severity": "WARNING"
    },
    {
      "quarter": "2025-09 (Q3)",
      "signal": "OP MARGIN TURNED POSITIVE (QoQ)",
      "detail": "Op margin: -2.0% -> +4.4%",
      "severity": "HIGH"
    },
    {
      "quarter": "2025-06 (Q2)",
      "signal": "GROSS MARGIN INFLECTION",
      "detail": "GM: +34.3% -> +33.0% -> +35.5% (reversal +2.5%)",
      "severity": "MEDIUM"
    },
    {
      "quarter": "2025-06 (Q2)",
      "signal": "YoY REVENUE GROWTH ACCELERATION",
      "detail": "YoY growth: +2.7% vs prior quarter YoY: -4.9% (accel: +7.5%)",
      "severity": "MEDIUM"
    },
    {
      "quarter": "2025-03 (Q1)",
      "signal": "FCF MARGIN EXPANSION",
      "detail": "FCF margin: +2.6% -> +7.9% (+5.3%)",
      "severity": "MEDIUM"
    },
    {
      "quarter": "2024-12 (Q4)",
      "signal": "INCREMENTAL MARGIN (YoY)",
      "detail": "YoY Incr OPM: +96.1% vs year-ago OPM: +6.7%",
      "severity": "HIGH"
    },
    {
      "quarter": "2024-09 (Q3)",
      "signal": "FCF MARGIN EXPANSION",
      "detail": "FCF margin: +5.7% -> +19.1% (+13.4%)",
      "severity": "MEDIUM"
    },
    {
      "quarter": "2024-09 (Q3)",
      "signal": "INCREMENTAL MARGIN (YoY)",
      "detail": "YoY Incr OPM: +44.2% vs year-ago OPM: +6.9%",
      "severity": "HIGH"
    },
    {
      "quarter": "2024-06 (Q2)",
      "signal": "FCF TURNED POSITIVE",
      "detail": "FCF margin: -3.8% -> +5.7%",
      "severity": "HIGH"
    },
    {
      "quarter": "2024-06 (Q2)",
      "signal": "YoY REVENUE GROWTH DECELERATION",
      "detail": "YoY growth: -10.3% vs prior quarter YoY: -0.2% (decel: -10.1%)",
      "severity": "WARNING"
    },
    {
      "quarter": "2023-06 (Q2)",
      "signal": "FCF MARGIN EXPANSION",
      "detail": "FCF margin: +10.7% -> +19.6% (+8.9%)",
      "severity": "MEDIUM"
    },
    {
      "quarter": "2023-06 (Q2)",
      "signal": "INCREMENTAL MARGIN (YoY)",
      "detail": "YoY Incr OPM: +39.5% vs year-ago OPM: +7.5%",
      "severity": "HIGH"
    },
    {
      "quarter": "2023-03 (Q1)",
      "signal": "INCREMENTAL MARGIN (YoY)",
      "detail": "YoY Incr OPM: +30.8% vs year-ago OPM: +3.5%",
      "severity": "HIGH"
    },
    {
      "quarter": "2022-12 (Q4)",
      "signal": "INCREMENTAL MARGIN (YoY)",
      "detail": "YoY Incr OPM: +54.5% vs year-ago OPM: +8.0%",
      "severity": "HIGH"
    },
    {
      "quarter": "2022-09 (Q3)",
      "signal": "YoY REVENUE GROWTH DECELERATION",
      "detail": "YoY growth: -5.1% vs prior quarter YoY: +2.3% (decel: -7.4%)",
      "severity": "WARNING"
    },
    {
      "quarter": "2022-09 (Q3)",
      "signal": "INCREMENTAL MARGIN (YoY)",
      "detail": "YoY Incr OPM: +61.5% vs year-ago OPM: +9.9%",
      "severity": "HIGH"
    },
    {
      "quarter": "2022-06 (Q2)",
      "signal": "FCF MARGIN EXPANSION",
      "detail": "FCF margin: +11.0% -> +19.7% (+8.7%)",
      "severity": "MEDIUM"
    },
    {
      "quarter": "2022-06 (Q2)",
      "signal": "OPERATING LEVERAGE",
      "detail": "Rev growth +6.6% vs OpEx growth +3.0% (leverage: 2.2x)",
      "severity": "MEDIUM"
    },
    {
      "quarter": "2022-06 (Q2)",
      "signal": "GROSS MARGIN INFLECTION",
      "detail": "GM: +35.3% -> +31.9% -> +35.0% (reversal +3.1%)",
      "severity": "MEDIUM"
    },
    {
      "quarter": "2022-06 (Q2)",
      "signal": "YoY REVENUE GROWTH DECELERATION",
      "detail": "YoY growth: +2.3% vs prior quarter YoY: +7.4% (decel: -5.1%)",
      "severity": "WARNING"
    },
    {
      "quarter": "2022-03 (Q1)",
      "signal": "FCF MARGIN EXPANSION",
      "detail": "FCF margin: +5.1% -> +11.0% (+5.9%)",
      "severity": "MEDIUM"
    },
    {
      "quarter": "2021-06 (Q2)",
      "signal": "FCF MARGIN EXPANSION",
      "detail": "FCF margin: +4.3% -> +16.8% (+12.5%)",
      "severity": "MEDIUM"
    }
  ],
  "data_quality": {
    "n_quarters": 20,
    "coverage": {
      "revenue": [
        20,
        20
      ],
      "gross_profit": [
        20,
        20
      ],
      "op_income": [
        20,
        20
      ],
      "fcf": [
        20,
        20
      ]
    },
    "gaps": [],
    "warnings": []
  },
  "market_cap": null,
  "source": "SEC EDGAR",
  "last_updated": "2026-02-02T22:18:56.378549",
  "sector": "Consumer Cyclical",
  "industry": "Auto Parts"
}