{
  "ticker": "MNSBP",
  "name": "MainStreet Bancshares, Inc.",
  "quarters": [
    {
      "date": "2021-06-30T00:00:00",
      "quarter_label": "2021-06 (Q2)",
      "revenue": 621000,
      "gross_profit": null,
      "operating_income": null,
      "net_income": 7126000,
      "opex": null,
      "cogs": null,
      "rd": null,
      "sga": 141000,
      "fcf": 4854000,
      "ocf": 5097000,
      "capex": -243000,
      "gross_margin": null,
      "op_margin": null,
      "fcf_margin": 7.816425120772947
    },
    {
      "date": "2021-09-30T00:00:00",
      "quarter_label": "2021-09 (Q3)",
      "revenue": 642000,
      "gross_profit": null,
      "operating_income": null,
      "net_income": 4783000,
      "opex": null,
      "cogs": null,
      "rd": null,
      "sga": 202000,
      "fcf": 6247000,
      "ocf": 7280000,
      "capex": -1033000,
      "gross_margin": null,
      "op_margin": null,
      "fcf_margin": 9.730529595015577,
      "fcf_margin_change": 1.91410447424263
    },
    {
      "date": "2021-12-31T00:00:00",
      "quarter_label": "2021-12 (Q4)",
      "revenue": 624000,
      "gross_profit": null,
      "operating_income": null,
      "net_income": 4813000,
      "opex": null,
      "cogs": null,
      "rd": null,
      "sga": 192000,
      "fcf": 3537000,
      "ocf": 4058000,
      "capex": -521000,
      "gross_margin": null,
      "op_margin": null,
      "fcf_margin": 5.668269230769231,
      "fcf_margin_change": -4.062260364246346
    },
    {
      "date": "2022-03-31T00:00:00",
      "quarter_label": "2022-03 (Q1)",
      "revenue": 611000,
      "gross_profit": null,
      "operating_income": null,
      "net_income": 5423000,
      "opex": null,
      "cogs": null,
      "rd": null,
      "sga": 210000,
      "fcf": 7017000,
      "ocf": 7313000,
      "capex": -296000,
      "gross_margin": null,
      "op_margin": null,
      "fcf_margin": 11.484451718494272,
      "fcf_margin_change": 5.816182487725041
    },
    {
      "date": "2022-06-30T00:00:00",
      "quarter_label": "2022-06 (Q2)",
      "revenue": 597000,
      "gross_profit": null,
      "operating_income": null,
      "net_income": 5930000,
      "opex": null,
      "cogs": null,
      "rd": null,
      "sga": 195000,
      "fcf": 6425000,
      "ocf": 6659000,
      "capex": -234000,
      "gross_margin": null,
      "op_margin": null,
      "fcf_margin": 10.76214405360134,
      "rev_growth_yoy": -0.03864734299516908,
      "fcf_margin_change": -0.7223076648929325
    },
    {
      "date": "2022-09-30T00:00:00",
      "quarter_label": "2022-09 (Q3)",
      "revenue": 601000,
      "gross_profit": null,
      "operating_income": null,
      "net_income": 7743000,
      "opex": null,
      "cogs": null,
      "rd": null,
      "sga": 253000,
      "fcf": 8814000,
      "ocf": 8898000,
      "capex": -84000,
      "gross_margin": null,
      "op_margin": null,
      "fcf_margin": 14.665557404326123,
      "rev_growth_yoy": -0.06386292834890965,
      "rev_growth_yoy_accel": -0.02521558535374057,
      "fcf_margin_change": 3.903413350724783
    },
    {
      "date": "2022-12-31T00:00:00",
      "quarter_label": "2022-12 (Q4)",
      "revenue": 86869000,
      "gross_profit": null,
      "operating_income": null,
      "net_income": 7579000,
      "opex": null,
      "cogs": null,
      "rd": null,
      "sga": 214000,
      "fcf": 10163000,
      "ocf": 10674000,
      "capex": -511000,
      "gross_margin": null,
      "op_margin": null,
      "fcf_margin": 0.11699225270234491,
      "rev_growth_yoy": 138.21314102564102,
      "rev_growth_yoy_accel": 138.27700395398992,
      "fcf_margin_change": -14.548565151623778
    },
    {
      "date": "2023-03-31T00:00:00",
      "quarter_label": "2023-03 (Q1)",
      "revenue": 590000,
      "gross_profit": null,
      "operating_income": null,
      "net_income": 8151000,
      "opex": null,
      "cogs": null,
      "rd": null,
      "sga": 215000,
      "fcf": 8703000,
      "ocf": 8834000,
      "capex": -131000,
      "gross_margin": null,
      "op_margin": null,
      "fcf_margin": 14.750847457627119,
      "rev_growth_yoy": -0.03436988543371522,
      "rev_growth_yoy_accel": -138.24751091107473,
      "fcf_margin_change": 14.633855204924775
    },
    {
      "date": "2023-06-30T00:00:00",
      "quarter_label": "2023-06 (Q2)",
      "revenue": 535000,
      "gross_profit": null,
      "operating_income": null,
      "net_income": 6946000,
      "opex": null,
      "cogs": null,
      "rd": null,
      "sga": 211000,
      "fcf": 7642000,
      "ocf": 7846000,
      "capex": -204000,
      "gross_margin": null,
      "op_margin": null,
      "fcf_margin": 14.28411214953271,
      "rev_growth_yoy": -0.10385259631490787,
      "rev_growth_yoy_accel": -0.06948271088119265,
      "fcf_margin_change": -0.46673530809440855
    },
    {
      "date": "2023-09-30T00:00:00",
      "quarter_label": "2023-09 (Q3)",
      "revenue": 514000,
      "gross_profit": null,
      "operating_income": null,
      "net_income": 6341000,
      "opex": null,
      "cogs": null,
      "rd": null,
      "sga": 277000,
      "fcf": 9473000,
      "ocf": 9628000,
      "capex": -155000,
      "gross_margin": null,
      "op_margin": null,
      "fcf_margin": 18.429961089494164,
      "rev_growth_yoy": -0.1447587354409318,
      "rev_growth_yoy_accel": -0.04090613912602392,
      "fcf_margin_change": 4.1458489399614535
    },
    {
      "date": "2023-12-31T00:00:00",
      "quarter_label": "2023-12 (Q4)",
      "revenue": 126122000,
      "gross_profit": null,
      "operating_income": null,
      "net_income": 5147000,
      "opex": null,
      "cogs": null,
      "rd": null,
      "sga": 219000,
      "fcf": 5318000,
      "ocf": 5325000,
      "capex": -7000,
      "gross_margin": null,
      "op_margin": null,
      "fcf_margin": 0.04216552227208576,
      "rev_growth_yoy": 0.4518643014193786,
      "rev_growth_yoy_accel": 0.5966230368603104,
      "fcf_margin_change": -18.387795567222078
    },
    {
      "date": "2024-03-31T00:00:00",
      "quarter_label": "2024-03 (Q1)",
      "revenue": 33265000,
      "gross_profit": 16421000,
      "operating_income": null,
      "net_income": 3305000,
      "opex": null,
      "cogs": null,
      "rd": null,
      "sga": 242000,
      "fcf": 3036000,
      "ocf": 3643000,
      "capex": -607000,
      "gross_margin": 0.49364196603036226,
      "op_margin": null,
      "fcf_margin": 0.09126709754997746,
      "rev_growth_yoy": 55.38135593220339,
      "rev_growth_yoy_accel": 54.929491630784014,
      "fcf_margin_change": 0.0491015752778917
    },
    {
      "date": "2024-06-30T00:00:00",
      "quarter_label": "2024-06 (Q2)",
      "revenue": 34200000,
      "gross_profit": 16329000,
      "operating_income": null,
      "net_income": 2618000,
      "opex": null,
      "cogs": null,
      "rd": null,
      "sga": 229000,
      "fcf": 1072000,
      "ocf": 1174000,
      "capex": -102000,
      "gross_margin": 0.4774561403508772,
      "op_margin": null,
      "fcf_margin": 0.03134502923976608,
      "rev_growth_yoy": 62.925233644859816,
      "rev_growth_yoy_accel": 7.543877712656425,
      "fcf_margin_change": -0.05992206831021138
    },
    {
      "date": "2024-09-30T00:00:00",
      "quarter_label": "2024-09 (Q3)",
      "revenue": 34477000,
      "gross_profit": 16229000,
      "operating_income": null,
      "net_income": 265000,
      "opex": null,
      "cogs": null,
      "rd": null,
      "sga": 215000,
      "fcf": 4309000,
      "ocf": 4470000,
      "capex": -161000,
      "gross_margin": 0.4707196101748992,
      "op_margin": null,
      "fcf_margin": 0.12498187197261942,
      "rev_growth_yoy": 66.07587548638132,
      "rev_growth_yoy_accel": 3.150641841521505,
      "fcf_margin_change": 0.09363684273285335
    },
    {
      "date": "2024-12-31T00:00:00",
      "quarter_label": "2024-12 (Q4)",
      "revenue": 35925000,
      "gross_profit": 16847000,
      "operating_income": null,
      "net_income": -16167000,
      "opex": null,
      "cogs": null,
      "rd": null,
      "sga": 243000,
      "fcf": 5414000,
      "ocf": 5453000,
      "capex": -39000,
      "gross_margin": 0.4689491997216423,
      "op_margin": null,
      "fcf_margin": 0.1507028531663187,
      "rev_growth_yoy": -0.7151567529852048,
      "rev_growth_yoy_accel": -66.79103223936653,
      "fcf_margin_change": 0.025720981193699283
    },
    {
      "date": "2025-03-31T00:00:00",
      "quarter_label": "2025-03 (Q1)",
      "revenue": 33902000,
      "gross_profit": 17449000,
      "operating_income": null,
      "net_income": 2453000,
      "opex": null,
      "cogs": null,
      "rd": null,
      "sga": 229000,
      "fcf": 1396000,
      "ocf": 1451000,
      "capex": -55000,
      "gross_margin": 0.5146893988555248,
      "op_margin": null,
      "fcf_margin": 0.041177511651230014,
      "rev_growth_yoy": 0.019149255974748234,
      "rev_growth_yoy_accel": 0.734306008959953,
      "fcf_margin_change": -0.10952534151508869
    },
    {
      "date": "2025-06-30T00:00:00",
      "quarter_label": "2025-06 (Q2)",
      "revenue": 35352000,
      "gross_profit": 19856000,
      "operating_income": null,
      "net_income": 4590000,
      "opex": null,
      "cogs": null,
      "rd": null,
      "sga": 270000,
      "fcf": -2628000,
      "ocf": 1194000,
      "capex": -3822000,
      "gross_margin": 0.5616655351889568,
      "op_margin": null,
      "fcf_margin": -0.07433808553971487,
      "rev_growth_yoy": 0.03368421052631579,
      "rev_growth_yoy_accel": 0.014534954551567555,
      "fcf_margin_change": -0.11551559719094488
    },
    {
      "date": "2025-09-30T00:00:00",
      "quarter_label": "2025-09 (Q3)",
      "revenue": 33586000,
      "gross_profit": 18224000,
      "operating_income": null,
      "net_income": 4517000,
      "opex": null,
      "cogs": null,
      "rd": null,
      "sga": 259000,
      "fcf": 5451000,
      "ocf": 5589000,
      "capex": -138000,
      "gross_margin": 0.5426070386470553,
      "op_margin": null,
      "fcf_margin": 0.16229976776037636,
      "rev_growth_yoy": -0.025843315833744235,
      "rev_growth_yoy_accel": -0.05952752636006002,
      "fcf_margin_change": 0.23663785330009124
    }
  ],
  "signals": [
    {
      "quarter": "2025-09 (Q3)",
      "signal": "FCF TURNED POSITIVE",
      "detail": "FCF margin: -7.4% -> +16.2%",
      "severity": "HIGH"
    },
    {
      "quarter": "2025-09 (Q3)",
      "signal": "YoY REVENUE GROWTH DECELERATION",
      "detail": "YoY growth: -2.6% vs prior quarter YoY: +3.4% (decel: -6.0%)",
      "severity": "WARNING"
    },
    {
      "quarter": "2025-03 (Q1)",
      "signal": "GROSS MARGIN INFLECTION",
      "detail": "GM: +47.1% -> +46.9% -> +51.5% (reversal +4.6%)",
      "severity": "MEDIUM"
    },
    {
      "quarter": "2025-03 (Q1)",
      "signal": "YoY REVENUE GROWTH ACCELERATION",
      "detail": "YoY growth: +1.9% vs prior quarter YoY: -71.5% (accel: +73.4%)",
      "severity": "HIGH"
    },
    {
      "quarter": "2024-12 (Q4)",
      "signal": "YoY REVENUE GROWTH DECELERATION",
      "detail": "YoY growth: -71.5% vs prior quarter YoY: +6607.6% (decel: -6679.1%)",
      "severity": "WARNING"
    },
    {
      "quarter": "2024-09 (Q3)",
      "signal": "FCF MARGIN EXPANSION",
      "detail": "FCF margin: +3.1% -> +12.5% (+9.4%)",
      "severity": "MEDIUM"
    },
    {
      "quarter": "2024-09 (Q3)",
      "signal": "YoY REVENUE GROWTH ACCELERATION",
      "detail": "YoY growth: +6607.6% vs prior quarter YoY: +6292.5% (accel: +315.1%)",
      "severity": "HIGH"
    },
    {
      "quarter": "2024-06 (Q2)",
      "signal": "YoY REVENUE GROWTH ACCELERATION",
      "detail": "YoY growth: +6292.5% vs prior quarter YoY: +5538.1% (accel: +754.4%)",
      "severity": "HIGH"
    },
    {
      "quarter": "2024-03 (Q1)",
      "signal": "YoY REVENUE GROWTH ACCELERATION",
      "detail": "YoY growth: +5538.1% vs prior quarter YoY: +45.2% (accel: +5492.9%)",
      "severity": "HIGH"
    },
    {
      "quarter": "2023-12 (Q4)",
      "signal": "YoY REVENUE GROWTH ACCELERATION",
      "detail": "YoY growth: +45.2% vs prior quarter YoY: -14.5% (accel: +59.7%)",
      "severity": "HIGH"
    },
    {
      "quarter": "2023-09 (Q3)",
      "signal": "FCF MARGIN EXPANSION",
      "detail": "FCF margin: +1428.4% -> +1843.0% (+414.6%)",
      "severity": "MEDIUM"
    },
    {
      "quarter": "2023-06 (Q2)",
      "signal": "YoY REVENUE GROWTH DECELERATION",
      "detail": "YoY growth: -10.4% vs prior quarter YoY: -3.4% (decel: -6.9%)",
      "severity": "WARNING"
    },
    {
      "quarter": "2023-03 (Q1)",
      "signal": "FCF MARGIN EXPANSION",
      "detail": "FCF margin: +11.7% -> +1475.1% (+1463.4%)",
      "severity": "MEDIUM"
    },
    {
      "quarter": "2023-03 (Q1)",
      "signal": "YoY REVENUE GROWTH DECELERATION",
      "detail": "YoY growth: -3.4% vs prior quarter YoY: +13821.3% (decel: -13824.8%)",
      "severity": "WARNING"
    },
    {
      "quarter": "2022-12 (Q4)",
      "signal": "YoY REVENUE GROWTH ACCELERATION",
      "detail": "YoY growth: +13821.3% vs prior quarter YoY: -6.4% (accel: +13827.7%)",
      "severity": "HIGH"
    },
    {
      "quarter": "2022-09 (Q3)",
      "signal": "FCF MARGIN EXPANSION",
      "detail": "FCF margin: +1076.2% -> +1466.6% (+390.3%)",
      "severity": "MEDIUM"
    },
    {
      "quarter": "2022-03 (Q1)",
      "signal": "FCF MARGIN EXPANSION",
      "detail": "FCF margin: +566.8% -> +1148.4% (+581.6%)",
      "severity": "MEDIUM"
    },
    {
      "quarter": "2021-09 (Q3)",
      "signal": "FCF MARGIN EXPANSION",
      "detail": "FCF margin: +781.6% -> +973.1% (+191.4%)",
      "severity": "MEDIUM"
    }
  ],
  "data_quality": {
    "n_quarters": 18,
    "coverage": {
      "revenue": [
        18,
        18
      ],
      "gross_profit": [
        7,
        18
      ],
      "op_income": [
        0,
        18
      ],
      "fcf": [
        18,
        18
      ]
    },
    "gaps": [],
    "warnings": [
      "gross_profit: 7/18Q",
      "op_income: no data"
    ]
  },
  "market_cap": null,
  "source": "SEC EDGAR",
  "last_updated": "2026-02-03T01:11:49.513409"
}