{
  "ticker": "MNST",
  "name": "Monster Beverage Corp",
  "quarters": [
    {
      "date": "2020-12-31T00:00:00",
      "quarter_label": "2020-12 (Q4)",
      "revenue": 1196283000,
      "gross_profit": 690684000,
      "operating_income": 402301000,
      "net_income": null,
      "opex": 288384000,
      "cogs": 505598000,
      "rd": null,
      "sga": null,
      "fcf": 408267000,
      "ocf": 414927000,
      "capex": -6660000,
      "gross_margin": 0.5773583675434659,
      "op_margin": 0.33629249935007016,
      "fcf_margin": 0.3412796136031357
    },
    {
      "date": "2021-03-31T00:00:00",
      "quarter_label": "2021-03 (Q1)",
      "revenue": 1243816000,
      "gross_profit": 714935000,
      "operating_income": 414146000,
      "net_income": null,
      "opex": 300789000,
      "cogs": 528881000,
      "rd": null,
      "sga": null,
      "fcf": 167073000,
      "ocf": 175473000,
      "capex": -8400000,
      "gross_margin": 0.5747916090482836,
      "op_margin": 0.33296403969718996,
      "fcf_margin": 0.13432292236150684,
      "op_leverage_ratio": 0.9237100884115915,
      "fcf_margin_change": -0.20695669124162885
    },
    {
      "date": "2021-06-30T00:00:00",
      "quarter_label": "2021-06 (Q2)",
      "revenue": 1461934000,
      "gross_profit": 836838000,
      "operating_income": 525975000,
      "net_income": null,
      "opex": 310863000,
      "cogs": 625096000,
      "rd": null,
      "sga": null,
      "fcf": 403991000,
      "ocf": 411113000,
      "capex": -7122000,
      "gross_margin": 0.5724184539110521,
      "op_margin": 0.35978026367811405,
      "fcf_margin": 0.2763401083769855,
      "op_leverage_ratio": 5.23594855784414,
      "fcf_margin_change": 0.1420171860154787
    },
    {
      "date": "2021-09-30T00:00:00",
      "quarter_label": "2021-09 (Q3)",
      "revenue": 1410557000,
      "gross_profit": 789158000,
      "operating_income": 444464000,
      "net_income": null,
      "opex": 344694000,
      "cogs": 621399000,
      "rd": null,
      "sga": null,
      "fcf": 328787000,
      "ocf": 341396000,
      "capex": -12609000,
      "gross_margin": 0.559465516104631,
      "op_margin": 0.3150982200648396,
      "fcf_margin": 0.23309019061264452,
      "fcf_margin_change": -0.043249917764341006
    },
    {
      "date": "2021-12-31T00:00:00",
      "quarter_label": "2021-12 (Q4)",
      "revenue": 1425044000,
      "gross_profit": 767580000,
      "operating_income": 412880000,
      "net_income": null,
      "opex": 354700000,
      "cogs": 657464000,
      "rd": null,
      "sga": null,
      "fcf": 212022000,
      "ocf": 227759000,
      "capex": -15737000,
      "gross_margin": 0.5386360000112277,
      "op_margin": 0.2897314047846944,
      "fcf_margin": 0.1487827744266142,
      "incr_op_margin_yoy": 0.0462447707432648,
      "rev_growth_yoy": 0.19122649072167705,
      "op_leverage_ratio": 0.35380262020072534,
      "fcf_margin_change": -0.08430741618603033
    },
    {
      "date": "2022-03-31T00:00:00",
      "quarter_label": "2022-03 (Q1)",
      "revenue": 1518574000,
      "gross_profit": 776667000,
      "operating_income": 399489000,
      "net_income": null,
      "opex": 377178000,
      "cogs": 741907000,
      "rd": null,
      "sga": null,
      "fcf": -21862000,
      "ocf": -351000,
      "capex": -21511000,
      "gross_margin": 0.5114449476943501,
      "op_margin": 0.26306851032613493,
      "fcf_margin": -0.014396400833940263,
      "incr_op_margin_yoy": -0.05334512552864703,
      "rev_growth_yoy": 0.22089923268393397,
      "rev_growth_yoy_accel": 0.029672741962256916,
      "op_leverage_ratio": 1.0356814125606222,
      "fcf_margin_change": -0.16317917526055445
    },
    {
      "date": "2022-06-30T00:00:00",
      "quarter_label": "2022-06 (Q2)",
      "revenue": 1655260000,
      "gross_profit": 779861000,
      "operating_income": 372951000,
      "net_income": null,
      "opex": 406910000,
      "cogs": 875399000,
      "rd": null,
      "sga": null,
      "fcf": 53079000,
      "ocf": 131014000,
      "capex": -77935000,
      "gross_margin": 0.4711410896173411,
      "op_margin": 0.22531263970614887,
      "fcf_margin": 0.0320668656283605,
      "incr_op_margin_yoy": -0.7915334719592813,
      "rev_growth_yoy": 0.132239895918694,
      "rev_growth_yoy_accel": -0.08865933676523996,
      "op_leverage_ratio": 1.1418532799042063,
      "fcf_margin_change": 0.04646326646230076
    },
    {
      "date": "2022-09-30T00:00:00",
      "quarter_label": "2022-09 (Q3)",
      "revenue": 1624286000,
      "gross_profit": 833725000,
      "operating_income": 417930000,
      "net_income": null,
      "opex": 415795000,
      "cogs": 790561000,
      "rd": null,
      "sga": null,
      "fcf": 421811000,
      "ocf": 458523000,
      "capex": -36712000,
      "gross_margin": 0.5132870689028902,
      "op_margin": 0.2573007462971422,
      "fcf_margin": 0.25969010383639335,
      "incr_op_margin_yoy": -0.12414786949828989,
      "rev_growth_yoy": 0.15152099489776025,
      "rev_growth_yoy_accel": 0.01928109897906624,
      "fcf_margin_change": 0.22762323820803285
    },
    {
      "date": "2022-12-31T00:00:00",
      "quarter_label": "2022-12 (Q4)",
      "revenue": 1512931000,
      "gross_profit": 784315000,
      "operating_income": 394352000,
      "net_income": null,
      "opex": 389963000,
      "cogs": 728616000,
      "rd": null,
      "sga": null,
      "fcf": 245945000,
      "ocf": 298513000,
      "capex": -52568000,
      "gross_margin": 0.5184076471431942,
      "op_margin": 0.2606543193311526,
      "fcf_margin": 0.1625619410270528,
      "incr_op_margin_yoy": -0.21081616166213432,
      "rev_growth_yoy": 0.06167318342451181,
      "rev_growth_yoy_accel": -0.08984781147324844,
      "fcf_margin_change": -0.09712816280934056
    },
    {
      "date": "2023-03-31T00:00:00",
      "quarter_label": "2023-03 (Q1)",
      "revenue": 1698930000,
      "gross_profit": 897849000,
      "operating_income": 485064000,
      "net_income": null,
      "opex": 412785000,
      "cogs": 801081000,
      "rd": null,
      "sga": null,
      "fcf": 384375000,
      "ocf": 424475000,
      "capex": -40100000,
      "gross_margin": 0.5284791015521534,
      "op_margin": 0.28551146898341895,
      "fcf_margin": 0.22624534265684873,
      "incr_op_margin_yoy": 0.47447825411963007,
      "rev_growth_yoy": 0.11876668506111655,
      "rev_growth_yoy_accel": 0.057093501636604746,
      "op_leverage_ratio": 2.100686233446321,
      "fcf_margin_change": 0.06368340162979594
    },
    {
      "date": "2023-06-30T00:00:00",
      "quarter_label": "2023-06 (Q2)",
      "revenue": 1854961000,
      "gross_profit": 974222000,
      "operating_income": 523805000,
      "net_income": null,
      "opex": 450417000,
      "cogs": 880739000,
      "rd": null,
      "sga": null,
      "fcf": 296362000,
      "ocf": 338687000,
      "capex": -42325000,
      "gross_margin": 0.5251981038954457,
      "op_margin": 0.28238059991557773,
      "fcf_margin": 0.15976724038942058,
      "incr_op_margin_yoy": 0.7553993219863696,
      "rev_growth_yoy": 0.12064630329978372,
      "rev_growth_yoy_accel": 0.001879618238667169,
      "op_leverage_ratio": 1.0074001561791084,
      "fcf_margin_change": -0.06647810226742815
    },
    {
      "date": "2023-09-30T00:00:00",
      "quarter_label": "2023-09 (Q3)",
      "revenue": 1856028000,
      "gross_profit": 983763000,
      "operating_income": 510527000,
      "net_income": null,
      "opex": 473236000,
      "cogs": 872265000,
      "rd": null,
      "sga": null,
      "fcf": 492465000,
      "ocf": 520264000,
      "capex": -27799000,
      "gross_margin": 0.5300367235839114,
      "op_margin": 0.27506427704754455,
      "fcf_margin": 0.26533274282500047,
      "incr_op_margin_yoy": 0.3995693486722303,
      "rev_growth_yoy": 0.1426731499255673,
      "rev_growth_yoy_accel": 0.022026846625783567,
      "fcf_margin_change": 0.10556550243557988
    },
    {
      "date": "2023-12-31T00:00:00",
      "quarter_label": "2023-12 (Q4)",
      "revenue": 1730108000,
      "gross_profit": 938373000,
      "operating_income": 433959000,
      "net_income": null,
      "opex": 504414000,
      "cogs": 791735000,
      "rd": null,
      "sga": null,
      "fcf": 323123000,
      "ocf": 434327000,
      "capex": -111204000,
      "gross_margin": 0.542378279275051,
      "op_margin": 0.2508276939936698,
      "fcf_margin": 0.18676464128250952,
      "incr_op_margin_yoy": 0.1823719823001515,
      "rev_growth_yoy": 0.14354719415492181,
      "rev_growth_yoy_accel": 0.0008740442293545259,
      "fcf_margin_change": -0.07856810154249094
    },
    {
      "date": "2024-03-31T00:00:00",
      "quarter_label": "2024-03 (Q1)",
      "revenue": 1899098000,
      "gross_profit": 1027129000,
      "operating_income": 541991000,
      "net_income": null,
      "opex": 485138000,
      "cogs": 871969000,
      "rd": null,
      "sga": null,
      "fcf": 346098000,
      "ocf": 412142000,
      "capex": -66044000,
      "gross_margin": 0.5408509724090068,
      "op_margin": 0.28539390805529785,
      "fcf_margin": 0.1822433597423619,
      "incr_op_margin_yoy": 0.2843961072698933,
      "rev_growth_yoy": 0.11782003967202886,
      "rev_growth_yoy_accel": -0.02572715448289295,
      "op_leverage_ratio": Infinity,
      "fcf_margin_change": -0.004521281540147637
    },
    {
      "date": "2024-06-30T00:00:00",
      "quarter_label": "2024-06 (Q2)",
      "revenue": 1900597000,
      "gross_profit": 1019506000,
      "operating_income": 527163000,
      "net_income": null,
      "opex": 492343000,
      "cogs": 881091000,
      "rd": null,
      "sga": null,
      "fcf": 376523000,
      "ocf": 436291000,
      "capex": -59768000,
      "gross_margin": 0.536413558476626,
      "op_margin": 0.27736705887676344,
      "fcf_margin": 0.19810775245883266,
      "incr_op_margin_yoy": 0.07358225961959856,
      "rev_growth_yoy": 0.02460213449231547,
      "rev_growth_yoy_accel": -0.0932179051797134,
      "fcf_margin_change": 0.015864392716470777
    },
    {
      "date": "2024-09-30T00:00:00",
      "quarter_label": "2024-09 (Q3)",
      "revenue": 1880973000,
      "gross_profit": 999799000,
      "operating_income": 479916000,
      "net_income": null,
      "opex": 519883000,
      "cogs": 881174000,
      "rd": null,
      "sga": null,
      "fcf": 571416000,
      "ocf": 618399000,
      "capex": -46983000,
      "gross_margin": 0.5315328821838484,
      "op_margin": 0.25514241831222456,
      "fcf_margin": 0.3037874546843575,
      "incr_op_margin_yoy": -1.2271397073561836,
      "rev_growth_yoy": 0.013439991207029205,
      "rev_growth_yoy_accel": -0.011162143285286266,
      "fcf_margin_change": 0.10567970222552486
    },
    {
      "date": "2024-12-31T00:00:00",
      "quarter_label": "2024-12 (Q4)",
      "revenue": 1812041000,
      "gross_profit": 1002445000,
      "operating_income": 381224000,
      "net_income": null,
      "opex": 621221000,
      "cogs": 809596000,
      "rd": null,
      "sga": null,
      "fcf": 370422000,
      "ocf": 461701000,
      "capex": -91279000,
      "gross_margin": 0.5532131999220768,
      "op_margin": 0.21038376063234773,
      "fcf_margin": 0.20442252686335463,
      "incr_op_margin_yoy": -0.64363565352178,
      "rev_growth_yoy": 0.047357159206246086,
      "rev_growth_yoy_accel": 0.03391716799921688,
      "fcf_margin_change": -0.0993649278210029
    },
    {
      "date": "2025-03-31T00:00:00",
      "quarter_label": "2025-03 (Q1)",
      "revenue": 1854558000,
      "gross_profit": 1047962000,
      "operating_income": 569745000,
      "net_income": null,
      "opex": 478217000,
      "cogs": 806596000,
      "rd": null,
      "sga": null,
      "fcf": 478544000,
      "ocf": 507600000,
      "capex": -29056000,
      "gross_margin": 0.5650737264620465,
      "op_margin": 0.307213362968427,
      "fcf_margin": 0.2580366858302625,
      "incr_op_margin_yoy": -0.6231252806466098,
      "rev_growth_yoy": -0.023453239379958274,
      "rev_growth_yoy_accel": -0.07081039858620436,
      "op_leverage_ratio": Infinity,
      "fcf_margin_change": 0.05361415896690788
    },
    {
      "date": "2025-06-30T00:00:00",
      "quarter_label": "2025-06 (Q2)",
      "revenue": 2111593000,
      "gross_profit": 1176413000,
      "operating_income": 631622000,
      "net_income": null,
      "opex": 544791000,
      "cogs": 935180000,
      "rd": null,
      "sga": null,
      "fcf": 434612000,
      "ocf": 466016000,
      "capex": -31404000,
      "gross_margin": 0.5571210929378909,
      "op_margin": 0.2991210900964343,
      "fcf_margin": 0.20582186055740856,
      "incr_op_margin_yoy": 0.49507573603291055,
      "rev_growth_yoy": 0.11101564403184894,
      "rev_growth_yoy_accel": 0.1344688834118072,
      "op_leverage_ratio": 0.9955709215396776,
      "fcf_margin_change": -0.052214825272853954
    },
    {
      "date": "2025-09-30T00:00:00",
      "quarter_label": "2025-09 (Q3)",
      "revenue": 2197139000,
      "gross_profit": 1224486000,
      "operating_income": 675352000,
      "net_income": null,
      "opex": 549134000,
      "cogs": 972653000,
      "rd": null,
      "sga": null,
      "fcf": 701505000,
      "ocf": 745146000,
      "capex": -43641000,
      "gross_margin": 0.5573093008680835,
      "op_margin": 0.30737791282208365,
      "fcf_margin": 0.3192811196742673,
      "incr_op_margin_yoy": 0.6181436334077668,
      "rev_growth_yoy": 0.16808641059706864,
      "rev_growth_yoy_accel": 0.0570707665652197,
      "op_leverage_ratio": 5.08194065002884,
      "fcf_margin_change": 0.11345925911685875
    }
  ],
  "signals": [
    {
      "quarter": "2025-09 (Q3)",
      "signal": "FCF MARGIN EXPANSION",
      "detail": "FCF margin: +20.6% -> +31.9% (+11.3%)",
      "severity": "MEDIUM"
    },
    {
      "quarter": "2025-09 (Q3)",
      "signal": "OPERATING LEVERAGE",
      "detail": "Rev growth +4.1% vs OpEx growth +0.8% (leverage: 5.1x)",
      "severity": "MEDIUM"
    },
    {
      "quarter": "2025-09 (Q3)",
      "signal": "YoY REVENUE GROWTH ACCELERATION",
      "detail": "YoY growth: +16.8% vs prior quarter YoY: +11.1% (accel: +5.7%)",
      "severity": "MEDIUM"
    },
    {
      "quarter": "2025-09 (Q3)",
      "signal": "INCREMENTAL MARGIN (YoY)",
      "detail": "YoY Incr OPM: +61.8% vs year-ago OPM: +25.5%",
      "severity": "HIGH"
    },
    {
      "quarter": "2025-06 (Q2)",
      "signal": "YoY REVENUE GROWTH ACCELERATION",
      "detail": "YoY growth: +11.1% vs prior quarter YoY: -2.3% (accel: +13.4%)",
      "severity": "MEDIUM"
    },
    {
      "quarter": "2025-06 (Q2)",
      "signal": "INCREMENTAL MARGIN (YoY)",
      "detail": "YoY Incr OPM: +49.5% vs year-ago OPM: +27.7%",
      "severity": "HIGH"
    },
    {
      "quarter": "2025-03 (Q1)",
      "signal": "FCF MARGIN EXPANSION",
      "detail": "FCF margin: +20.4% -> +25.8% (+5.4%)",
      "severity": "MEDIUM"
    },
    {
      "quarter": "2025-03 (Q1)",
      "signal": "YoY REVENUE GROWTH DECELERATION",
      "detail": "YoY growth: -2.3% vs prior quarter YoY: +4.7% (decel: -7.1%)",
      "severity": "WARNING"
    },
    {
      "quarter": "2024-12 (Q4)",
      "signal": "GROSS MARGIN INFLECTION",
      "detail": "GM: +53.6% -> +53.2% -> +55.3% (reversal +2.2%)",
      "severity": "MEDIUM"
    },
    {
      "quarter": "2024-09 (Q3)",
      "signal": "FCF MARGIN EXPANSION",
      "detail": "FCF margin: +19.8% -> +30.4% (+10.6%)",
      "severity": "MEDIUM"
    },
    {
      "quarter": "2024-06 (Q2)",
      "signal": "YoY REVENUE GROWTH DECELERATION",
      "detail": "YoY growth: +2.5% vs prior quarter YoY: +11.8% (decel: -9.3%)",
      "severity": "WARNING"
    },
    {
      "quarter": "2023-09 (Q3)",
      "signal": "FCF MARGIN EXPANSION",
      "detail": "FCF margin: +16.0% -> +26.5% (+10.6%)",
      "severity": "MEDIUM"
    },
    {
      "quarter": "2023-09 (Q3)",
      "signal": "INCREMENTAL MARGIN (YoY)",
      "detail": "YoY Incr OPM: +40.0% vs year-ago OPM: +25.7%",
      "severity": "MEDIUM"
    },
    {
      "quarter": "2023-06 (Q2)",
      "signal": "INCREMENTAL MARGIN (YoY)",
      "detail": "YoY Incr OPM: +75.5% vs year-ago OPM: +22.5%",
      "severity": "HIGH"
    },
    {
      "quarter": "2023-03 (Q1)",
      "signal": "FCF MARGIN EXPANSION",
      "detail": "FCF margin: +16.3% -> +22.6% (+6.4%)",
      "severity": "MEDIUM"
    },
    {
      "quarter": "2023-03 (Q1)",
      "signal": "OPERATING LEVERAGE",
      "detail": "Rev growth +12.3% vs OpEx growth +5.9% (leverage: 2.1x)",
      "severity": "MEDIUM"
    },
    {
      "quarter": "2023-03 (Q1)",
      "signal": "YoY REVENUE GROWTH ACCELERATION",
      "detail": "YoY growth: +11.9% vs prior quarter YoY: +6.2% (accel: +5.7%)",
      "severity": "MEDIUM"
    },
    {
      "quarter": "2023-03 (Q1)",
      "signal": "INCREMENTAL MARGIN (YoY)",
      "detail": "YoY Incr OPM: +47.4% vs year-ago OPM: +26.3%",
      "severity": "HIGH"
    },
    {
      "quarter": "2022-12 (Q4)",
      "signal": "YoY REVENUE GROWTH DECELERATION",
      "detail": "YoY growth: +6.2% vs prior quarter YoY: +15.2% (decel: -9.0%)",
      "severity": "WARNING"
    },
    {
      "quarter": "2022-09 (Q3)",
      "signal": "FCF MARGIN EXPANSION",
      "detail": "FCF margin: +3.2% -> +26.0% (+22.8%)",
      "severity": "MEDIUM"
    },
    {
      "quarter": "2022-09 (Q3)",
      "signal": "GROSS MARGIN INFLECTION",
      "detail": "GM: +51.1% -> +47.1% -> +51.3% (reversal +4.2%)",
      "severity": "MEDIUM"
    },
    {
      "quarter": "2022-06 (Q2)",
      "signal": "FCF TURNED POSITIVE",
      "detail": "FCF margin: -1.4% -> +3.2%",
      "severity": "HIGH"
    },
    {
      "quarter": "2022-06 (Q2)",
      "signal": "YoY REVENUE GROWTH DECELERATION",
      "detail": "YoY growth: +13.2% vs prior quarter YoY: +22.1% (decel: -8.9%)",
      "severity": "WARNING"
    },
    {
      "quarter": "2021-06 (Q2)",
      "signal": "FCF MARGIN EXPANSION",
      "detail": "FCF margin: +13.4% -> +27.6% (+14.2%)",
      "severity": "MEDIUM"
    },
    {
      "quarter": "2021-06 (Q2)",
      "signal": "OPERATING LEVERAGE",
      "detail": "Rev growth +17.5% vs OpEx growth +3.3% (leverage: 5.2x)",
      "severity": "MEDIUM"
    }
  ],
  "data_quality": {
    "n_quarters": 20,
    "coverage": {
      "revenue": [
        20,
        20
      ],
      "gross_profit": [
        20,
        20
      ],
      "op_income": [
        20,
        20
      ],
      "fcf": [
        20,
        20
      ]
    },
    "gaps": [],
    "warnings": []
  },
  "market_cap": null,
  "source": "SEC EDGAR",
  "last_updated": "2026-02-02T19:53:29.435846",
  "sector": "Consumer Defensive",
  "industry": "Beverages - Non-Alcoholic"
}