{
  "ticker": "MO",
  "name": "ALTRIA GROUP, INC.",
  "quarters": [
    {
      "date": "2020-12-31T00:00:00",
      "quarter_label": "2020-12 (Q4)",
      "revenue": 6304000000,
      "gross_profit": 3146000000,
      "operating_income": 2581000000,
      "net_income": 1924000000,
      "opex": 565000000,
      "cogs": 1909000000,
      "rd": null,
      "sga": null,
      "fcf": 2472000000,
      "ocf": 2541000000,
      "capex": -69000000,
      "gross_margin": 0.4990482233502538,
      "op_margin": 0.40942258883248733,
      "fcf_margin": 0.39213197969543145
    },
    {
      "date": "2021-03-31T00:00:00",
      "quarter_label": "2021-03 (Q1)",
      "revenue": 6036000000,
      "gross_profit": 3272000000,
      "operating_income": 2690000000,
      "net_income": 1424000000,
      "opex": 582000000,
      "cogs": 1608000000,
      "rd": null,
      "sga": null,
      "fcf": 3014000000,
      "ocf": 3040000000,
      "capex": -26000000,
      "gross_margin": 0.5420808482438702,
      "op_margin": 0.44565937707090786,
      "fcf_margin": 0.4993373094764745,
      "fcf_margin_change": 0.10720532978104302
    },
    {
      "date": "2021-06-30T00:00:00",
      "quarter_label": "2021-06 (Q2)",
      "revenue": 6936000000,
      "gross_profit": 3732000000,
      "operating_income": 3186000000,
      "net_income": 2149000000,
      "opex": 546000000,
      "cogs": 1882000000,
      "rd": null,
      "sga": null,
      "fcf": -388000000,
      "ocf": -361000000,
      "capex": -27000000,
      "gross_margin": 0.5380622837370242,
      "op_margin": 0.4593425605536332,
      "fcf_margin": -0.05594002306805075,
      "op_leverage_ratio": Infinity,
      "fcf_margin_change": -0.5552773325445253
    },
    {
      "date": "2021-09-30T00:00:00",
      "quarter_label": "2021-09 (Q3)",
      "revenue": 6786000000,
      "gross_profit": 3673000000,
      "operating_income": 2951000000,
      "net_income": -2722000000,
      "opex": 722000000,
      "cogs": 1858000000,
      "rd": null,
      "sga": null,
      "fcf": 3014000000,
      "ocf": 3063000000,
      "capex": -49000000,
      "gross_margin": 0.5412614205717654,
      "op_margin": 0.43486590038314177,
      "fcf_margin": 0.444149720011789,
      "fcf_margin_change": 0.5000897430798398
    },
    {
      "date": "2021-12-31T00:00:00",
      "quarter_label": "2021-12 (Q4)",
      "revenue": 6255000000,
      "gross_profit": 3315000000,
      "operating_income": 2733000000,
      "net_income": 1624000000,
      "opex": 582000000,
      "cogs": 1771000000,
      "rd": null,
      "sga": null,
      "fcf": 2596000000,
      "ocf": 2663000000,
      "capex": -67000000,
      "gross_margin": 0.5299760191846523,
      "op_margin": 0.4369304556354916,
      "fcf_margin": 0.41502797761790566,
      "incr_op_margin_yoy": -3.1020408163265305,
      "rev_growth_yoy": -0.0077728426395939085,
      "fcf_margin_change": -0.02912174239388332
    },
    {
      "date": "2022-03-31T00:00:00",
      "quarter_label": "2022-03 (Q1)",
      "revenue": 5892000000,
      "gross_profit": 3373000000,
      "operating_income": 2884000000,
      "net_income": 1959000000,
      "opex": 489000000,
      "cogs": 1446000000,
      "rd": null,
      "sga": null,
      "fcf": 3030000000,
      "ocf": 3075000000,
      "capex": -45000000,
      "gross_margin": 0.5724711473183979,
      "op_margin": 0.4894772572980312,
      "fcf_margin": 0.5142566191446029,
      "incr_op_margin_yoy": -1.3472222222222223,
      "rev_growth_yoy": -0.02385685884691849,
      "rev_growth_yoy_accel": -0.01608401620732458,
      "fcf_margin_change": 0.09922864152669719
    },
    {
      "date": "2022-06-30T00:00:00",
      "quarter_label": "2022-06 (Q2)",
      "revenue": 6543000000,
      "gross_profit": 3666000000,
      "operating_income": 3105000000,
      "net_income": 891000000,
      "opex": 561000000,
      "cogs": 1708000000,
      "rd": null,
      "sga": null,
      "fcf": -552000000,
      "ocf": -514000000,
      "capex": -38000000,
      "gross_margin": 0.5602934433745989,
      "op_margin": 0.47455295735900965,
      "fcf_margin": -0.08436497019715727,
      "incr_op_margin_yoy": 0.20610687022900764,
      "rev_growth_yoy": -0.05666089965397924,
      "rev_growth_yoy_accel": -0.03280404080706075,
      "op_leverage_ratio": 0.750403088934148,
      "fcf_margin_change": -0.5986215893417601
    },
    {
      "date": "2022-09-30T00:00:00",
      "quarter_label": "2022-09 (Q3)",
      "revenue": 6550000000,
      "gross_profit": 3697000000,
      "operating_income": 3112000000,
      "net_income": 224000000,
      "opex": 585000000,
      "cogs": 1715000000,
      "rd": null,
      "sga": null,
      "fcf": 3012000000,
      "ocf": 3076000000,
      "capex": -64000000,
      "gross_margin": 0.5644274809160306,
      "op_margin": 0.4751145038167939,
      "fcf_margin": 0.4598473282442748,
      "incr_op_margin_yoy": -0.6822033898305084,
      "rev_growth_yoy": -0.034777483053345125,
      "rev_growth_yoy_accel": 0.021883416600634115,
      "fcf_margin_change": 0.5442122984414322
    },
    {
      "date": "2022-12-31T00:00:00",
      "quarter_label": "2022-12 (Q4)",
      "revenue": 6111000000,
      "gross_profit": 3510000000,
      "operating_income": 2818000000,
      "net_income": 2690000000,
      "opex": 692000000,
      "cogs": 1573000000,
      "rd": null,
      "sga": null,
      "fcf": 2561000000,
      "ocf": 2619000000,
      "capex": -58000000,
      "gross_margin": 0.5743740795287187,
      "op_margin": 0.4611356570119457,
      "fcf_margin": 0.41908034691539847,
      "incr_op_margin_yoy": -0.5902777777777778,
      "rev_growth_yoy": -0.02302158273381295,
      "rev_growth_yoy_accel": 0.011755900319532175,
      "fcf_margin_change": -0.04076698132887635
    },
    {
      "date": "2023-03-31T00:00:00",
      "quarter_label": "2023-03 (Q1)",
      "revenue": 5719000000,
      "gross_profit": 3329000000,
      "operating_income": 2757000000,
      "net_income": 1787000000,
      "opex": 572000000,
      "cogs": 1434000000,
      "rd": null,
      "sga": null,
      "fcf": 2929000000,
      "ocf": 2984000000,
      "capex": -55000000,
      "gross_margin": 0.5820947718132541,
      "op_margin": 0.48207728623885293,
      "fcf_margin": 0.5121524742087777,
      "incr_op_margin_yoy": 0.7341040462427746,
      "rev_growth_yoy": -0.029361846571622538,
      "rev_growth_yoy_accel": -0.006340263837809588,
      "fcf_margin_change": 0.09307212729337927
    },
    {
      "date": "2023-06-30T00:00:00",
      "quarter_label": "2023-06 (Q2)",
      "revenue": 6508000000,
      "gross_profit": 3757000000,
      "operating_income": 2905000000,
      "net_income": 2117000000,
      "opex": 852000000,
      "cogs": 1681000000,
      "rd": null,
      "sga": null,
      "fcf": 76000000,
      "ocf": 124000000,
      "capex": -48000000,
      "gross_margin": 0.5772894898586355,
      "op_margin": 0.44637369391518134,
      "fcf_margin": 0.011677934849416103,
      "incr_op_margin_yoy": 5.714285714285714,
      "rev_growth_yoy": -0.005349228182790769,
      "rev_growth_yoy_accel": 0.02401261838883177,
      "op_leverage_ratio": 0.2818349861364374,
      "fcf_margin_change": -0.5004745393593616
    },
    {
      "date": "2023-09-30T00:00:00",
      "quarter_label": "2023-09 (Q3)",
      "revenue": 6281000000,
      "gross_profit": 3699000000,
      "operating_income": 3089000000,
      "net_income": 2166000000,
      "opex": 610000000,
      "cogs": 1578000000,
      "rd": null,
      "sga": null,
      "fcf": 2912000000,
      "ocf": 2952000000,
      "capex": -40000000,
      "gross_margin": 0.5889189619487343,
      "op_margin": 0.49180066868333067,
      "fcf_margin": 0.46362044260468077,
      "incr_op_margin_yoy": 0.08550185873605948,
      "rev_growth_yoy": -0.04106870229007634,
      "rev_growth_yoy_accel": -0.03571947410728557,
      "fcf_margin_change": 0.4519425077552647
    },
    {
      "date": "2023-12-31T00:00:00",
      "quarter_label": "2023-12 (Q4)",
      "revenue": 5975000000,
      "gross_profit": 3499000000,
      "operating_income": 2796000000,
      "net_income": 2060000000,
      "opex": 703000000,
      "cogs": 1525000000,
      "rd": null,
      "sga": null,
      "fcf": 3174000000,
      "ocf": 3227000000,
      "capex": -53000000,
      "gross_margin": 0.5856066945606695,
      "op_margin": 0.46794979079497906,
      "fcf_margin": 0.5312133891213389,
      "incr_op_margin_yoy": 0.16176470588235295,
      "rev_growth_yoy": -0.022254950090001637,
      "rev_growth_yoy_accel": 0.0188137522000747,
      "fcf_margin_change": 0.06759294651665809
    },
    {
      "date": "2024-03-31T00:00:00",
      "quarter_label": "2024-03 (Q1)",
      "revenue": 5576000000,
      "gross_profit": 3280000000,
      "operating_income": 2674000000,
      "net_income": 2129000000,
      "opex": 606000000,
      "cogs": 1437000000,
      "rd": null,
      "sga": null,
      "fcf": 2842000000,
      "ocf": 2877000000,
      "capex": -35000000,
      "gross_margin": 0.5882352941176471,
      "op_margin": 0.4795552367288379,
      "fcf_margin": 0.5096843615494978,
      "incr_op_margin_yoy": 0.5804195804195804,
      "rev_growth_yoy": -0.02500437139360028,
      "rev_growth_yoy_accel": -0.002749421303598641,
      "fcf_margin_change": -0.021529027571841053
    },
    {
      "date": "2024-06-30T00:00:00",
      "quarter_label": "2024-06 (Q2)",
      "revenue": 6209000000,
      "gross_profit": 3675000000,
      "operating_income": 2533000000,
      "net_income": 3803000000,
      "opex": 1142000000,
      "cogs": 1602000000,
      "rd": null,
      "sga": null,
      "fcf": -104000000,
      "ocf": -75000000,
      "capex": -29000000,
      "gross_margin": 0.5918827508455468,
      "op_margin": 0.4079561926236109,
      "fcf_margin": -0.01674987920760187,
      "incr_op_margin_yoy": 1.2441471571906355,
      "rev_growth_yoy": -0.04594345421020283,
      "rev_growth_yoy_accel": -0.02093908281660255,
      "op_leverage_ratio": 0.12834790359536608,
      "fcf_margin_change": -0.5264342407570997
    },
    {
      "date": "2024-09-30T00:00:00",
      "quarter_label": "2024-09 (Q3)",
      "revenue": 6259000000,
      "gross_profit": 3808000000,
      "operating_income": 3152000000,
      "net_income": 2293000000,
      "opex": 656000000,
      "cogs": 1536000000,
      "rd": null,
      "sga": null,
      "fcf": 2580000000,
      "ocf": 2611000000,
      "capex": -31000000,
      "gross_margin": 0.6084038983863237,
      "op_margin": 0.5035948234542259,
      "fcf_margin": 0.4122064227512382,
      "incr_op_margin_yoy": -2.8636363636363638,
      "rev_growth_yoy": -0.0035026269702276708,
      "rev_growth_yoy_accel": 0.04244082723997516,
      "fcf_margin_change": 0.42895630195884005
    },
    {
      "date": "2024-12-31T00:00:00",
      "quarter_label": "2024-12 (Q4)",
      "revenue": 5974000000,
      "gross_profit": 3604000000,
      "operating_income": 2882000000,
      "net_income": 3039000000,
      "opex": 722000000,
      "cogs": 1502000000,
      "rd": null,
      "sga": null,
      "fcf": 3293000000,
      "ocf": 3340000000,
      "capex": -47000000,
      "gross_margin": 0.6032808838299297,
      "op_margin": 0.48242383662537663,
      "fcf_margin": 0.5512219618346167,
      "rev_growth_yoy": -0.00016736401673640169,
      "rev_growth_yoy_accel": 0.003335262953491269,
      "fcf_margin_change": 0.1390155390833785
    },
    {
      "date": "2025-03-31T00:00:00",
      "quarter_label": "2025-03 (Q1)",
      "revenue": 5259000000,
      "gross_profit": 3249000000,
      "operating_income": 1788000000,
      "net_income": 1077000000,
      "opex": 1461000000,
      "cogs": 1270000000,
      "rd": null,
      "sga": null,
      "fcf": 2682000000,
      "ocf": 2720000000,
      "capex": -38000000,
      "gross_margin": 0.6177980604677695,
      "op_margin": 0.3399885909868796,
      "fcf_margin": 0.5099828864803194,
      "incr_op_margin_yoy": 2.7949526813880126,
      "rev_growth_yoy": -0.05685078909612626,
      "rev_growth_yoy_accel": -0.05668342507938986,
      "fcf_margin_change": -0.04123907535429727
    },
    {
      "date": "2025-06-30T00:00:00",
      "quarter_label": "2025-06 (Q2)",
      "revenue": 6102000000,
      "gross_profit": 3850000000,
      "operating_income": 3230000000,
      "net_income": 2378000000,
      "opex": 620000000,
      "cogs": 1440000000,
      "rd": null,
      "sga": null,
      "fcf": 173000000,
      "ocf": 205000000,
      "capex": -32000000,
      "gross_margin": 0.6309406751884628,
      "op_margin": 0.5293346443788922,
      "fcf_margin": 0.02835136020976729,
      "incr_op_margin_yoy": -6.514018691588785,
      "rev_growth_yoy": -0.017233048800128846,
      "rev_growth_yoy_accel": 0.03961774029599741,
      "op_leverage_ratio": Infinity,
      "fcf_margin_change": -0.4816315262705521
    },
    {
      "date": "2025-09-30T00:00:00",
      "quarter_label": "2025-09 (Q3)",
      "revenue": 6072000000,
      "gross_profit": 3812000000,
      "operating_income": 3230000000,
      "net_income": 2375000000,
      "opex": 582000000,
      "cogs": 1439000000,
      "rd": null,
      "sga": null,
      "fcf": 3040000000,
      "ocf": 3094000000,
      "capex": -54000000,
      "gross_margin": 0.6277997364953887,
      "op_margin": 0.5319499341238472,
      "fcf_margin": 0.5006587615283268,
      "incr_op_margin_yoy": -0.41711229946524064,
      "rev_growth_yoy": -0.029876977152899824,
      "rev_growth_yoy_accel": -0.012643928352770978,
      "fcf_margin_change": 0.47230740131855947
    }
  ],
  "signals": [
    {
      "quarter": "2025-09 (Q3)",
      "signal": "FCF MARGIN EXPANSION",
      "detail": "FCF margin: +2.8% -> +50.1% (+47.2%)",
      "severity": "MEDIUM"
    },
    {
      "quarter": "2025-03 (Q1)",
      "signal": "YoY REVENUE GROWTH DECELERATION",
      "detail": "YoY growth: -5.7% vs prior quarter YoY: -0.0% (decel: -5.7%)",
      "severity": "WARNING"
    },
    {
      "quarter": "2025-03 (Q1)",
      "signal": "INCREMENTAL MARGIN (YoY)",
      "detail": "YoY Incr OPM: +279.5% vs year-ago OPM: +48.0%",
      "severity": "HIGH"
    },
    {
      "quarter": "2024-12 (Q4)",
      "signal": "FCF MARGIN EXPANSION",
      "detail": "FCF margin: +41.2% -> +55.1% (+13.9%)",
      "severity": "MEDIUM"
    },
    {
      "quarter": "2024-09 (Q3)",
      "signal": "FCF TURNED POSITIVE",
      "detail": "FCF margin: -1.7% -> +41.2%",
      "severity": "HIGH"
    },
    {
      "quarter": "2024-06 (Q2)",
      "signal": "INCREMENTAL MARGIN (YoY)",
      "detail": "YoY Incr OPM: +124.4% vs year-ago OPM: +44.6%",
      "severity": "HIGH"
    },
    {
      "quarter": "2023-12 (Q4)",
      "signal": "FCF MARGIN EXPANSION",
      "detail": "FCF margin: +46.4% -> +53.1% (+6.8%)",
      "severity": "MEDIUM"
    },
    {
      "quarter": "2023-09 (Q3)",
      "signal": "FCF MARGIN EXPANSION",
      "detail": "FCF margin: +1.2% -> +46.4% (+45.2%)",
      "severity": "MEDIUM"
    },
    {
      "quarter": "2023-06 (Q2)",
      "signal": "INCREMENTAL MARGIN (YoY)",
      "detail": "YoY Incr OPM: +571.4% vs year-ago OPM: +47.5%",
      "severity": "HIGH"
    },
    {
      "quarter": "2023-03 (Q1)",
      "signal": "FCF MARGIN EXPANSION",
      "detail": "FCF margin: +41.9% -> +51.2% (+9.3%)",
      "severity": "MEDIUM"
    },
    {
      "quarter": "2023-03 (Q1)",
      "signal": "INCREMENTAL MARGIN (YoY)",
      "detail": "YoY Incr OPM: +73.4% vs year-ago OPM: +48.9%",
      "severity": "HIGH"
    },
    {
      "quarter": "2022-09 (Q3)",
      "signal": "FCF TURNED POSITIVE",
      "detail": "FCF margin: -8.4% -> +46.0%",
      "severity": "HIGH"
    },
    {
      "quarter": "2022-03 (Q1)",
      "signal": "FCF MARGIN EXPANSION",
      "detail": "FCF margin: +41.5% -> +51.4% (+9.9%)",
      "severity": "MEDIUM"
    },
    {
      "quarter": "2022-03 (Q1)",
      "signal": "GROSS MARGIN INFLECTION",
      "detail": "GM: +54.1% -> +53.0% -> +57.2% (reversal +4.2%)",
      "severity": "MEDIUM"
    },
    {
      "quarter": "2021-09 (Q3)",
      "signal": "FCF TURNED POSITIVE",
      "detail": "FCF margin: -5.6% -> +44.4%",
      "severity": "HIGH"
    },
    {
      "quarter": "2021-03 (Q1)",
      "signal": "FCF MARGIN EXPANSION",
      "detail": "FCF margin: +39.2% -> +49.9% (+10.7%)",
      "severity": "MEDIUM"
    }
  ],
  "data_quality": {
    "n_quarters": 20,
    "coverage": {
      "revenue": [
        20,
        20
      ],
      "gross_profit": [
        20,
        20
      ],
      "op_income": [
        20,
        20
      ],
      "fcf": [
        20,
        20
      ]
    },
    "gaps": [],
    "warnings": []
  },
  "market_cap": null,
  "source": "SEC EDGAR",
  "last_updated": "2026-02-02T19:49:38.520541",
  "sector": "Consumer Defensive",
  "industry": "Tobacco"
}