{
  "ticker": "MOH",
  "name": "MOLINA HEALTHCARE, INC.",
  "quarters": [
    {
      "date": "2020-12-31T00:00:00",
      "quarter_label": "2020-12 (Q4)",
      "revenue": 5235000000,
      "gross_profit": 827000000,
      "operating_income": 91000000,
      "net_income": 34000000,
      "opex": 5144000000,
      "cogs": 4408000000,
      "rd": null,
      "sga": null,
      "fcf": 1289000000,
      "ocf": 1299000000,
      "capex": -10000000,
      "gross_margin": 0.15797516714422158,
      "op_margin": 0.01738299904489016,
      "fcf_margin": 0.24622731614135626
    },
    {
      "date": "2021-03-31T00:00:00",
      "quarter_label": "2021-03 (Q1)",
      "revenue": 6522000000,
      "gross_profit": 1048000000,
      "operating_income": 335000000,
      "net_income": 228000000,
      "opex": 6187000000,
      "cogs": 5474000000,
      "rd": null,
      "sga": null,
      "fcf": 552000000,
      "ocf": 568000000,
      "capex": -16000000,
      "gross_margin": 0.16068690585709905,
      "op_margin": 0.05136461208218338,
      "fcf_margin": 0.08463661453541858,
      "op_leverage_ratio": 1.2124909685802745,
      "fcf_margin_change": -0.1615907016059377
    },
    {
      "date": "2021-06-30T00:00:00",
      "quarter_label": "2021-06 (Q2)",
      "revenue": 6800000000,
      "gross_profit": 981000000,
      "operating_income": 273000000,
      "net_income": 185000000,
      "opex": 6527000000,
      "cogs": 5819000000,
      "rd": null,
      "sga": null,
      "fcf": 480000000,
      "ocf": 493000000,
      "capex": -13000000,
      "gross_margin": 0.14426470588235293,
      "op_margin": 0.04014705882352941,
      "fcf_margin": 0.07058823529411765,
      "op_leverage_ratio": 0.7756489348269205,
      "fcf_margin_change": -0.014048379241300937
    },
    {
      "date": "2021-09-30T00:00:00",
      "quarter_label": "2021-09 (Q3)",
      "revenue": 7040000000,
      "gross_profit": 991000000,
      "operating_income": 221000000,
      "net_income": 143000000,
      "opex": 6819000000,
      "cogs": 6049000000,
      "rd": null,
      "sga": null,
      "fcf": 434000000,
      "ocf": 461000000,
      "capex": -27000000,
      "gross_margin": 0.14076704545454546,
      "op_margin": 0.03139204545454546,
      "fcf_margin": 0.06164772727272727,
      "op_leverage_ratio": 0.7889202256244964,
      "fcf_margin_change": -0.008940508021390375
    },
    {
      "date": "2021-12-31T00:00:00",
      "quarter_label": "2021-12 (Q4)",
      "revenue": 7409000000,
      "gross_profit": 1047000000,
      "operating_income": 191000000,
      "net_income": 103000000,
      "opex": 7218000000,
      "cogs": 6362000000,
      "rd": null,
      "sga": null,
      "fcf": 576000000,
      "ocf": 597000000,
      "capex": -21000000,
      "gross_margin": 0.1413146173572682,
      "op_margin": 0.02577945741665542,
      "fcf_margin": 0.07774328519368336,
      "incr_op_margin_yoy": 0.045998160073597055,
      "rev_growth_yoy": 0.4152817574021012,
      "op_leverage_ratio": 0.8957802887901571,
      "fcf_margin_change": 0.016095557920956086
    },
    {
      "date": "2022-03-31T00:00:00",
      "quarter_label": "2022-03 (Q1)",
      "revenue": 7770000000,
      "gross_profit": 1207000000,
      "operating_income": 372000000,
      "net_income": 258000000,
      "opex": 7398000000,
      "cogs": 6563000000,
      "rd": null,
      "sga": null,
      "fcf": 340000000,
      "ocf": 363000000,
      "capex": -23000000,
      "gross_margin": 0.15534105534105533,
      "op_margin": 0.047876447876447875,
      "fcf_margin": 0.043758043758043756,
      "incr_op_margin_yoy": 0.029647435897435896,
      "rev_growth_yoy": 0.19135234590616376,
      "rev_growth_yoy_accel": -0.22392941149593745,
      "op_leverage_ratio": 1.9538534215143744,
      "fcf_margin_change": -0.0339852414356396
    },
    {
      "date": "2022-06-30T00:00:00",
      "quarter_label": "2022-06 (Q2)",
      "revenue": 8054000000,
      "gross_profit": 1182000000,
      "operating_income": 361000000,
      "net_income": 248000000,
      "opex": 7693000000,
      "cogs": 6872000000,
      "rd": null,
      "sga": null,
      "fcf": 341000000,
      "ocf": 368000000,
      "capex": -27000000,
      "gross_margin": 0.14675937422398808,
      "op_margin": 0.04482244847280854,
      "fcf_margin": 0.042339210330270674,
      "incr_op_margin_yoy": 0.07017543859649122,
      "rev_growth_yoy": 0.18441176470588236,
      "rev_growth_yoy_accel": -0.006940581200281404,
      "op_leverage_ratio": 0.9166206400104706,
      "fcf_margin_change": -0.0014188334277730821
    },
    {
      "date": "2022-09-30T00:00:00",
      "quarter_label": "2022-09 (Q3)",
      "revenue": 7927000000,
      "gross_profit": 1179000000,
      "operating_income": 335000000,
      "net_income": 230000000,
      "opex": 7592000000,
      "cogs": 6748000000,
      "rd": null,
      "sga": null,
      "fcf": 223000000,
      "ocf": 254000000,
      "capex": -31000000,
      "gross_margin": 0.1487321811530213,
      "op_margin": 0.04226062823262268,
      "fcf_margin": 0.02813170177873092,
      "incr_op_margin_yoy": 0.12852311161217586,
      "rev_growth_yoy": 0.1259943181818182,
      "rev_growth_yoy_accel": -0.058417446524064165,
      "fcf_margin_change": -0.014207508551539755
    },
    {
      "date": "2022-12-31T00:00:00",
      "quarter_label": "2022-12 (Q4)",
      "revenue": 8223000000,
      "gross_profit": 1231000000,
      "operating_income": 105000000,
      "net_income": 56000000,
      "opex": 8118000000,
      "cogs": 6992000000,
      "rd": null,
      "sga": null,
      "fcf": -222000000,
      "ocf": -212000000,
      "capex": -10000000,
      "gross_margin": 0.14970205521099356,
      "op_margin": 0.012769062385990515,
      "fcf_margin": -0.0269974461875228,
      "incr_op_margin_yoy": -0.10565110565110565,
      "rev_growth_yoy": 0.10986637872857336,
      "rev_growth_yoy_accel": -0.01612793945324484,
      "op_leverage_ratio": 0.5389559962797409,
      "fcf_margin_change": -0.05512914796625372
    },
    {
      "date": "2023-03-31T00:00:00",
      "quarter_label": "2023-03 (Q1)",
      "revenue": 8149000000,
      "gross_profit": 1278000000,
      "operating_income": 455000000,
      "net_income": 321000000,
      "opex": 7694000000,
      "cogs": 6871000000,
      "rd": null,
      "sga": null,
      "fcf": 884000000,
      "ocf": 916000000,
      "capex": -32000000,
      "gross_margin": 0.15682905878021844,
      "op_margin": 0.05583507178794944,
      "fcf_margin": 0.10847956804515892,
      "incr_op_margin_yoy": 0.21899736147757257,
      "rev_growth_yoy": 0.04877734877734878,
      "rev_growth_yoy_accel": -0.061089029951224574,
      "fcf_margin_change": 0.13547701423268171
    },
    {
      "date": "2023-06-30T00:00:00",
      "quarter_label": "2023-06 (Q2)",
      "revenue": 8327000000,
      "gross_profit": 1289000000,
      "operating_income": 443000000,
      "net_income": 309000000,
      "opex": 7884000000,
      "cogs": 7038000000,
      "rd": null,
      "sga": null,
      "fcf": 456000000,
      "ocf": 487000000,
      "capex": -31000000,
      "gross_margin": 0.15479764621112047,
      "op_margin": 0.05320043232856971,
      "fcf_margin": 0.05476161883031103,
      "incr_op_margin_yoy": 0.30036630036630035,
      "rev_growth_yoy": 0.033896200645641916,
      "rev_growth_yoy_accel": -0.014881148131706864,
      "op_leverage_ratio": 0.8845334590618158,
      "fcf_margin_change": -0.053717949214847883
    },
    {
      "date": "2023-09-30T00:00:00",
      "quarter_label": "2023-09 (Q3)",
      "revenue": 8548000000,
      "gross_profit": 1242000000,
      "operating_income": 359000000,
      "net_income": 245000000,
      "opex": 8189000000,
      "cogs": 7306000000,
      "rd": null,
      "sga": null,
      "fcf": 923000000,
      "ocf": 949000000,
      "capex": -26000000,
      "gross_margin": 0.1452971455311184,
      "op_margin": 0.04199812821712681,
      "fcf_margin": 0.10797847449695835,
      "incr_op_margin_yoy": 0.03864734299516908,
      "rev_growth_yoy": 0.07833985114166772,
      "rev_growth_yoy_accel": 0.044443650496025805,
      "op_leverage_ratio": 0.6860416539520856,
      "fcf_margin_change": 0.05321685566664732
    },
    {
      "date": "2023-12-31T00:00:00",
      "quarter_label": "2023-12 (Q4)",
      "revenue": 9048000000,
      "gross_profit": 1594000000,
      "operating_income": 316000000,
      "net_income": 216000000,
      "opex": 8732000000,
      "cogs": 7454000000,
      "rd": null,
      "sga": null,
      "fcf": -685000000,
      "ocf": -690000000,
      "capex": 5000000,
      "gross_margin": 0.17617152961980548,
      "op_margin": 0.034924845269672856,
      "fcf_margin": -0.07570733863837312,
      "incr_op_margin_yoy": 0.25575757575757574,
      "rev_growth_yoy": 0.1003283473184969,
      "rev_growth_yoy_accel": 0.021988496176829173,
      "op_leverage_ratio": 0.8821380034833086,
      "fcf_margin_change": -0.18368581313533147
    },
    {
      "date": "2024-03-31T00:00:00",
      "quarter_label": "2024-03 (Q1)",
      "revenue": 9931000000,
      "gross_profit": 1517000000,
      "operating_income": 426000000,
      "net_income": 301000000,
      "opex": 9505000000,
      "cogs": 8414000000,
      "rd": null,
      "sga": null,
      "fcf": 187000000,
      "ocf": 214000000,
      "capex": -27000000,
      "gross_margin": 0.15275400261806465,
      "op_margin": 0.042895982277716245,
      "fcf_margin": 0.01882992649280032,
      "incr_op_margin_yoy": -0.01627384960718294,
      "rev_growth_yoy": 0.21867713829917781,
      "rev_growth_yoy_accel": 0.11834879098068092,
      "op_leverage_ratio": 1.1024079710567642,
      "fcf_margin_change": 0.09453726513117344
    },
    {
      "date": "2024-06-30T00:00:00",
      "quarter_label": "2024-06 (Q2)",
      "revenue": 9880000000,
      "gross_profit": 1512000000,
      "operating_income": 434000000,
      "net_income": 301000000,
      "opex": 9446000000,
      "cogs": 8368000000,
      "rd": null,
      "sga": null,
      "fcf": -246000000,
      "ocf": -219000000,
      "capex": -27000000,
      "gross_margin": 0.15303643724696356,
      "op_margin": 0.043927125506072875,
      "fcf_margin": -0.024898785425101214,
      "incr_op_margin_yoy": -0.005795235028976175,
      "rev_growth_yoy": 0.1865017413234058,
      "rev_growth_yoy_accel": -0.032175396975772014,
      "fcf_margin_change": -0.043728711917901536
    },
    {
      "date": "2024-09-30T00:00:00",
      "quarter_label": "2024-09 (Q3)",
      "revenue": 10340000000,
      "gross_profit": 1697000000,
      "operating_income": 467000000,
      "net_income": 326000000,
      "opex": 9873000000,
      "cogs": 8643000000,
      "rd": null,
      "sga": null,
      "fcf": 838000000,
      "ocf": 873000000,
      "capex": -35000000,
      "gross_margin": 0.16411992263056094,
      "op_margin": 0.04516441005802708,
      "fcf_margin": 0.08104448742746614,
      "incr_op_margin_yoy": 0.060267857142857144,
      "rev_growth_yoy": 0.20963968179691156,
      "rev_growth_yoy_accel": 0.023137940473505758,
      "op_leverage_ratio": 1.0299614104618418,
      "fcf_margin_change": 0.10594327285256736
    },
    {
      "date": "2024-12-31T00:00:00",
      "quarter_label": "2024-12 (Q4)",
      "revenue": 10499000000,
      "gross_profit": 1496000000,
      "operating_income": 380000000,
      "net_income": 251000000,
      "opex": 10119000000,
      "cogs": 9003000000,
      "rd": null,
      "sga": null,
      "fcf": -235000000,
      "ocf": -224000000,
      "capex": -11000000,
      "gross_margin": 0.14248976092961235,
      "op_margin": 0.03619392323078388,
      "fcf_margin": -0.02238308410324793,
      "incr_op_margin_yoy": 0.04410751206064783,
      "rev_growth_yoy": 0.16036693191865606,
      "rev_growth_yoy_accel": -0.0492727498782555,
      "op_leverage_ratio": 0.6171498325234703,
      "fcf_margin_change": -0.10342757153071408
    },
    {
      "date": "2025-03-31T00:00:00",
      "quarter_label": "2025-03 (Q1)",
      "revenue": 11147000000,
      "gross_profit": 1668000000,
      "operating_income": 433000000,
      "net_income": 298000000,
      "opex": 10714000000,
      "cogs": 9479000000,
      "rd": null,
      "sga": null,
      "fcf": 168000000,
      "ocf": 190000000,
      "capex": -22000000,
      "gross_margin": 0.14963667354445143,
      "op_margin": 0.038844532161119584,
      "fcf_margin": 0.015071319637570647,
      "incr_op_margin_yoy": 0.005756578947368421,
      "rev_growth_yoy": 0.12244486960024167,
      "rev_growth_yoy_accel": -0.037922062318414385,
      "op_leverage_ratio": 1.0496577104982387,
      "fcf_margin_change": 0.03745440374081858
    },
    {
      "date": "2025-06-30T00:00:00",
      "quarter_label": "2025-06 (Q2)",
      "revenue": 11427000000,
      "gross_profit": 1598000000,
      "operating_income": 373000000,
      "net_income": 255000000,
      "opex": 11054000000,
      "cogs": 9829000000,
      "rd": null,
      "sga": null,
      "fcf": -344000000,
      "ocf": -302000000,
      "capex": -42000000,
      "gross_margin": 0.13984422858142995,
      "op_margin": 0.032641988273387594,
      "fcf_margin": -0.030104139319156384,
      "incr_op_margin_yoy": -0.0394311570782159,
      "rev_growth_yoy": 0.15657894736842104,
      "rev_growth_yoy_accel": 0.034134077768179366,
      "op_leverage_ratio": 0.7915397970437837,
      "fcf_margin_change": -0.04517545895672703
    },
    {
      "date": "2025-09-30T00:00:00",
      "quarter_label": "2025-09 (Q3)",
      "revenue": 11477000000,
      "gross_profit": 1433000000,
      "operating_income": 137000000,
      "net_income": 79000000,
      "opex": 11340000000,
      "cogs": 10044000000,
      "rd": null,
      "sga": null,
      "fcf": -163000000,
      "ocf": -125000000,
      "capex": -38000000,
      "gross_margin": 0.12485841247712817,
      "op_margin": 0.011936917312886644,
      "fcf_margin": -0.014202317678835933,
      "incr_op_margin_yoy": -0.29023746701846964,
      "rev_growth_yoy": 0.10996131528046421,
      "rev_growth_yoy_accel": -0.04661763208795683,
      "fcf_margin_change": 0.015901821640320453
    }
  ],
  "signals": [
    {
      "quarter": "2025-03 (Q1)",
      "signal": "FCF TURNED POSITIVE",
      "detail": "FCF margin: -2.2% -> +1.5%",
      "severity": "HIGH"
    },
    {
      "quarter": "2024-09 (Q3)",
      "signal": "FCF TURNED POSITIVE",
      "detail": "FCF margin: -2.5% -> +8.1%",
      "severity": "HIGH"
    },
    {
      "quarter": "2024-03 (Q1)",
      "signal": "FCF TURNED POSITIVE",
      "detail": "FCF margin: -7.6% -> +1.9%",
      "severity": "HIGH"
    },
    {
      "quarter": "2024-03 (Q1)",
      "signal": "YoY REVENUE GROWTH ACCELERATION",
      "detail": "YoY growth: +21.9% vs prior quarter YoY: +10.0% (accel: +11.8%)",
      "severity": "MEDIUM"
    },
    {
      "quarter": "2023-12 (Q4)",
      "signal": "GROSS MARGIN INFLECTION",
      "detail": "GM: +15.5% -> +14.5% -> +17.6% (reversal +3.1%)",
      "severity": "MEDIUM"
    },
    {
      "quarter": "2023-12 (Q4)",
      "signal": "INCREMENTAL MARGIN (YoY)",
      "detail": "YoY Incr OPM: +25.6% vs year-ago OPM: +1.3%",
      "severity": "HIGH"
    },
    {
      "quarter": "2023-09 (Q3)",
      "signal": "FCF MARGIN EXPANSION",
      "detail": "FCF margin: +5.5% -> +10.8% (+5.3%)",
      "severity": "MEDIUM"
    },
    {
      "quarter": "2023-06 (Q2)",
      "signal": "INCREMENTAL MARGIN (YoY)",
      "detail": "YoY Incr OPM: +30.0% vs year-ago OPM: +4.5%",
      "severity": "HIGH"
    },
    {
      "quarter": "2023-03 (Q1)",
      "signal": "FCF TURNED POSITIVE",
      "detail": "FCF margin: -2.7% -> +10.8%",
      "severity": "HIGH"
    },
    {
      "quarter": "2023-03 (Q1)",
      "signal": "YoY REVENUE GROWTH DECELERATION",
      "detail": "YoY growth: +4.9% vs prior quarter YoY: +11.0% (decel: -6.1%)",
      "severity": "WARNING"
    },
    {
      "quarter": "2023-03 (Q1)",
      "signal": "INCREMENTAL MARGIN (YoY)",
      "detail": "YoY Incr OPM: +21.9% vs year-ago OPM: +4.8%",
      "severity": "MEDIUM"
    },
    {
      "quarter": "2022-09 (Q3)",
      "signal": "YoY REVENUE GROWTH DECELERATION",
      "detail": "YoY growth: +12.6% vs prior quarter YoY: +18.4% (decel: -5.8%)",
      "severity": "WARNING"
    },
    {
      "quarter": "2022-03 (Q1)",
      "signal": "OPERATING LEVERAGE",
      "detail": "Rev growth +4.9% vs OpEx growth +2.5% (leverage: 2.0x)",
      "severity": "MEDIUM"
    },
    {
      "quarter": "2022-03 (Q1)",
      "signal": "YoY REVENUE GROWTH DECELERATION",
      "detail": "YoY growth: +19.1% vs prior quarter YoY: +41.5% (decel: -22.4%)",
      "severity": "WARNING"
    }
  ],
  "data_quality": {
    "n_quarters": 20,
    "coverage": {
      "revenue": [
        20,
        20
      ],
      "gross_profit": [
        20,
        20
      ],
      "op_income": [
        20,
        20
      ],
      "fcf": [
        20,
        20
      ]
    },
    "gaps": [],
    "warnings": []
  },
  "market_cap": null,
  "source": "SEC EDGAR",
  "last_updated": "2026-02-02T20:38:13.263236",
  "sector": "Healthcare",
  "industry": "Healthcare Plans"
}