{
  "ticker": "MORN",
  "name": "MORNINGSTAR,\u00a0INC.",
  "quarters": [
    {
      "date": "2020-12-31T00:00:00",
      "quarter_label": "2020-12 (Q4)",
      "revenue": 380400000,
      "gross_profit": 230800000,
      "operating_income": 65100000,
      "net_income": null,
      "opex": 315300000,
      "cogs": 149600000,
      "rd": null,
      "sga": null,
      "fcf": 92600000,
      "ocf": 114600000,
      "capex": -22000000,
      "gross_margin": 0.6067297581493165,
      "op_margin": 0.17113564668769715,
      "fcf_margin": 0.2434279705573081
    },
    {
      "date": "2021-03-31T00:00:00",
      "quarter_label": "2021-03 (Q1)",
      "revenue": 392800000,
      "gross_profit": 235500000,
      "operating_income": 67200000,
      "net_income": null,
      "opex": 325600000,
      "cogs": 157300000,
      "rd": null,
      "sga": null,
      "fcf": 41500000,
      "ocf": 64200000,
      "capex": -22700000,
      "gross_margin": 0.5995417515274949,
      "op_margin": 0.1710794297352342,
      "fcf_margin": 0.10565173116089613,
      "op_leverage_ratio": 0.9978561146672382,
      "fcf_margin_change": -0.13777623939641198
    },
    {
      "date": "2021-06-30T00:00:00",
      "quarter_label": "2021-06 (Q2)",
      "revenue": 415400000,
      "gross_profit": 247000000,
      "operating_income": 47200000,
      "net_income": null,
      "opex": 368200000,
      "cogs": 168400000,
      "rd": null,
      "sga": null,
      "fcf": 108500000,
      "ocf": 127200000,
      "capex": -18700000,
      "gross_margin": 0.594607607125662,
      "op_margin": 0.1136254212806933,
      "fcf_margin": 0.26119402985074625,
      "op_leverage_ratio": 0.43975598328600246,
      "fcf_margin_change": 0.15554229868985012
    },
    {
      "date": "2021-09-30T00:00:00",
      "quarter_label": "2021-09 (Q3)",
      "revenue": 428900000,
      "gross_profit": 245800000,
      "operating_income": 67800000,
      "net_income": null,
      "opex": 361100000,
      "cogs": 183100000,
      "rd": null,
      "sga": null,
      "fcf": 92400000,
      "ocf": 122600000,
      "capex": -30200000,
      "gross_margin": 0.5730939612963395,
      "op_margin": 0.15807880624854279,
      "fcf_margin": 0.21543483329447424,
      "op_leverage_ratio": Infinity,
      "fcf_margin_change": -0.045759196556272
    },
    {
      "date": "2021-12-31T00:00:00",
      "quarter_label": "2021-12 (Q4)",
      "revenue": 462200000,
      "gross_profit": 272600000,
      "operating_income": 74800000,
      "net_income": null,
      "opex": 387400000,
      "cogs": 189600000,
      "rd": null,
      "sga": null,
      "fcf": 105700000,
      "ocf": 135900000,
      "capex": -30200000,
      "gross_margin": 0.5897879705755085,
      "op_margin": 0.16183470359151883,
      "fcf_margin": 0.22868887927304196,
      "incr_op_margin_yoy": 0.11858190709046455,
      "rev_growth_yoy": 0.21503680336487907,
      "op_leverage_ratio": 1.0660066825826435,
      "fcf_margin_change": 0.013254045978567719
    },
    {
      "date": "2022-03-31T00:00:00",
      "quarter_label": "2022-03 (Q1)",
      "revenue": 457000000,
      "gross_profit": 265700000,
      "operating_income": 56400000,
      "net_income": null,
      "opex": 400600000,
      "cogs": 191300000,
      "rd": null,
      "sga": null,
      "fcf": -4500000,
      "ocf": 23500000,
      "capex": -28000000,
      "gross_margin": 0.5814004376367615,
      "op_margin": 0.12341356673960613,
      "fcf_margin": -0.009846827133479213,
      "incr_op_margin_yoy": -0.16822429906542055,
      "rev_growth_yoy": 0.1634419551934827,
      "rev_growth_yoy_accel": -0.05159484817139637,
      "fcf_margin_change": -0.23853570640652116
    },
    {
      "date": "2022-06-30T00:00:00",
      "quarter_label": "2022-06 (Q2)",
      "revenue": 470400000,
      "gross_profit": 272800000,
      "operating_income": 53900000,
      "net_income": null,
      "opex": 416500000,
      "cogs": 197600000,
      "rd": null,
      "sga": null,
      "fcf": 37000000,
      "ocf": 68700000,
      "capex": -31700000,
      "gross_margin": 0.5799319727891157,
      "op_margin": 0.11458333333333333,
      "fcf_margin": 0.07865646258503402,
      "incr_op_margin_yoy": 0.12181818181818181,
      "rev_growth_yoy": 0.13240250361097738,
      "rev_growth_yoy_accel": -0.031039451582505317,
      "op_leverage_ratio": 0.7387583777163068,
      "fcf_margin_change": 0.08850328971851323
    },
    {
      "date": "2022-09-30T00:00:00",
      "quarter_label": "2022-09 (Q3)",
      "revenue": 468200000,
      "gross_profit": 272800000,
      "operating_income": 22000000,
      "net_income": null,
      "opex": 446200000,
      "cogs": 195400000,
      "rd": null,
      "sga": null,
      "fcf": 68400000,
      "ocf": 102100000,
      "capex": -33700000,
      "gross_margin": 0.5826569841947885,
      "op_margin": 0.04698846646732166,
      "fcf_margin": 0.1460914139256728,
      "incr_op_margin_yoy": -1.1653944020356235,
      "rev_growth_yoy": 0.0916297505245978,
      "rev_growth_yoy_accel": -0.04077275308637958,
      "fcf_margin_change": 0.06743495134063877
    },
    {
      "date": "2022-12-31T00:00:00",
      "quarter_label": "2022-12 (Q4)",
      "revenue": 475000000,
      "gross_profit": 280000000,
      "operating_income": 35500000,
      "net_income": null,
      "opex": 439500000,
      "cogs": 195000000,
      "rd": null,
      "sga": null,
      "fcf": 67400000,
      "ocf": 103500000,
      "capex": -36100000,
      "gross_margin": 0.5894736842105263,
      "op_margin": 0.07473684210526316,
      "fcf_margin": 0.14189473684210527,
      "incr_op_margin_yoy": -3.0703125,
      "rev_growth_yoy": 0.027693639117265252,
      "rev_growth_yoy_accel": -0.06393611140733255,
      "op_leverage_ratio": Infinity,
      "fcf_margin_change": -0.004196677083567524
    },
    {
      "date": "2023-03-31T00:00:00",
      "quarter_label": "2023-03 (Q1)",
      "revenue": 479700000,
      "gross_profit": 260900000,
      "operating_income": 24500000,
      "net_income": null,
      "opex": 455200000,
      "cogs": 218800000,
      "rd": null,
      "sga": null,
      "fcf": -6100000,
      "ocf": 23400000,
      "capex": -29500000,
      "gross_margin": 0.5438815926620805,
      "op_margin": 0.05107358765895351,
      "fcf_margin": -0.012716281008963937,
      "incr_op_margin_yoy": -1.4052863436123348,
      "rev_growth_yoy": 0.04967177242888403,
      "rev_growth_yoy_accel": 0.021978133311618776,
      "fcf_margin_change": -0.1546110178510692
    },
    {
      "date": "2023-06-30T00:00:00",
      "quarter_label": "2023-06 (Q2)",
      "revenue": 504700000,
      "gross_profit": 288300000,
      "operating_income": 41700000,
      "net_income": null,
      "opex": 463000000,
      "cogs": 216400000,
      "rd": null,
      "sga": null,
      "fcf": -5800000,
      "ocf": 24500000,
      "capex": -30300000,
      "gross_margin": 0.5712304339211413,
      "op_margin": 0.08262334059837527,
      "fcf_margin": -0.011491975430949078,
      "incr_op_margin_yoy": -0.3556851311953353,
      "rev_growth_yoy": 0.07291666666666667,
      "rev_growth_yoy_accel": 0.023244894237782643,
      "op_leverage_ratio": 3.0414308087854054,
      "fcf_margin_change": 0.0012243055780148584
    },
    {
      "date": "2023-09-30T00:00:00",
      "quarter_label": "2023-09 (Q3)",
      "revenue": 515500000,
      "gross_profit": 312600000,
      "operating_income": 70000000,
      "net_income": null,
      "opex": 445500000,
      "cogs": 202900000,
      "rd": null,
      "sga": null,
      "fcf": 101400000,
      "ocf": 130700000,
      "capex": -29300000,
      "gross_margin": 0.6064015518913676,
      "op_margin": 0.13579049466537343,
      "fcf_margin": 0.19670223084384092,
      "incr_op_margin_yoy": 1.014799154334038,
      "rev_growth_yoy": 0.10102520290474157,
      "rev_growth_yoy_accel": 0.028108536238074897,
      "op_leverage_ratio": Infinity,
      "fcf_margin_change": 0.20819420627479
    },
    {
      "date": "2023-12-31T00:00:00",
      "quarter_label": "2023-12 (Q4)",
      "revenue": 538700000,
      "gross_profit": 333300000,
      "operating_income": 94400000,
      "net_income": null,
      "opex": 444300000,
      "cogs": 205400000,
      "rd": null,
      "sga": null,
      "fcf": 107800000,
      "ocf": 137800000,
      "capex": -30000000,
      "gross_margin": 0.6187117133840727,
      "op_margin": 0.17523668089845926,
      "fcf_margin": 0.20011137924633376,
      "incr_op_margin_yoy": 0.9246467817896389,
      "rev_growth_yoy": 0.13410526315789473,
      "rev_growth_yoy_accel": 0.03308006025315316,
      "op_leverage_ratio": Infinity,
      "fcf_margin_change": 0.0034091484024928453
    },
    {
      "date": "2024-03-31T00:00:00",
      "quarter_label": "2024-03 (Q1)",
      "revenue": 542800000,
      "gross_profit": 324700000,
      "operating_income": 92600000,
      "net_income": null,
      "opex": 450200000,
      "cogs": 218100000,
      "rd": null,
      "sga": null,
      "fcf": 59500000,
      "ocf": 93600000,
      "capex": -34100000,
      "gross_margin": 0.5981945467943994,
      "op_margin": 0.17059690493736182,
      "fcf_margin": 0.10961680176860722,
      "incr_op_margin_yoy": 1.0792393026941363,
      "rev_growth_yoy": 0.13154054617469252,
      "rev_growth_yoy_accel": -0.0025647169832022088,
      "fcf_margin_change": -0.09049457747772655
    },
    {
      "date": "2024-06-30T00:00:00",
      "quarter_label": "2024-06 (Q2)",
      "revenue": 571900000,
      "gross_profit": 349200000,
      "operating_income": 108500000,
      "net_income": null,
      "opex": 463400000,
      "cogs": 222700000,
      "rd": null,
      "sga": null,
      "fcf": 120800000,
      "ocf": 152700000,
      "capex": -31900000,
      "gross_margin": 0.6105962580870782,
      "op_margin": 0.189718482252142,
      "fcf_margin": 0.21122573876551845,
      "incr_op_margin_yoy": 0.9940476190476191,
      "rev_growth_yoy": 0.13314840499306518,
      "rev_growth_yoy_accel": 0.001607858818372665,
      "op_leverage_ratio": 1.8284568232062706,
      "fcf_margin_change": 0.10160893699691123
    },
    {
      "date": "2024-09-30T00:00:00",
      "quarter_label": "2024-09 (Q3)",
      "revenue": 569400000,
      "gross_profit": 346700000,
      "operating_income": 115500000,
      "net_income": null,
      "opex": 453900000,
      "cogs": 222700000,
      "rd": null,
      "sga": null,
      "fcf": 155800000,
      "ocf": 191900000,
      "capex": -36100000,
      "gross_margin": 0.6088865472427116,
      "op_margin": 0.20284510010537407,
      "fcf_margin": 0.2736213558131366,
      "incr_op_margin_yoy": 0.8441558441558441,
      "rev_growth_yoy": 0.10455868089233754,
      "rev_growth_yoy_accel": -0.028589724100727645,
      "fcf_margin_change": 0.062395617047618174
    },
    {
      "date": "2024-12-31T00:00:00",
      "quarter_label": "2024-12 (Q4)",
      "revenue": 591000000,
      "gross_profit": 358800000,
      "operating_income": 168200000,
      "net_income": null,
      "opex": 486800000,
      "cogs": 232200000,
      "rd": null,
      "sga": null,
      "fcf": 112800000,
      "ocf": 153400000,
      "capex": -40600000,
      "gross_margin": 0.6071065989847716,
      "op_margin": 0.2846023688663283,
      "fcf_margin": 0.19086294416243654,
      "incr_op_margin_yoy": 1.4110898661567877,
      "rev_growth_yoy": 0.09708557638759978,
      "rev_growth_yoy_accel": -0.00747310450473776,
      "op_leverage_ratio": 0.5233600558578699,
      "fcf_margin_change": -0.08275841165070008
    },
    {
      "date": "2025-03-31T00:00:00",
      "quarter_label": "2025-03 (Q1)",
      "revenue": 581900000,
      "gross_profit": 350500000,
      "operating_income": 114100000,
      "net_income": null,
      "opex": 467800000,
      "cogs": 231400000,
      "rd": null,
      "sga": null,
      "fcf": 58800000,
      "ocf": 91000000,
      "capex": -32200000,
      "gross_margin": 0.602337171335281,
      "op_margin": 0.19608180099673483,
      "fcf_margin": 0.1010482900842069,
      "incr_op_margin_yoy": 0.5498721227621484,
      "rev_growth_yoy": 0.07203389830508475,
      "rev_growth_yoy_accel": -0.02505167808251503,
      "fcf_margin_change": -0.08981465407822964
    },
    {
      "date": "2025-06-30T00:00:00",
      "quarter_label": "2025-06 (Q2)",
      "revenue": 605100000,
      "gross_profit": 374500000,
      "operating_income": 125100000,
      "net_income": null,
      "opex": 480800000,
      "cogs": 230600000,
      "rd": null,
      "sga": null,
      "fcf": 62400000,
      "ocf": 99000000,
      "capex": -36600000,
      "gross_margin": 0.6189059659560403,
      "op_margin": 0.20674268715914726,
      "fcf_margin": 0.10312345066931086,
      "incr_op_margin_yoy": 0.5,
      "rev_growth_yoy": 0.058052107011715336,
      "rev_growth_yoy_accel": -0.013981791293369412,
      "op_leverage_ratio": 1.4346847859135194,
      "fcf_margin_change": 0.002075160585103958
    },
    {
      "date": "2025-09-30T00:00:00",
      "quarter_label": "2025-09 (Q3)",
      "revenue": 617400000,
      "gross_profit": 375700000,
      "operating_income": 127800000,
      "net_income": null,
      "opex": 490100000,
      "cogs": 241700000,
      "rd": null,
      "sga": null,
      "fcf": 160100000,
      "ocf": 195700000,
      "capex": -35600000,
      "gross_margin": 0.6085195983155167,
      "op_margin": 0.20699708454810495,
      "fcf_margin": 0.2593132491091675,
      "incr_op_margin_yoy": 0.25625,
      "rev_growth_yoy": 0.08429926238145416,
      "rev_growth_yoy_accel": 0.026247155369738824,
      "op_leverage_ratio": 1.0508953465436264,
      "fcf_margin_change": 0.15618979843985661
    }
  ],
  "signals": [
    {
      "quarter": "2025-09 (Q3)",
      "signal": "FCF MARGIN EXPANSION",
      "detail": "FCF margin: +10.3% -> +25.9% (+15.6%)",
      "severity": "MEDIUM"
    },
    {
      "quarter": "2025-06 (Q2)",
      "signal": "INCREMENTAL MARGIN (YoY)",
      "detail": "YoY Incr OPM: +50.0% vs year-ago OPM: +19.0%",
      "severity": "HIGH"
    },
    {
      "quarter": "2025-03 (Q1)",
      "signal": "INCREMENTAL MARGIN (YoY)",
      "detail": "YoY Incr OPM: +55.0% vs year-ago OPM: +17.1%",
      "severity": "HIGH"
    },
    {
      "quarter": "2024-12 (Q4)",
      "signal": "INCREMENTAL MARGIN (YoY)",
      "detail": "YoY Incr OPM: +141.1% vs year-ago OPM: +17.5%",
      "severity": "HIGH"
    },
    {
      "quarter": "2024-09 (Q3)",
      "signal": "FCF MARGIN EXPANSION",
      "detail": "FCF margin: +21.1% -> +27.4% (+6.2%)",
      "severity": "MEDIUM"
    },
    {
      "quarter": "2024-09 (Q3)",
      "signal": "INCREMENTAL MARGIN (YoY)",
      "detail": "YoY Incr OPM: +84.4% vs year-ago OPM: +13.6%",
      "severity": "HIGH"
    },
    {
      "quarter": "2024-06 (Q2)",
      "signal": "FCF MARGIN EXPANSION",
      "detail": "FCF margin: +11.0% -> +21.1% (+10.2%)",
      "severity": "MEDIUM"
    },
    {
      "quarter": "2024-06 (Q2)",
      "signal": "OPERATING LEVERAGE",
      "detail": "Rev growth +5.4% vs OpEx growth +2.9% (leverage: 1.8x)",
      "severity": "MEDIUM"
    },
    {
      "quarter": "2024-06 (Q2)",
      "signal": "INCREMENTAL MARGIN (YoY)",
      "detail": "YoY Incr OPM: +99.4% vs year-ago OPM: +8.3%",
      "severity": "HIGH"
    },
    {
      "quarter": "2024-03 (Q1)",
      "signal": "INCREMENTAL MARGIN (YoY)",
      "detail": "YoY Incr OPM: +107.9% vs year-ago OPM: +5.1%",
      "severity": "HIGH"
    },
    {
      "quarter": "2023-12 (Q4)",
      "signal": "INCREMENTAL MARGIN (YoY)",
      "detail": "YoY Incr OPM: +92.5% vs year-ago OPM: +7.5%",
      "severity": "HIGH"
    },
    {
      "quarter": "2023-09 (Q3)",
      "signal": "FCF TURNED POSITIVE",
      "detail": "FCF margin: -1.1% -> +19.7%",
      "severity": "HIGH"
    },
    {
      "quarter": "2023-09 (Q3)",
      "signal": "INCREMENTAL MARGIN (YoY)",
      "detail": "YoY Incr OPM: +101.5% vs year-ago OPM: +4.7%",
      "severity": "HIGH"
    },
    {
      "quarter": "2023-06 (Q2)",
      "signal": "OPERATING LEVERAGE",
      "detail": "Rev growth +5.2% vs OpEx growth +1.7% (leverage: 3.0x)",
      "severity": "MEDIUM"
    },
    {
      "quarter": "2023-06 (Q2)",
      "signal": "GROSS MARGIN INFLECTION",
      "detail": "GM: +58.9% -> +54.4% -> +57.1% (reversal +2.7%)",
      "severity": "MEDIUM"
    },
    {
      "quarter": "2022-12 (Q4)",
      "signal": "YoY REVENUE GROWTH DECELERATION",
      "detail": "YoY growth: +2.8% vs prior quarter YoY: +9.2% (decel: -6.4%)",
      "severity": "WARNING"
    },
    {
      "quarter": "2022-09 (Q3)",
      "signal": "FCF MARGIN EXPANSION",
      "detail": "FCF margin: +7.9% -> +14.6% (+6.7%)",
      "severity": "MEDIUM"
    },
    {
      "quarter": "2022-06 (Q2)",
      "signal": "FCF TURNED POSITIVE",
      "detail": "FCF margin: -1.0% -> +7.9%",
      "severity": "HIGH"
    },
    {
      "quarter": "2022-03 (Q1)",
      "signal": "YoY REVENUE GROWTH DECELERATION",
      "detail": "YoY growth: +16.3% vs prior quarter YoY: +21.5% (decel: -5.2%)",
      "severity": "WARNING"
    },
    {
      "quarter": "2021-06 (Q2)",
      "signal": "FCF MARGIN EXPANSION",
      "detail": "FCF margin: +10.6% -> +26.1% (+15.6%)",
      "severity": "MEDIUM"
    }
  ],
  "data_quality": {
    "n_quarters": 20,
    "coverage": {
      "revenue": [
        20,
        20
      ],
      "gross_profit": [
        20,
        20
      ],
      "op_income": [
        20,
        20
      ],
      "fcf": [
        20,
        20
      ]
    },
    "gaps": [],
    "warnings": []
  },
  "market_cap": null,
  "source": "SEC EDGAR",
  "last_updated": "2026-02-02T20:43:45.899143"
}