{
  "ticker": "MPLXP",
  "name": "MPLX LP",
  "quarters": [
    {
      "date": "2020-12-31T00:00:00",
      "quarter_label": "2020-12 (Q4)",
      "revenue": 2249000000,
      "gross_profit": null,
      "operating_income": null,
      "net_income": 691000000,
      "opex": 1329000000,
      "cogs": null,
      "rd": null,
      "sga": null,
      "fcf": 984000000,
      "ocf": 1185000000,
      "capex": -201000000,
      "gross_margin": null,
      "op_margin": null,
      "fcf_margin": 0.4375277901289462
    },
    {
      "date": "2021-03-31T00:00:00",
      "quarter_label": "2021-03 (Q1)",
      "revenue": 2339000000,
      "gross_profit": null,
      "operating_income": null,
      "net_income": 739000000,
      "opex": 1365000000,
      "cogs": null,
      "rd": null,
      "sga": null,
      "fcf": 998000000,
      "ocf": 1124000000,
      "capex": -126000000,
      "gross_margin": null,
      "op_margin": null,
      "fcf_margin": 0.42667806755023513,
      "op_leverage_ratio": 1.477323254779902,
      "fcf_margin_change": -0.010849722578711085
    },
    {
      "date": "2021-06-30T00:00:00",
      "quarter_label": "2021-06 (Q2)",
      "revenue": 2395000000,
      "gross_profit": null,
      "operating_income": null,
      "net_income": 706000000,
      "opex": 1464000000,
      "cogs": null,
      "rd": null,
      "sga": null,
      "fcf": 1256000000,
      "ocf": 1365000000,
      "capex": -109000000,
      "gross_margin": null,
      "op_margin": null,
      "fcf_margin": 0.5244258872651357,
      "op_leverage_ratio": 0.3301074015054348,
      "fcf_margin_change": 0.0977478197149006
    },
    {
      "date": "2021-09-30T00:00:00",
      "quarter_label": "2021-09 (Q3)",
      "revenue": 2559000000,
      "gross_profit": null,
      "operating_income": null,
      "net_income": 802000000,
      "opex": 1528000000,
      "cogs": null,
      "rd": null,
      "sga": null,
      "fcf": 1043000000,
      "ocf": 1182000000,
      "capex": -139000000,
      "gross_margin": null,
      "op_margin": null,
      "fcf_margin": 0.4075810863618601,
      "op_leverage_ratio": 1.5663883089770354,
      "fcf_margin_change": -0.11684480090327565
    },
    {
      "date": "2021-12-31T00:00:00",
      "quarter_label": "2021-12 (Q4)",
      "revenue": 2734000000,
      "gross_profit": null,
      "operating_income": null,
      "net_income": 830000000,
      "opex": 1678000000,
      "cogs": null,
      "rd": null,
      "sga": null,
      "fcf": 1085000000,
      "ocf": 1240000000,
      "capex": -155000000,
      "gross_margin": null,
      "op_margin": null,
      "fcf_margin": 0.3968544257498171,
      "rev_growth_yoy": 0.21565140062249888,
      "op_leverage_ratio": 0.6966262863097564,
      "fcf_margin_change": -0.01072666061204297
    },
    {
      "date": "2022-03-31T00:00:00",
      "quarter_label": "2022-03 (Q1)",
      "revenue": 2610000000,
      "gross_profit": null,
      "operating_income": 1060000000,
      "net_income": 825000000,
      "opex": 1550000000,
      "cogs": null,
      "rd": null,
      "sga": null,
      "fcf": 956000000,
      "ocf": 1125000000,
      "capex": -169000000,
      "gross_margin": null,
      "op_margin": 0.4061302681992337,
      "fcf_margin": 0.36628352490421456,
      "rev_growth_yoy": 0.115861479264643,
      "rev_growth_yoy_accel": -0.09978992135785587,
      "fcf_margin_change": -0.030570900845602544
    },
    {
      "date": "2022-06-30T00:00:00",
      "quarter_label": "2022-06 (Q2)",
      "revenue": 2940000000,
      "gross_profit": null,
      "operating_income": 1117000000,
      "net_income": 875000000,
      "opex": 1823000000,
      "cogs": null,
      "rd": null,
      "sga": null,
      "fcf": 1362000000,
      "ocf": 1487000000,
      "capex": -125000000,
      "gross_margin": null,
      "op_margin": 0.37993197278911567,
      "fcf_margin": 0.463265306122449,
      "rev_growth_yoy": 0.22755741127348644,
      "rev_growth_yoy_accel": 0.11169593200884344,
      "op_leverage_ratio": 0.7178645109679593,
      "fcf_margin_change": 0.09698178121823442
    },
    {
      "date": "2022-09-30T00:00:00",
      "quarter_label": "2022-09 (Q3)",
      "revenue": 3401000000,
      "gross_profit": null,
      "operating_income": 1674000000,
      "net_income": 1428000000,
      "opex": 1727000000,
      "cogs": null,
      "rd": null,
      "sga": null,
      "fcf": 798000000,
      "ocf": 1039000000,
      "capex": -241000000,
      "gross_margin": null,
      "op_margin": 0.49220817406645107,
      "fcf_margin": 0.2346368715083799,
      "rev_growth_yoy": 0.3290347792106291,
      "rev_growth_yoy_accel": 0.10147736793714268,
      "op_leverage_ratio": Infinity,
      "fcf_margin_change": -0.2286284346140691
    },
    {
      "date": "2022-12-31T00:00:00",
      "quarter_label": "2022-12 (Q4)",
      "revenue": 2662000000,
      "gross_profit": null,
      "operating_income": 1060000000,
      "net_income": 816000000,
      "opex": 1602000000,
      "cogs": null,
      "rd": null,
      "sga": null,
      "fcf": 1097000000,
      "ocf": 1368000000,
      "capex": -271000000,
      "gross_margin": null,
      "op_margin": 0.3981968444778362,
      "fcf_margin": 0.4120961682945154,
      "rev_growth_yoy": -0.026335040234089245,
      "rev_growth_yoy_accel": -0.35536981944471835,
      "fcf_margin_change": 0.1774592967861355
    },
    {
      "date": "2023-03-31T00:00:00",
      "quarter_label": "2023-03 (Q1)",
      "revenue": 2713000000,
      "gross_profit": null,
      "operating_income": 1196000000,
      "net_income": 943000000,
      "opex": 1517000000,
      "cogs": null,
      "rd": null,
      "sga": null,
      "fcf": 1058000000,
      "ocf": 1227000000,
      "capex": -169000000,
      "gross_margin": null,
      "op_margin": 0.4408403980833026,
      "fcf_margin": 0.38997419830446,
      "incr_op_margin_yoy": 1.3203883495145632,
      "rev_growth_yoy": 0.03946360153256705,
      "rev_growth_yoy_accel": 0.06579864176665629,
      "op_leverage_ratio": Infinity,
      "fcf_margin_change": -0.02212196999005539
    },
    {
      "date": "2023-06-30T00:00:00",
      "quarter_label": "2023-06 (Q2)",
      "revenue": 2690000000,
      "gross_profit": null,
      "operating_income": 1175000000,
      "net_income": 933000000,
      "opex": 1515000000,
      "cogs": null,
      "rd": null,
      "sga": null,
      "fcf": 1174000000,
      "ocf": 1437000000,
      "capex": -263000000,
      "gross_margin": null,
      "op_margin": 0.4368029739776952,
      "fcf_margin": 0.43643122676579926,
      "incr_op_margin_yoy": -0.232,
      "rev_growth_yoy": -0.08503401360544217,
      "rev_growth_yoy_accel": -0.12449761513800922,
      "fcf_margin_change": 0.046457028461339256
    },
    {
      "date": "2023-09-30T00:00:00",
      "quarter_label": "2023-09 (Q3)",
      "revenue": 2912000000,
      "gross_profit": null,
      "operating_income": 1154000000,
      "net_income": 918000000,
      "opex": 1758000000,
      "cogs": null,
      "rd": null,
      "sga": null,
      "fcf": 1014000000,
      "ocf": 1244000000,
      "capex": -230000000,
      "gross_margin": null,
      "op_margin": 0.39629120879120877,
      "fcf_margin": 0.3482142857142857,
      "incr_op_margin_yoy": 1.0633946830265848,
      "rev_growth_yoy": -0.14378124081152602,
      "rev_growth_yoy_accel": -0.058747227206083844,
      "op_leverage_ratio": 0.5145256780944513,
      "fcf_margin_change": -0.08821694105151356
    },
    {
      "date": "2023-12-31T00:00:00",
      "quarter_label": "2023-12 (Q4)",
      "revenue": 2966000000,
      "gross_profit": null,
      "operating_income": 1375000000,
      "net_income": 1134000000,
      "opex": 1591000000,
      "cogs": null,
      "rd": null,
      "sga": null,
      "fcf": 1214000000,
      "ocf": 1489000000,
      "capex": -275000000,
      "gross_margin": null,
      "op_margin": 0.46358732299393124,
      "fcf_margin": 0.4093054619015509,
      "incr_op_margin_yoy": 1.0361842105263157,
      "rev_growth_yoy": 0.11419984973703982,
      "rev_growth_yoy_accel": 0.25798109054856583,
      "op_leverage_ratio": Infinity,
      "fcf_margin_change": 0.06109117618726523
    },
    {
      "date": "2024-03-31T00:00:00",
      "quarter_label": "2024-03 (Q1)",
      "revenue": 2846000000,
      "gross_profit": null,
      "operating_income": 1251000000,
      "net_income": null,
      "opex": 1595000000,
      "cogs": null,
      "rd": null,
      "sga": null,
      "fcf": 1036000000,
      "ocf": 1291000000,
      "capex": -255000000,
      "gross_margin": null,
      "op_margin": 0.4395643007730148,
      "fcf_margin": 0.3640196767392832,
      "incr_op_margin_yoy": 0.41353383458646614,
      "rev_growth_yoy": 0.049023221525986,
      "rev_growth_yoy_accel": -0.06517662821105383,
      "fcf_margin_change": -0.04528578516226772
    },
    {
      "date": "2024-06-30T00:00:00",
      "quarter_label": "2024-06 (Q2)",
      "revenue": 3052000000,
      "gross_profit": null,
      "operating_income": 1419000000,
      "net_income": null,
      "opex": 1633000000,
      "cogs": null,
      "rd": null,
      "sga": null,
      "fcf": 1352000000,
      "ocf": 1565000000,
      "capex": -213000000,
      "gross_margin": null,
      "op_margin": 0.4649410222804718,
      "fcf_margin": 0.4429882044560944,
      "incr_op_margin_yoy": 0.6740331491712708,
      "rev_growth_yoy": 0.13457249070631971,
      "rev_growth_yoy_accel": 0.08554926918033372,
      "op_leverage_ratio": 3.0381514221252357,
      "fcf_margin_change": 0.07896852771681118
    },
    {
      "date": "2024-09-30T00:00:00",
      "quarter_label": "2024-09 (Q3)",
      "revenue": 2972000000,
      "gross_profit": null,
      "operating_income": 1275000000,
      "net_income": null,
      "opex": 1697000000,
      "cogs": null,
      "rd": null,
      "sga": null,
      "fcf": 1135000000,
      "ocf": 1415000000,
      "capex": -280000000,
      "gross_margin": null,
      "op_margin": 0.42900403768506057,
      "fcf_margin": 0.38189771197846567,
      "incr_op_margin_yoy": 2.0166666666666666,
      "rev_growth_yoy": 0.020604395604395604,
      "rev_growth_yoy_accel": -0.11396809510192411,
      "fcf_margin_change": -0.06109049247762871
    },
    {
      "date": "2024-12-31T00:00:00",
      "quarter_label": "2024-12 (Q4)",
      "revenue": 3063000000,
      "gross_profit": null,
      "operating_income": 1343000000,
      "net_income": null,
      "opex": 1720000000,
      "cogs": null,
      "rd": null,
      "sga": null,
      "fcf": 1367000000,
      "ocf": 1675000000,
      "capex": -308000000,
      "gross_margin": null,
      "op_margin": 0.4384590270976167,
      "fcf_margin": 0.44629448253346393,
      "incr_op_margin_yoy": -0.32989690721649484,
      "rev_growth_yoy": 0.03270397842211733,
      "rev_growth_yoy_accel": 0.012099582817721725,
      "op_leverage_ratio": 2.2591579378547606,
      "fcf_margin_change": 0.06439677055499826
    },
    {
      "date": "2025-03-31T00:00:00",
      "quarter_label": "2025-03 (Q1)",
      "revenue": 3124000000,
      "gross_profit": null,
      "operating_income": 1366000000,
      "net_income": null,
      "opex": 1758000000,
      "cogs": null,
      "rd": null,
      "sga": null,
      "fcf": 979000000,
      "ocf": 1246000000,
      "capex": -267000000,
      "gross_margin": null,
      "op_margin": 0.4372599231754161,
      "fcf_margin": 0.31338028169014087,
      "incr_op_margin_yoy": 0.4136690647482014,
      "rev_growth_yoy": 0.09768095572733661,
      "rev_growth_yoy_accel": 0.06497697730521929,
      "op_leverage_ratio": 0.9014210354485627,
      "fcf_margin_change": -0.13291420084332306
    },
    {
      "date": "2025-06-30T00:00:00",
      "quarter_label": "2025-06 (Q2)",
      "revenue": 3003000000,
      "gross_profit": null,
      "operating_income": 1293000000,
      "net_income": null,
      "opex": 1710000000,
      "cogs": null,
      "rd": null,
      "sga": null,
      "fcf": 1435000000,
      "ocf": 1736000000,
      "capex": -301000000,
      "gross_margin": null,
      "op_margin": 0.4305694305694306,
      "fcf_margin": 0.47785547785547783,
      "incr_op_margin_yoy": 2.5714285714285716,
      "rev_growth_yoy": -0.016055045871559634,
      "rev_growth_yoy_accel": -0.11373600159889624,
      "fcf_margin_change": 0.16447519616533696
    },
    {
      "date": "2025-09-30T00:00:00",
      "quarter_label": "2025-09 (Q3)",
      "revenue": 3619000000,
      "gross_profit": null,
      "operating_income": 1801000000,
      "net_income": null,
      "opex": 1818000000,
      "cogs": null,
      "rd": null,
      "sga": null,
      "fcf": 905000000,
      "ocf": 1431000000,
      "capex": -526000000,
      "gross_margin": null,
      "op_margin": 0.49765128488532745,
      "fcf_margin": 0.2500690798563139,
      "incr_op_margin_yoy": 0.8129829984544049,
      "rev_growth_yoy": 0.2176985195154778,
      "rev_growth_yoy_accel": 0.23375356538703745,
      "op_leverage_ratio": 3.2478632478632474,
      "fcf_margin_change": -0.22778639799916395
    }
  ],
  "signals": [
    {
      "quarter": "2025-09 (Q3)",
      "signal": "OPERATING LEVERAGE",
      "detail": "Rev growth +20.5% vs OpEx growth +6.3% (leverage: 3.2x)",
      "severity": "MEDIUM"
    },
    {
      "quarter": "2025-09 (Q3)",
      "signal": "YoY REVENUE GROWTH ACCELERATION",
      "detail": "YoY growth: +21.8% vs prior quarter YoY: -1.6% (accel: +23.4%)",
      "severity": "HIGH"
    },
    {
      "quarter": "2025-09 (Q3)",
      "signal": "INCREMENTAL MARGIN (YoY)",
      "detail": "YoY Incr OPM: +81.3% vs year-ago OPM: +42.9%",
      "severity": "HIGH"
    },
    {
      "quarter": "2025-06 (Q2)",
      "signal": "FCF MARGIN EXPANSION",
      "detail": "FCF margin: +31.3% -> +47.8% (+16.4%)",
      "severity": "MEDIUM"
    },
    {
      "quarter": "2025-06 (Q2)",
      "signal": "YoY REVENUE GROWTH DECELERATION",
      "detail": "YoY growth: -1.6% vs prior quarter YoY: +9.8% (decel: -11.4%)",
      "severity": "WARNING"
    },
    {
      "quarter": "2025-06 (Q2)",
      "signal": "INCREMENTAL MARGIN (YoY)",
      "detail": "YoY Incr OPM: +257.1% vs year-ago OPM: +46.5%",
      "severity": "HIGH"
    },
    {
      "quarter": "2025-03 (Q1)",
      "signal": "YoY REVENUE GROWTH ACCELERATION",
      "detail": "YoY growth: +9.8% vs prior quarter YoY: +3.3% (accel: +6.5%)",
      "severity": "MEDIUM"
    },
    {
      "quarter": "2024-12 (Q4)",
      "signal": "FCF MARGIN EXPANSION",
      "detail": "FCF margin: +38.2% -> +44.6% (+6.4%)",
      "severity": "MEDIUM"
    },
    {
      "quarter": "2024-12 (Q4)",
      "signal": "OPERATING LEVERAGE",
      "detail": "Rev growth +3.1% vs OpEx growth +1.4% (leverage: 2.3x)",
      "severity": "MEDIUM"
    },
    {
      "quarter": "2024-09 (Q3)",
      "signal": "YoY REVENUE GROWTH DECELERATION",
      "detail": "YoY growth: +2.1% vs prior quarter YoY: +13.5% (decel: -11.4%)",
      "severity": "WARNING"
    },
    {
      "quarter": "2024-09 (Q3)",
      "signal": "INCREMENTAL MARGIN (YoY)",
      "detail": "YoY Incr OPM: +201.7% vs year-ago OPM: +39.6%",
      "severity": "HIGH"
    },
    {
      "quarter": "2024-06 (Q2)",
      "signal": "FCF MARGIN EXPANSION",
      "detail": "FCF margin: +36.4% -> +44.3% (+7.9%)",
      "severity": "MEDIUM"
    },
    {
      "quarter": "2024-06 (Q2)",
      "signal": "OPERATING LEVERAGE",
      "detail": "Rev growth +7.2% vs OpEx growth +2.4% (leverage: 3.0x)",
      "severity": "MEDIUM"
    },
    {
      "quarter": "2024-06 (Q2)",
      "signal": "YoY REVENUE GROWTH ACCELERATION",
      "detail": "YoY growth: +13.5% vs prior quarter YoY: +4.9% (accel: +8.6%)",
      "severity": "MEDIUM"
    },
    {
      "quarter": "2024-06 (Q2)",
      "signal": "INCREMENTAL MARGIN (YoY)",
      "detail": "YoY Incr OPM: +67.4% vs year-ago OPM: +43.7%",
      "severity": "HIGH"
    },
    {
      "quarter": "2024-03 (Q1)",
      "signal": "YoY REVENUE GROWTH DECELERATION",
      "detail": "YoY growth: +4.9% vs prior quarter YoY: +11.4% (decel: -6.5%)",
      "severity": "WARNING"
    },
    {
      "quarter": "2023-12 (Q4)",
      "signal": "FCF MARGIN EXPANSION",
      "detail": "FCF margin: +34.8% -> +40.9% (+6.1%)",
      "severity": "MEDIUM"
    },
    {
      "quarter": "2023-12 (Q4)",
      "signal": "YoY REVENUE GROWTH ACCELERATION",
      "detail": "YoY growth: +11.4% vs prior quarter YoY: -14.4% (accel: +25.8%)",
      "severity": "HIGH"
    },
    {
      "quarter": "2023-12 (Q4)",
      "signal": "INCREMENTAL MARGIN (YoY)",
      "detail": "YoY Incr OPM: +103.6% vs year-ago OPM: +39.8%",
      "severity": "HIGH"
    },
    {
      "quarter": "2023-09 (Q3)",
      "signal": "YoY REVENUE GROWTH DECELERATION",
      "detail": "YoY growth: -14.4% vs prior quarter YoY: -8.5% (decel: -5.9%)",
      "severity": "WARNING"
    },
    {
      "quarter": "2023-09 (Q3)",
      "signal": "INCREMENTAL MARGIN (YoY)",
      "detail": "YoY Incr OPM: +106.3% vs year-ago OPM: +49.2%",
      "severity": "HIGH"
    },
    {
      "quarter": "2023-06 (Q2)",
      "signal": "YoY REVENUE GROWTH DECELERATION",
      "detail": "YoY growth: -8.5% vs prior quarter YoY: +3.9% (decel: -12.4%)",
      "severity": "WARNING"
    },
    {
      "quarter": "2023-03 (Q1)",
      "signal": "YoY REVENUE GROWTH ACCELERATION",
      "detail": "YoY growth: +3.9% vs prior quarter YoY: -2.6% (accel: +6.6%)",
      "severity": "MEDIUM"
    },
    {
      "quarter": "2023-03 (Q1)",
      "signal": "INCREMENTAL MARGIN (YoY)",
      "detail": "YoY Incr OPM: +132.0% vs year-ago OPM: +40.6%",
      "severity": "HIGH"
    },
    {
      "quarter": "2022-12 (Q4)",
      "signal": "FCF MARGIN EXPANSION",
      "detail": "FCF margin: +23.5% -> +41.2% (+17.7%)",
      "severity": "MEDIUM"
    },
    {
      "quarter": "2022-12 (Q4)",
      "signal": "YoY REVENUE GROWTH DECELERATION",
      "detail": "YoY growth: -2.6% vs prior quarter YoY: +32.9% (decel: -35.5%)",
      "severity": "WARNING"
    },
    {
      "quarter": "2022-09 (Q3)",
      "signal": "YoY REVENUE GROWTH ACCELERATION",
      "detail": "YoY growth: +32.9% vs prior quarter YoY: +22.8% (accel: +10.1%)",
      "severity": "MEDIUM"
    },
    {
      "quarter": "2022-06 (Q2)",
      "signal": "FCF MARGIN EXPANSION",
      "detail": "FCF margin: +36.6% -> +46.3% (+9.7%)",
      "severity": "MEDIUM"
    },
    {
      "quarter": "2022-06 (Q2)",
      "signal": "YoY REVENUE GROWTH ACCELERATION",
      "detail": "YoY growth: +22.8% vs prior quarter YoY: +11.6% (accel: +11.2%)",
      "severity": "MEDIUM"
    },
    {
      "quarter": "2022-03 (Q1)",
      "signal": "YoY REVENUE GROWTH DECELERATION",
      "detail": "YoY growth: +11.6% vs prior quarter YoY: +21.6% (decel: -10.0%)",
      "severity": "WARNING"
    },
    {
      "quarter": "2021-09 (Q3)",
      "signal": "OPERATING LEVERAGE",
      "detail": "Rev growth +6.8% vs OpEx growth +4.4% (leverage: 1.6x)",
      "severity": "MEDIUM"
    },
    {
      "quarter": "2021-06 (Q2)",
      "signal": "FCF MARGIN EXPANSION",
      "detail": "FCF margin: +42.7% -> +52.4% (+9.8%)",
      "severity": "MEDIUM"
    }
  ],
  "data_quality": {
    "n_quarters": 20,
    "coverage": {
      "revenue": [
        20,
        20
      ],
      "gross_profit": [
        0,
        20
      ],
      "op_income": [
        15,
        20
      ],
      "fcf": [
        20,
        20
      ]
    },
    "gaps": [],
    "warnings": [
      "gross_profit: no data",
      "op_income: 15/20Q"
    ]
  },
  "market_cap": null,
  "source": "SEC EDGAR",
  "last_updated": "2026-02-03T01:08:38.675150"
}