{
  "ticker": "MPTI",
  "name": "M-tron Industries, Inc.",
  "quarters": [
    {
      "date": "2021-03-31T00:00:00",
      "quarter_label": "2021-03 (Q1)",
      "revenue": 6254000,
      "gross_profit": null,
      "operating_income": 302000,
      "net_income": 281000,
      "opex": null,
      "cogs": null,
      "rd": null,
      "sga": null,
      "fcf": null,
      "ocf": null,
      "capex": null,
      "gross_margin": null,
      "op_margin": 0.048289094979213305,
      "fcf_margin": null
    },
    {
      "date": "2021-06-30T00:00:00",
      "quarter_label": "2021-06 (Q2)",
      "revenue": 6407000,
      "gross_profit": null,
      "operating_income": 793000,
      "net_income": 637000,
      "opex": null,
      "cogs": null,
      "rd": null,
      "sga": null,
      "fcf": null,
      "ocf": null,
      "capex": null,
      "gross_margin": null,
      "op_margin": 0.12377087560480725,
      "fcf_margin": null
    },
    {
      "date": "2021-09-30T00:00:00",
      "quarter_label": "2021-09 (Q3)",
      "revenue": 7173000,
      "gross_profit": null,
      "operating_income": 821000,
      "net_income": 638000,
      "opex": null,
      "cogs": null,
      "rd": null,
      "sga": null,
      "fcf": null,
      "ocf": null,
      "capex": null,
      "gross_margin": null,
      "op_margin": 0.11445699149588735,
      "fcf_margin": null
    },
    {
      "date": "2021-12-31T00:00:00",
      "quarter_label": "2021-12 (Q4)",
      "revenue": 6860000,
      "gross_profit": null,
      "operating_income": 198000,
      "net_income": 26000,
      "opex": null,
      "cogs": null,
      "rd": 479000,
      "sga": null,
      "fcf": 1254000,
      "ocf": 1594000,
      "capex": -340000,
      "gross_margin": null,
      "op_margin": 0.028862973760932945,
      "fcf_margin": 0.18279883381924197
    },
    {
      "date": "2022-03-31T00:00:00",
      "quarter_label": "2022-03 (Q1)",
      "revenue": 7691000,
      "gross_profit": null,
      "operating_income": 814000,
      "net_income": 619000,
      "opex": null,
      "cogs": null,
      "rd": 500000,
      "sga": null,
      "fcf": -367000,
      "ocf": -160000,
      "capex": -207000,
      "gross_margin": null,
      "op_margin": 0.10583799245871799,
      "fcf_margin": -0.04771811207905344,
      "incr_op_margin_yoy": 0.3562978427279054,
      "rev_growth_yoy": 0.2297729453149984,
      "fcf_margin_change": -0.2305169458982954
    },
    {
      "date": "2022-06-30T00:00:00",
      "quarter_label": "2022-06 (Q2)",
      "revenue": 7064000,
      "gross_profit": null,
      "operating_income": 603000,
      "net_income": 486000,
      "opex": null,
      "cogs": null,
      "rd": null,
      "sga": null,
      "fcf": 936000,
      "ocf": 1124000,
      "capex": -188000,
      "gross_margin": null,
      "op_margin": 0.08536240090600226,
      "fcf_margin": 0.13250283125707815,
      "rev_growth_yoy": 0.10254409239893866,
      "rev_growth_yoy_accel": -0.12722885291605973,
      "fcf_margin_change": 0.1802209433361316
    },
    {
      "date": "2022-09-30T00:00:00",
      "quarter_label": "2022-09 (Q3)",
      "revenue": 8417000,
      "gross_profit": null,
      "operating_income": 630000,
      "net_income": 503000,
      "opex": null,
      "cogs": null,
      "rd": null,
      "sga": null,
      "fcf": -27000,
      "ocf": 241000,
      "capex": -268000,
      "gross_margin": null,
      "op_margin": 0.07484852085065938,
      "fcf_margin": -0.003207793750742545,
      "incr_op_margin_yoy": -0.1535369774919614,
      "rev_growth_yoy": 0.17342813327756865,
      "rev_growth_yoy_accel": 0.07088404087862998,
      "fcf_margin_change": -0.1357106250078207
    },
    {
      "date": "2022-12-31T00:00:00",
      "quarter_label": "2022-12 (Q4)",
      "revenue": 8673000,
      "gross_profit": null,
      "operating_income": 828000,
      "net_income": 190000,
      "opex": null,
      "cogs": null,
      "rd": 501000,
      "sga": null,
      "fcf": 564000,
      "ocf": 837000,
      "capex": -273000,
      "gross_margin": null,
      "op_margin": 0.09546869595295746,
      "fcf_margin": 0.06502940159114494,
      "incr_op_margin_yoy": 0.3474903474903475,
      "rev_growth_yoy": 0.2642857142857143,
      "rev_growth_yoy_accel": 0.09085758100814564,
      "fcf_margin_change": 0.06823719534188749
    },
    {
      "date": "2023-03-31T00:00:00",
      "quarter_label": "2023-03 (Q1)",
      "revenue": 9367000,
      "gross_profit": null,
      "operating_income": 761000,
      "net_income": 553000,
      "opex": 8606000,
      "cogs": null,
      "rd": 529000,
      "sga": null,
      "fcf": 201000,
      "ocf": 279000,
      "capex": -78000,
      "gross_margin": null,
      "op_margin": 0.08124266040354436,
      "fcf_margin": 0.021458311092131952,
      "incr_op_margin_yoy": -0.03162291169451074,
      "rev_growth_yoy": 0.2179170458978026,
      "rev_growth_yoy_accel": -0.04636866838791168,
      "fcf_margin_change": -0.04357109049901299
    },
    {
      "date": "2023-06-30T00:00:00",
      "quarter_label": "2023-06 (Q2)",
      "revenue": 10140000,
      "gross_profit": null,
      "operating_income": 1565000,
      "net_income": 1277000,
      "opex": 8575000,
      "cogs": null,
      "rd": 535000,
      "sga": null,
      "fcf": 276000,
      "ocf": 500000,
      "capex": -224000,
      "gross_margin": null,
      "op_margin": 0.15433925049309666,
      "fcf_margin": 0.027218934911242602,
      "incr_op_margin_yoy": 0.3127438231469441,
      "rev_growth_yoy": 0.43544733861834656,
      "rev_growth_yoy_accel": 0.21753029272054394,
      "op_leverage_ratio": Infinity,
      "fcf_margin_change": 0.00576062381911065
    },
    {
      "date": "2023-09-30T00:00:00",
      "quarter_label": "2023-09 (Q3)",
      "revenue": 10888000,
      "gross_profit": null,
      "operating_income": 2033000,
      "net_income": 1586000,
      "opex": 8855000,
      "cogs": null,
      "rd": 566000,
      "sga": null,
      "fcf": 1231000,
      "ocf": 1494000,
      "capex": -263000,
      "gross_margin": null,
      "op_margin": 0.18671932402645114,
      "fcf_margin": 0.11306024981631153,
      "incr_op_margin_yoy": 0.5677863213273978,
      "rev_growth_yoy": 0.2935725317809196,
      "rev_growth_yoy_accel": -0.14187480683742698,
      "op_leverage_ratio": 2.2591222879684416,
      "fcf_margin_change": 0.08584131490506894
    },
    {
      "date": "2023-12-31T00:00:00",
      "quarter_label": "2023-12 (Q4)",
      "revenue": 10773000,
      "gross_profit": null,
      "operating_income": -60000,
      "net_income": 73000,
      "opex": 10833000,
      "cogs": null,
      "rd": 586000,
      "sga": null,
      "fcf": 1416000,
      "ocf": 2132000,
      "capex": -716000,
      "gross_margin": null,
      "op_margin": -0.00556947925368978,
      "fcf_margin": 0.1314397103870788,
      "incr_op_margin_yoy": -0.4228571428571429,
      "rev_growth_yoy": 0.24213075060532688,
      "rev_growth_yoy_accel": -0.0514417811755927,
      "fcf_margin_change": 0.018379460570767267
    },
    {
      "date": "2024-03-31T00:00:00",
      "quarter_label": "2024-03 (Q1)",
      "revenue": 11185000,
      "gross_profit": null,
      "operating_income": 1789000,
      "net_income": 1486000,
      "opex": 9396000,
      "cogs": null,
      "rd": 633000,
      "sga": null,
      "fcf": 1374000,
      "ocf": 1496000,
      "capex": -122000,
      "gross_margin": null,
      "op_margin": 0.1599463567277604,
      "fcf_margin": 0.12284309342869915,
      "incr_op_margin_yoy": 0.5654565456545655,
      "rev_growth_yoy": 0.19408561972883528,
      "rev_growth_yoy_accel": -0.04804513087649159,
      "op_leverage_ratio": Infinity,
      "fcf_margin_change": -0.008596616958379655
    },
    {
      "date": "2024-06-30T00:00:00",
      "quarter_label": "2024-06 (Q2)",
      "revenue": 11808000,
      "gross_profit": null,
      "operating_income": 2107000,
      "net_income": 1744000,
      "opex": 9701000,
      "cogs": null,
      "rd": 682000,
      "sga": null,
      "fcf": 1087000,
      "ocf": 1960000,
      "capex": -873000,
      "gross_margin": null,
      "op_margin": 0.17843834688346882,
      "fcf_margin": 0.09205623306233063,
      "incr_op_margin_yoy": 0.3249400479616307,
      "rev_growth_yoy": 0.16449704142011834,
      "rev_growth_yoy_accel": -0.029588578308716945,
      "op_leverage_ratio": 1.7159128516675581,
      "fcf_margin_change": -0.030786860366368518
    },
    {
      "date": "2024-09-30T00:00:00",
      "quarter_label": "2024-09 (Q3)",
      "revenue": 13214000,
      "gross_profit": null,
      "operating_income": 2921000,
      "net_income": 2267000,
      "opex": 10293000,
      "cogs": null,
      "rd": 714000,
      "sga": null,
      "fcf": 1773000,
      "ocf": 2251000,
      "capex": -478000,
      "gross_margin": null,
      "op_margin": 0.22105342818223098,
      "fcf_margin": 0.13417587407295292,
      "incr_op_margin_yoy": 0.3817712811693895,
      "rev_growth_yoy": 0.2136296840558413,
      "rev_growth_yoy_accel": 0.04913264263572295,
      "op_leverage_ratio": 1.9512089261517616,
      "fcf_margin_change": 0.042119641010622294
    },
    {
      "date": "2024-12-31T00:00:00",
      "quarter_label": "2024-12 (Q4)",
      "revenue": 12805000,
      "gross_profit": null,
      "operating_income": 2577000,
      "net_income": 2139000,
      "opex": 10228000,
      "cogs": null,
      "rd": 780000,
      "sga": null,
      "fcf": 1389000,
      "ocf": 1814000,
      "capex": -425000,
      "gross_margin": null,
      "op_margin": 0.2012495119094104,
      "fcf_margin": 0.10847325263568919,
      "incr_op_margin_yoy": 1.297736220472441,
      "rev_growth_yoy": 0.1886196973916272,
      "rev_growth_yoy_accel": -0.025009986664214084,
      "fcf_margin_change": -0.025702621437263734
    },
    {
      "date": "2025-03-31T00:00:00",
      "quarter_label": "2025-03 (Q1)",
      "revenue": 12732000,
      "gross_profit": null,
      "operating_income": 2013000,
      "net_income": 1630000,
      "opex": 10719000,
      "cogs": null,
      "rd": 722000,
      "sga": null,
      "fcf": 1021000,
      "ocf": 1607000,
      "capex": -586000,
      "gross_margin": null,
      "op_margin": 0.15810556079170593,
      "fcf_margin": 0.08019164310398995,
      "incr_op_margin_yoy": 0.14479638009049775,
      "rev_growth_yoy": 0.13831023692445238,
      "rev_growth_yoy_accel": -0.05030946046717483,
      "fcf_margin_change": -0.02828160953169924
    },
    {
      "date": "2025-06-30T00:00:00",
      "quarter_label": "2025-06 (Q2)",
      "revenue": 13282000,
      "gross_profit": null,
      "operating_income": 1844000,
      "net_income": 1560000,
      "opex": 11438000,
      "cogs": null,
      "rd": 784000,
      "sga": null,
      "fcf": 2043000,
      "ocf": 2855000,
      "capex": -812000,
      "gross_margin": null,
      "op_margin": 0.13883451287456708,
      "fcf_margin": 0.15381719620539075,
      "incr_op_margin_yoy": -0.1784260515603799,
      "rev_growth_yoy": 0.12483062330623307,
      "rev_growth_yoy_accel": -0.01347961361821931,
      "op_leverage_ratio": 0.6440082636502945,
      "fcf_margin_change": 0.0736255531014008
    },
    {
      "date": "2025-09-30T00:00:00",
      "quarter_label": "2025-09 (Q3)",
      "revenue": 14170000,
      "gross_profit": null,
      "operating_income": 2550000,
      "net_income": 1832000,
      "opex": 11620000,
      "cogs": null,
      "rd": 792000,
      "sga": null,
      "fcf": 2710000,
      "ocf": 3517000,
      "capex": -807000,
      "gross_margin": null,
      "op_margin": 0.17995765702187722,
      "fcf_margin": 0.19124911785462245,
      "rev_growth_yoy": 0.07234751021643711,
      "rev_growth_yoy_accel": -0.05248311308979596,
      "op_leverage_ratio": 4.201730508612002,
      "fcf_margin_change": 0.0374319216492317
    }
  ],
  "signals": [
    {
      "quarter": "2025-09 (Q3)",
      "signal": "OPERATING LEVERAGE",
      "detail": "Rev growth +6.7% vs OpEx growth +1.6% (leverage: 4.2x)",
      "severity": "MEDIUM"
    },
    {
      "quarter": "2025-09 (Q3)",
      "signal": "YoY REVENUE GROWTH DECELERATION",
      "detail": "YoY growth: +7.2% vs prior quarter YoY: +12.5% (decel: -5.2%)",
      "severity": "WARNING"
    },
    {
      "quarter": "2025-06 (Q2)",
      "signal": "FCF MARGIN EXPANSION",
      "detail": "FCF margin: +8.0% -> +15.4% (+7.4%)",
      "severity": "MEDIUM"
    },
    {
      "quarter": "2025-03 (Q1)",
      "signal": "YoY REVENUE GROWTH DECELERATION",
      "detail": "YoY growth: +13.8% vs prior quarter YoY: +18.9% (decel: -5.0%)",
      "severity": "WARNING"
    },
    {
      "quarter": "2024-12 (Q4)",
      "signal": "OP MARGIN TURNED POSITIVE (YoY)",
      "detail": "Op margin: -0.6% (year-ago) -> +20.1%",
      "severity": "HIGH"
    },
    {
      "quarter": "2024-09 (Q3)",
      "signal": "OPERATING LEVERAGE",
      "detail": "Rev growth +11.9% vs OpEx growth +6.1% (leverage: 2.0x)",
      "severity": "MEDIUM"
    },
    {
      "quarter": "2024-09 (Q3)",
      "signal": "INCREMENTAL MARGIN (YoY)",
      "detail": "YoY Incr OPM: +38.2% vs year-ago OPM: +18.7%",
      "severity": "MEDIUM"
    },
    {
      "quarter": "2024-06 (Q2)",
      "signal": "OPERATING LEVERAGE",
      "detail": "Rev growth +5.6% vs OpEx growth +3.2% (leverage: 1.7x)",
      "severity": "MEDIUM"
    },
    {
      "quarter": "2024-06 (Q2)",
      "signal": "INCREMENTAL MARGIN (YoY)",
      "detail": "YoY Incr OPM: +32.5% vs year-ago OPM: +15.4%",
      "severity": "MEDIUM"
    },
    {
      "quarter": "2024-03 (Q1)",
      "signal": "INCREMENTAL MARGIN (YoY)",
      "detail": "YoY Incr OPM: +56.5% vs year-ago OPM: +8.1%",
      "severity": "HIGH"
    },
    {
      "quarter": "2024-03 (Q1)",
      "signal": "OP MARGIN TURNED POSITIVE (QoQ)",
      "detail": "Op margin: -0.6% -> +16.0%",
      "severity": "HIGH"
    },
    {
      "quarter": "2023-12 (Q4)",
      "signal": "YoY REVENUE GROWTH DECELERATION",
      "detail": "YoY growth: +24.2% vs prior quarter YoY: +29.4% (decel: -5.1%)",
      "severity": "WARNING"
    },
    {
      "quarter": "2023-09 (Q3)",
      "signal": "FCF MARGIN EXPANSION",
      "detail": "FCF margin: +2.7% -> +11.3% (+8.6%)",
      "severity": "MEDIUM"
    },
    {
      "quarter": "2023-09 (Q3)",
      "signal": "OPERATING LEVERAGE",
      "detail": "Rev growth +7.4% vs OpEx growth +3.3% (leverage: 2.3x)",
      "severity": "MEDIUM"
    },
    {
      "quarter": "2023-09 (Q3)",
      "signal": "YoY REVENUE GROWTH DECELERATION",
      "detail": "YoY growth: +29.4% vs prior quarter YoY: +43.5% (decel: -14.2%)",
      "severity": "WARNING"
    },
    {
      "quarter": "2023-09 (Q3)",
      "signal": "INCREMENTAL MARGIN (YoY)",
      "detail": "YoY Incr OPM: +56.8% vs year-ago OPM: +7.5%",
      "severity": "HIGH"
    },
    {
      "quarter": "2023-06 (Q2)",
      "signal": "YoY REVENUE GROWTH ACCELERATION",
      "detail": "YoY growth: +43.5% vs prior quarter YoY: +21.8% (accel: +21.8%)",
      "severity": "HIGH"
    },
    {
      "quarter": "2023-06 (Q2)",
      "signal": "INCREMENTAL MARGIN (YoY)",
      "detail": "YoY Incr OPM: +31.3% vs year-ago OPM: +8.5%",
      "severity": "HIGH"
    },
    {
      "quarter": "2022-12 (Q4)",
      "signal": "FCF TURNED POSITIVE",
      "detail": "FCF margin: -0.3% -> +6.5%",
      "severity": "HIGH"
    },
    {
      "quarter": "2022-12 (Q4)",
      "signal": "YoY REVENUE GROWTH ACCELERATION",
      "detail": "YoY growth: +26.4% vs prior quarter YoY: +17.3% (accel: +9.1%)",
      "severity": "MEDIUM"
    },
    {
      "quarter": "2022-12 (Q4)",
      "signal": "INCREMENTAL MARGIN (YoY)",
      "detail": "YoY Incr OPM: +34.7% vs year-ago OPM: +2.9%",
      "severity": "HIGH"
    },
    {
      "quarter": "2022-09 (Q3)",
      "signal": "YoY REVENUE GROWTH ACCELERATION",
      "detail": "YoY growth: +17.3% vs prior quarter YoY: +10.3% (accel: +7.1%)",
      "severity": "MEDIUM"
    },
    {
      "quarter": "2022-06 (Q2)",
      "signal": "FCF TURNED POSITIVE",
      "detail": "FCF margin: -4.8% -> +13.3%",
      "severity": "HIGH"
    },
    {
      "quarter": "2022-06 (Q2)",
      "signal": "YoY REVENUE GROWTH DECELERATION",
      "detail": "YoY growth: +10.3% vs prior quarter YoY: +23.0% (decel: -12.7%)",
      "severity": "WARNING"
    },
    {
      "quarter": "2022-03 (Q1)",
      "signal": "INCREMENTAL MARGIN (YoY)",
      "detail": "YoY Incr OPM: +35.6% vs year-ago OPM: +4.8%",
      "severity": "HIGH"
    }
  ],
  "data_quality": {
    "n_quarters": 19,
    "coverage": {
      "revenue": [
        19,
        19
      ],
      "gross_profit": [
        0,
        19
      ],
      "op_income": [
        19,
        19
      ],
      "fcf": [
        16,
        19
      ]
    },
    "gaps": [],
    "warnings": [
      "gross_profit: no data"
    ]
  },
  "market_cap": null,
  "source": "SEC EDGAR",
  "last_updated": "2026-02-02T23:04:13.827063"
}