{
  "ticker": "MPW",
  "name": "MEDICAL PROPERTIES TRUST INC",
  "quarters": [
    {
      "date": "2020-12-31T00:00:00",
      "quarter_label": "2020-12 (Q4)",
      "revenue": 333806000,
      "gross_profit": 339918000,
      "operating_income": null,
      "net_income": 109884000,
      "opex": 197640000,
      "cogs": -6112000,
      "rd": null,
      "sga": null,
      "fcf": 175418000,
      "ocf": 175418000,
      "capex": null,
      "gross_margin": 1.0183100363684296,
      "op_margin": null,
      "fcf_margin": 0.5255088284812136
    },
    {
      "date": "2021-03-31T00:00:00",
      "quarter_label": "2021-03 (Q1)",
      "revenue": 362765000,
      "gross_profit": 320724000,
      "operating_income": null,
      "net_income": 163783000,
      "opex": 204140000,
      "cogs": 42041000,
      "rd": null,
      "sga": null,
      "fcf": 188730000,
      "ocf": 188730000,
      "capex": null,
      "gross_margin": 0.8841095475032046,
      "op_margin": null,
      "fcf_margin": 0.5202541590285722,
      "op_leverage_ratio": 2.6378549493740953,
      "fcf_margin_change": -0.005254669452641414
    },
    {
      "date": "2021-06-30T00:00:00",
      "quarter_label": "2021-06 (Q2)",
      "revenue": 381792000,
      "gross_profit": null,
      "operating_income": null,
      "net_income": 114565000,
      "opex": 221903000,
      "cogs": null,
      "rd": null,
      "sga": null,
      "fcf": 176528000,
      "ocf": 176528000,
      "capex": null,
      "gross_margin": null,
      "op_margin": null,
      "fcf_margin": 0.46236694325706146,
      "op_leverage_ratio": 0.6027770845979754,
      "fcf_margin_change": -0.057887215771510736
    },
    {
      "date": "2021-09-30T00:00:00",
      "quarter_label": "2021-09 (Q3)",
      "revenue": 390779000,
      "gross_profit": null,
      "operating_income": null,
      "net_income": 171137000,
      "opex": 222993000,
      "cogs": null,
      "rd": null,
      "sga": null,
      "fcf": 212229000,
      "ocf": 212229000,
      "capex": null,
      "gross_margin": null,
      "op_margin": null,
      "fcf_margin": 0.5430921313581334,
      "op_leverage_ratio": 4.792085889602984,
      "fcf_margin_change": 0.08072518810107193
    },
    {
      "date": "2021-12-31T00:00:00",
      "quarter_label": "2021-12 (Q4)",
      "revenue": 409333000,
      "gross_profit": 372428000,
      "operating_income": null,
      "net_income": 206536000,
      "opex": 224342000,
      "cogs": 36905000,
      "rd": null,
      "sga": null,
      "fcf": 234169000,
      "ocf": 234169000,
      "capex": null,
      "gross_margin": 0.9098411317924526,
      "op_margin": null,
      "fcf_margin": 0.5720745700932981,
      "rev_growth_yoy": 0.22626016308874017,
      "op_leverage_ratio": 7.848481079696828,
      "fcf_margin_change": 0.028982438735164706
    },
    {
      "date": "2022-03-31T00:00:00",
      "quarter_label": "2022-03 (Q1)",
      "revenue": 409800000,
      "gross_profit": 315806000,
      "operating_income": null,
      "net_income": 631681000,
      "opex": 226521000,
      "cogs": 93994000,
      "rd": null,
      "sga": null,
      "fcf": 179387000,
      "ocf": 179387000,
      "capex": null,
      "gross_margin": 0.7706344558321132,
      "op_margin": null,
      "fcf_margin": 0.4377428013665203,
      "rev_growth_yoy": 0.12965694044353782,
      "rev_growth_yoy_accel": -0.09660322264520235,
      "fcf_margin_change": -0.13433176872677782
    },
    {
      "date": "2022-06-30T00:00:00",
      "quarter_label": "2022-06 (Q2)",
      "revenue": 400226000,
      "gross_profit": null,
      "operating_income": null,
      "net_income": 189597000,
      "opex": 232057000,
      "cogs": null,
      "rd": null,
      "sga": null,
      "fcf": 164629000,
      "ocf": 164629000,
      "capex": null,
      "gross_margin": null,
      "op_margin": null,
      "fcf_margin": 0.41134009284754114,
      "rev_growth_yoy": 0.04828283463247004,
      "rev_growth_yoy_accel": -0.08137410581106777,
      "fcf_margin_change": -0.026402708518979134
    },
    {
      "date": "2022-09-30T00:00:00",
      "quarter_label": "2022-09 (Q3)",
      "revenue": 352339000,
      "gross_profit": null,
      "operating_income": null,
      "net_income": 221793000,
      "opex": 215533000,
      "cogs": null,
      "rd": null,
      "sga": null,
      "fcf": 213899000,
      "ocf": 213899000,
      "capex": null,
      "gross_margin": null,
      "op_margin": null,
      "fcf_margin": 0.6070829513621825,
      "rev_growth_yoy": -0.09836761954966874,
      "rev_growth_yoy_accel": -0.1466504541821388,
      "fcf_margin_change": 0.19574285851464135
    },
    {
      "date": "2022-12-31T00:00:00",
      "quarter_label": "2022-12 (Q4)",
      "revenue": 380486000,
      "gross_profit": 364432000,
      "operating_income": null,
      "net_income": -140474000,
      "opex": 224093000,
      "cogs": 16054000,
      "rd": null,
      "sga": null,
      "fcf": 181095000,
      "ocf": 181095000,
      "capex": null,
      "gross_margin": 0.9578065947235903,
      "op_margin": null,
      "fcf_margin": 0.4759570654373617,
      "rev_growth_yoy": -0.07047318442441729,
      "rev_growth_yoy_accel": 0.027894435125251457,
      "op_leverage_ratio": 2.0114600201303583,
      "fcf_margin_change": -0.13112588592482077
    },
    {
      "date": "2023-03-31T00:00:00",
      "quarter_label": "2023-03 (Q1)",
      "revenue": 350211000,
      "gross_profit": 168151000,
      "operating_income": null,
      "net_income": 32794000,
      "opex": 230348000,
      "cogs": 182060000,
      "rd": null,
      "sga": null,
      "fcf": 135648000,
      "ocf": 135648000,
      "capex": null,
      "gross_margin": 0.48014197155429156,
      "op_margin": null,
      "fcf_margin": 0.38733220829728365,
      "rev_growth_yoy": -0.1454099560761347,
      "rev_growth_yoy_accel": -0.0749367716517174,
      "fcf_margin_change": -0.08862485714007806
    },
    {
      "date": "2023-06-30T00:00:00",
      "quarter_label": "2023-06 (Q2)",
      "revenue": 337395000,
      "gross_profit": null,
      "operating_income": null,
      "net_income": -42037000,
      "opex": 529153000,
      "cogs": null,
      "rd": null,
      "sga": null,
      "fcf": 76529000,
      "ocf": 76529000,
      "capex": null,
      "gross_margin": null,
      "op_margin": null,
      "fcf_margin": 0.22682315979786305,
      "rev_growth_yoy": -0.1569888013272501,
      "rev_growth_yoy_accel": -0.01157884525111541,
      "fcf_margin_change": -0.1605090484994206
    },
    {
      "date": "2023-09-30T00:00:00",
      "quarter_label": "2023-09 (Q3)",
      "revenue": 306576000,
      "gross_profit": null,
      "operating_income": null,
      "net_income": 116710000,
      "opex": 229104000,
      "cogs": null,
      "rd": null,
      "sga": null,
      "fcf": 158191000,
      "ocf": 158191000,
      "capex": null,
      "gross_margin": null,
      "op_margin": null,
      "fcf_margin": 0.5159927717760033,
      "rev_growth_yoy": -0.12988343612259784,
      "rev_growth_yoy_accel": 0.02710536520465226,
      "fcf_margin_change": 0.2891696119781403
    },
    {
      "date": "2023-12-31T00:00:00",
      "quarter_label": "2023-12 (Q4)",
      "revenue": -122383000,
      "gross_profit": -50298000,
      "operating_income": null,
      "net_income": -663943000,
      "opex": 213081000,
      "cogs": -72085000,
      "rd": null,
      "sga": null,
      "fcf": 135418000,
      "ocf": 135418000,
      "capex": null,
      "gross_margin": 0.41098845427878056,
      "op_margin": null,
      "fcf_margin": -1.1065098910796434,
      "rev_growth_yoy": -1.321649153976756,
      "rev_growth_yoy_accel": -1.1917657178541583,
      "fcf_margin_change": -1.6225026628556467
    },
    {
      "date": "2024-03-31T00:00:00",
      "quarter_label": "2024-03 (Q1)",
      "revenue": 271316000,
      "gross_profit": 230431000,
      "operating_income": null,
      "net_income": -875625000,
      "opex": 222437000,
      "cogs": 40885000,
      "rd": null,
      "sga": null,
      "fcf": 74342000,
      "ocf": 74342000,
      "capex": null,
      "gross_margin": 0.8493085553376875,
      "op_margin": null,
      "fcf_margin": 0.27400521900661956,
      "rev_growth_yoy": -0.22527847497651415,
      "rev_growth_yoy_accel": 1.0963706790002419,
      "fcf_margin_change": 1.380515110086263
    },
    {
      "date": "2024-06-30T00:00:00",
      "quarter_label": "2024-06 (Q2)",
      "revenue": 266560000,
      "gross_profit": null,
      "operating_income": null,
      "net_income": -320635000,
      "opex": 246660000,
      "cogs": null,
      "rd": null,
      "sga": null,
      "fcf": 35259000,
      "ocf": 35259000,
      "capex": null,
      "gross_margin": null,
      "op_margin": null,
      "fcf_margin": 0.13227415966386555,
      "rev_growth_yoy": -0.20994679826316334,
      "rev_growth_yoy_accel": 0.015331676713350811,
      "fcf_margin_change": -0.141731059342754
    },
    {
      "date": "2024-09-30T00:00:00",
      "quarter_label": "2024-09 (Q3)",
      "revenue": 225827000,
      "gross_profit": null,
      "operating_income": null,
      "net_income": -801163000,
      "opex": 352737000,
      "cogs": null,
      "rd": null,
      "sga": null,
      "fcf": 59195000,
      "ocf": 59195000,
      "capex": null,
      "gross_margin": null,
      "op_margin": null,
      "fcf_margin": 0.2621254322999464,
      "rev_growth_yoy": -0.26338982829706176,
      "rev_growth_yoy_accel": -0.053443030033898414,
      "fcf_margin_change": 0.12985127263608084
    },
    {
      "date": "2024-12-31T00:00:00",
      "quarter_label": "2024-12 (Q4)",
      "revenue": 231844000,
      "gross_profit": 210718000,
      "operating_income": null,
      "net_income": -412848000,
      "opex": 204691000,
      "cogs": 21126000,
      "rd": null,
      "sga": null,
      "fcf": 76687000,
      "ocf": 76687000,
      "capex": null,
      "gross_margin": 0.9088783837407912,
      "op_margin": null,
      "fcf_margin": 0.33076982798778487,
      "op_leverage_ratio": Infinity,
      "fcf_margin_change": 0.06864439568783848
    },
    {
      "date": "2025-03-31T00:00:00",
      "quarter_label": "2025-03 (Q1)",
      "revenue": 223799000,
      "gross_profit": 142393000,
      "operating_income": null,
      "net_income": -118275000,
      "opex": 229319000,
      "cogs": 81406000,
      "rd": null,
      "sga": null,
      "fcf": 384000,
      "ocf": 384000,
      "capex": null,
      "gross_margin": 0.636253960026631,
      "op_margin": null,
      "fcf_margin": 0.0017158253611499604,
      "rev_growth_yoy": -0.17513526662636925,
      "fcf_margin_change": -0.3290540026266349
    },
    {
      "date": "2025-06-30T00:00:00",
      "quarter_label": "2025-06 (Q2)",
      "revenue": 240359000,
      "gross_profit": null,
      "operating_income": null,
      "net_income": -98357000,
      "opex": 233486000,
      "cogs": null,
      "rd": null,
      "sga": null,
      "fcf": 51747000,
      "ocf": 51747000,
      "capex": null,
      "gross_margin": null,
      "op_margin": null,
      "fcf_margin": 0.21529046135156163,
      "rev_growth_yoy": -0.09829306722689075,
      "rev_growth_yoy_accel": 0.07684219939947849,
      "op_leverage_ratio": 4.0721027663119145,
      "fcf_margin_change": 0.21357463599041168
    },
    {
      "date": "2025-09-30T00:00:00",
      "quarter_label": "2025-09 (Q3)",
      "revenue": 237522000,
      "gross_profit": null,
      "operating_income": null,
      "net_income": -77730000,
      "opex": 246115000,
      "cogs": null,
      "rd": null,
      "sga": null,
      "fcf": 18572000,
      "ocf": 18572000,
      "capex": null,
      "gross_margin": null,
      "op_margin": null,
      "fcf_margin": 0.07819065181330571,
      "rev_growth_yoy": 0.051787430200994564,
      "rev_growth_yoy_accel": 0.15008049742788532,
      "fcf_margin_change": -0.1370998095382559
    }
  ],
  "signals": [
    {
      "quarter": "2025-09 (Q3)",
      "signal": "YoY REVENUE GROWTH ACCELERATION",
      "detail": "YoY growth: +5.2% vs prior quarter YoY: -9.8% (accel: +15.0%)",
      "severity": "HIGH"
    },
    {
      "quarter": "2025-06 (Q2)",
      "signal": "FCF MARGIN EXPANSION",
      "detail": "FCF margin: +0.2% -> +21.5% (+21.4%)",
      "severity": "MEDIUM"
    },
    {
      "quarter": "2025-06 (Q2)",
      "signal": "OPERATING LEVERAGE",
      "detail": "Rev growth +7.4% vs OpEx growth +1.8% (leverage: 4.1x)",
      "severity": "MEDIUM"
    },
    {
      "quarter": "2025-06 (Q2)",
      "signal": "YoY REVENUE GROWTH ACCELERATION",
      "detail": "YoY growth: -9.8% vs prior quarter YoY: -17.5% (accel: +7.7%)",
      "severity": "MEDIUM"
    },
    {
      "quarter": "2024-12 (Q4)",
      "signal": "FCF MARGIN EXPANSION",
      "detail": "FCF margin: +26.2% -> +33.1% (+6.9%)",
      "severity": "MEDIUM"
    },
    {
      "quarter": "2024-09 (Q3)",
      "signal": "FCF MARGIN EXPANSION",
      "detail": "FCF margin: +13.2% -> +26.2% (+13.0%)",
      "severity": "MEDIUM"
    },
    {
      "quarter": "2024-09 (Q3)",
      "signal": "YoY REVENUE GROWTH DECELERATION",
      "detail": "YoY growth: -26.3% vs prior quarter YoY: -21.0% (decel: -5.3%)",
      "severity": "WARNING"
    },
    {
      "quarter": "2024-03 (Q1)",
      "signal": "FCF TURNED POSITIVE",
      "detail": "FCF margin: -110.7% -> +27.4%",
      "severity": "HIGH"
    },
    {
      "quarter": "2024-03 (Q1)",
      "signal": "YoY REVENUE GROWTH ACCELERATION",
      "detail": "YoY growth: -22.5% vs prior quarter YoY: -132.2% (accel: +109.6%)",
      "severity": "HIGH"
    },
    {
      "quarter": "2023-12 (Q4)",
      "signal": "YoY REVENUE GROWTH DECELERATION",
      "detail": "YoY growth: -132.2% vs prior quarter YoY: -13.0% (decel: -119.2%)",
      "severity": "WARNING"
    },
    {
      "quarter": "2023-09 (Q3)",
      "signal": "FCF MARGIN EXPANSION",
      "detail": "FCF margin: +22.7% -> +51.6% (+28.9%)",
      "severity": "MEDIUM"
    },
    {
      "quarter": "2023-03 (Q1)",
      "signal": "YoY REVENUE GROWTH DECELERATION",
      "detail": "YoY growth: -14.5% vs prior quarter YoY: -7.0% (decel: -7.5%)",
      "severity": "WARNING"
    },
    {
      "quarter": "2022-12 (Q4)",
      "signal": "OPERATING LEVERAGE",
      "detail": "Rev growth +8.0% vs OpEx growth +4.0% (leverage: 2.0x)",
      "severity": "MEDIUM"
    },
    {
      "quarter": "2022-09 (Q3)",
      "signal": "FCF MARGIN EXPANSION",
      "detail": "FCF margin: +41.1% -> +60.7% (+19.6%)",
      "severity": "MEDIUM"
    },
    {
      "quarter": "2022-09 (Q3)",
      "signal": "YoY REVENUE GROWTH DECELERATION",
      "detail": "YoY growth: -9.8% vs prior quarter YoY: +4.8% (decel: -14.7%)",
      "severity": "WARNING"
    },
    {
      "quarter": "2022-06 (Q2)",
      "signal": "YoY REVENUE GROWTH DECELERATION",
      "detail": "YoY growth: +4.8% vs prior quarter YoY: +13.0% (decel: -8.1%)",
      "severity": "WARNING"
    },
    {
      "quarter": "2022-03 (Q1)",
      "signal": "YoY REVENUE GROWTH DECELERATION",
      "detail": "YoY growth: +13.0% vs prior quarter YoY: +22.6% (decel: -9.7%)",
      "severity": "WARNING"
    },
    {
      "quarter": "2021-12 (Q4)",
      "signal": "OPERATING LEVERAGE",
      "detail": "Rev growth +4.7% vs OpEx growth +0.6% (leverage: 7.8x)",
      "severity": "MEDIUM"
    },
    {
      "quarter": "2021-09 (Q3)",
      "signal": "FCF MARGIN EXPANSION",
      "detail": "FCF margin: +46.2% -> +54.3% (+8.1%)",
      "severity": "MEDIUM"
    },
    {
      "quarter": "2021-09 (Q3)",
      "signal": "OPERATING LEVERAGE",
      "detail": "Rev growth +2.4% vs OpEx growth +0.5% (leverage: 4.8x)",
      "severity": "MEDIUM"
    },
    {
      "quarter": "2021-03 (Q1)",
      "signal": "OPERATING LEVERAGE",
      "detail": "Rev growth +8.7% vs OpEx growth +3.3% (leverage: 2.6x)",
      "severity": "MEDIUM"
    }
  ],
  "data_quality": {
    "n_quarters": 20,
    "coverage": {
      "revenue": [
        20,
        20
      ],
      "gross_profit": [
        10,
        20
      ],
      "op_income": [
        0,
        20
      ],
      "fcf": [
        20,
        20
      ]
    },
    "gaps": [],
    "warnings": [
      "gross_profit: 10/20Q",
      "op_income: no data"
    ]
  },
  "market_cap": null,
  "source": "SEC EDGAR",
  "last_updated": "2026-02-02T21:21:44.888362",
  "sector": "Real Estate",
  "industry": "REIT - Healthcare Facilities"
}