{
  "ticker": "MRK",
  "name": "Merck\u00a0& Co., Inc.",
  "quarters": [
    {
      "date": "2020-12-31T00:00:00",
      "quarter_label": "2020-12 (Q4)",
      "revenue": 12515000000,
      "gross_profit": 6982000000,
      "operating_income": null,
      "net_income": -2094000000,
      "opex": null,
      "cogs": 5533000000,
      "rd": 5837000000,
      "sga": 3085000000,
      "fcf": 4006000000,
      "ocf": 4006000000,
      "capex": null,
      "gross_margin": 0.5578905313623652,
      "op_margin": null,
      "fcf_margin": 0.32009588493807434
    },
    {
      "date": "2021-03-31T00:00:00",
      "quarter_label": "2021-03 (Q1)",
      "revenue": 12080000000,
      "gross_profit": 8410000000,
      "operating_income": null,
      "net_income": 3179000000,
      "opex": null,
      "cogs": 3670000000,
      "rd": 2465000000,
      "sga": 2633000000,
      "fcf": 1791000000,
      "ocf": 1791000000,
      "capex": null,
      "gross_margin": 0.6961920529801324,
      "op_margin": null,
      "fcf_margin": 0.14826158940397352,
      "fcf_margin_change": -0.17183429553410082
    },
    {
      "date": "2021-06-30T00:00:00",
      "quarter_label": "2021-06 (Q2)",
      "revenue": 11402000000,
      "gross_profit": 8298000000,
      "operating_income": null,
      "net_income": 1545000000,
      "opex": null,
      "cogs": 3104000000,
      "rd": 4321000000,
      "sga": 2281000000,
      "fcf": null,
      "ocf": null,
      "capex": null,
      "gross_margin": 0.7277670584108051,
      "op_margin": null,
      "fcf_margin": null
    },
    {
      "date": "2021-09-30T00:00:00",
      "quarter_label": "2021-09 (Q3)",
      "revenue": 13154000000,
      "gross_profit": 9704000000,
      "operating_income": null,
      "net_income": 4567000000,
      "opex": null,
      "cogs": 3450000000,
      "rd": 2445000000,
      "sga": 2336000000,
      "fcf": null,
      "ocf": null,
      "capex": null,
      "gross_margin": 0.7377223658202828,
      "op_margin": null,
      "fcf_margin": null
    },
    {
      "date": "2021-12-31T00:00:00",
      "quarter_label": "2021-12 (Q4)",
      "revenue": 13521000000,
      "gross_profit": 9647000000,
      "operating_income": null,
      "net_income": 3758000000,
      "opex": null,
      "cogs": 3874000000,
      "rd": 3068000000,
      "sga": 2830000000,
      "fcf": null,
      "ocf": null,
      "capex": null,
      "gross_margin": 0.7134827305672657,
      "op_margin": null,
      "fcf_margin": null,
      "rev_growth_yoy": 0.08038353975229724
    },
    {
      "date": "2022-03-31T00:00:00",
      "quarter_label": "2022-03 (Q1)",
      "revenue": 15901000000,
      "gross_profit": 10521000000,
      "operating_income": null,
      "net_income": 4310000000,
      "opex": null,
      "cogs": 5380000000,
      "rd": 2576000000,
      "sga": 2323000000,
      "fcf": 4761000000,
      "ocf": 4761000000,
      "capex": null,
      "gross_margin": 0.6616564995912206,
      "op_margin": null,
      "fcf_margin": 0.29941513112382867,
      "rev_growth_yoy": 0.31630794701986753,
      "rev_growth_yoy_accel": 0.2359244072675703
    },
    {
      "date": "2022-06-30T00:00:00",
      "quarter_label": "2022-06 (Q2)",
      "revenue": 14593000000,
      "gross_profit": 10377000000,
      "operating_income": null,
      "net_income": 3944000000,
      "opex": null,
      "cogs": 4216000000,
      "rd": 2798000000,
      "sga": 2512000000,
      "fcf": 4302000000,
      "ocf": 4302000000,
      "capex": null,
      "gross_margin": 0.7110943603097375,
      "op_margin": null,
      "fcf_margin": 0.29479887617350786,
      "rev_growth_yoy": 0.27986318189791265,
      "rev_growth_yoy_accel": -0.03644476512195488,
      "fcf_margin_change": -0.004616254950320808
    },
    {
      "date": "2022-09-30T00:00:00",
      "quarter_label": "2022-09 (Q3)",
      "revenue": 14959000000,
      "gross_profit": 11025000000,
      "operating_income": null,
      "net_income": 3248000000,
      "opex": null,
      "cogs": 3934000000,
      "rd": 4399000000,
      "sga": 2520000000,
      "fcf": 5602000000,
      "ocf": 5602000000,
      "capex": null,
      "gross_margin": 0.7370145063172672,
      "op_margin": null,
      "fcf_margin": 0.37449027341399826,
      "rev_growth_yoy": 0.13722061730272161,
      "rev_growth_yoy_accel": -0.14264256459519103,
      "fcf_margin_change": 0.0796913972404904
    },
    {
      "date": "2022-12-31T00:00:00",
      "quarter_label": "2022-12 (Q4)",
      "revenue": 13830000000,
      "gross_profit": 9949000000,
      "operating_income": null,
      "net_income": 3017000000,
      "opex": null,
      "cogs": 3881000000,
      "rd": 3775000000,
      "sga": 2687000000,
      "fcf": 3281000000,
      "ocf": 4430000000,
      "capex": -1149000000,
      "gross_margin": 0.7193781634128705,
      "op_margin": null,
      "fcf_margin": 0.23723788864786696,
      "rev_growth_yoy": 0.02285333925005547,
      "rev_growth_yoy_accel": -0.11436727805266614,
      "fcf_margin_change": -0.1372523847661313
    },
    {
      "date": "2023-03-31T00:00:00",
      "quarter_label": "2023-03 (Q1)",
      "revenue": 14487000000,
      "gross_profit": 10561000000,
      "operating_income": null,
      "net_income": 2821000000,
      "opex": null,
      "cogs": 3926000000,
      "rd": 4276000000,
      "sga": 2479000000,
      "fcf": 332000000,
      "ocf": 1339000000,
      "capex": -1007000000,
      "gross_margin": 0.7289984123697107,
      "op_margin": null,
      "fcf_margin": 0.022917098087940912,
      "rev_growth_yoy": -0.08892522482862714,
      "rev_growth_yoy_accel": -0.11177856407868261,
      "fcf_margin_change": -0.21432079055992606
    },
    {
      "date": "2023-06-30T00:00:00",
      "quarter_label": "2023-06 (Q2)",
      "revenue": 15035000000,
      "gross_profit": 11011000000,
      "operating_income": null,
      "net_income": -5975000000,
      "opex": null,
      "cogs": 4024000000,
      "rd": 13321000000,
      "sga": 2702000000,
      "fcf": 2739000000,
      "ocf": 3704000000,
      "capex": -965000000,
      "gross_margin": 0.7323578317259727,
      "op_margin": null,
      "fcf_margin": 0.1821749251745926,
      "rev_growth_yoy": 0.030288494483656548,
      "rev_growth_yoy_accel": 0.11921371931228368,
      "fcf_margin_change": 0.1592578270866517
    },
    {
      "date": "2023-09-30T00:00:00",
      "quarter_label": "2023-09 (Q3)",
      "revenue": 15962000000,
      "gross_profit": 11698000000,
      "operating_income": null,
      "net_income": 4745000000,
      "opex": null,
      "cogs": 4264000000,
      "rd": 3307000000,
      "sga": 2519000000,
      "fcf": 6815000000,
      "ocf": 7717000000,
      "capex": -902000000,
      "gross_margin": 0.7328655556947751,
      "op_margin": null,
      "fcf_margin": 0.42695150983586017,
      "rev_growth_yoy": 0.0670499364930811,
      "rev_growth_yoy_accel": 0.03676144200942455,
      "fcf_margin_change": 0.24477658466126756
    },
    {
      "date": "2023-12-31T00:00:00",
      "quarter_label": "2023-12 (Q4)",
      "revenue": 14630000000,
      "gross_profit": 10718000000,
      "operating_income": null,
      "net_income": -1226000000,
      "opex": null,
      "cogs": 3912000000,
      "rd": 9627000000,
      "sga": 2804000000,
      "fcf": -743000000,
      "ocf": 246000000,
      "capex": -989000000,
      "gross_margin": 0.7326042378673958,
      "op_margin": null,
      "fcf_margin": -0.05078605604921394,
      "rev_growth_yoy": 0.05784526391901663,
      "rev_growth_yoy_accel": -0.009204672574064467,
      "fcf_margin_change": -0.4777375658850741
    },
    {
      "date": "2024-03-31T00:00:00",
      "quarter_label": "2024-03 (Q1)",
      "revenue": 15775000000,
      "gross_profit": 12235000000,
      "operating_income": null,
      "net_income": 4762000000,
      "opex": null,
      "cogs": 3540000000,
      "rd": 3992000000,
      "sga": 2483000000,
      "fcf": 2229000000,
      "ocf": 3090000000,
      "capex": -861000000,
      "gross_margin": 0.775594294770206,
      "op_margin": null,
      "fcf_margin": 0.14129952456418385,
      "rev_growth_yoy": 0.08890729619659005,
      "rev_growth_yoy_accel": 0.03106203227757342,
      "fcf_margin_change": 0.19208558061339778
    },
    {
      "date": "2024-06-30T00:00:00",
      "quarter_label": "2024-06 (Q2)",
      "revenue": 16112000000,
      "gross_profit": 12367000000,
      "operating_income": null,
      "net_income": 5455000000,
      "opex": null,
      "cogs": 3745000000,
      "rd": 3500000000,
      "sga": 2739000000,
      "fcf": 4846000000,
      "ocf": 5637000000,
      "capex": -791000000,
      "gross_margin": 0.76756454816286,
      "op_margin": null,
      "fcf_margin": 0.3007696127110228,
      "rev_growth_yoy": 0.07163285666777519,
      "rev_growth_yoy_accel": -0.017274439528814856,
      "fcf_margin_change": 0.15947008814683897
    },
    {
      "date": "2024-09-30T00:00:00",
      "quarter_label": "2024-09 (Q3)",
      "revenue": 16657000000,
      "gross_profit": 12577000000,
      "operating_income": null,
      "net_income": 3157000000,
      "opex": null,
      "cogs": 4080000000,
      "rd": 5862000000,
      "sga": 2731000000,
      "fcf": 8508000000,
      "ocf": 9291000000,
      "capex": -783000000,
      "gross_margin": 0.7550579336014889,
      "op_margin": null,
      "fcf_margin": 0.5107762502251306,
      "rev_growth_yoy": 0.04354090966044356,
      "rev_growth_yoy_accel": -0.028091947007331634,
      "fcf_margin_change": 0.2100066375141078
    },
    {
      "date": "2024-12-31T00:00:00",
      "quarter_label": "2024-12 (Q4)",
      "revenue": 15624000000,
      "gross_profit": 11796000000,
      "operating_income": null,
      "net_income": 3743000000,
      "opex": null,
      "cogs": 3828000000,
      "rd": 4584000000,
      "sga": 2864000000,
      "fcf": 2513000000,
      "ocf": 3450000000,
      "capex": -937000000,
      "gross_margin": 0.7549923195084486,
      "op_margin": null,
      "fcf_margin": 0.16084229390681004,
      "rev_growth_yoy": 0.06794258373205742,
      "rev_growth_yoy_accel": 0.02440167407161386,
      "fcf_margin_change": -0.3499339563183206
    },
    {
      "date": "2025-03-31T00:00:00",
      "quarter_label": "2025-03 (Q1)",
      "revenue": 15529000000,
      "gross_profit": 12110000000,
      "operating_income": null,
      "net_income": 5079000000,
      "opex": null,
      "cogs": 3419000000,
      "rd": 3621000000,
      "sga": 2552000000,
      "fcf": 1172000000,
      "ocf": 2500000000,
      "capex": -1328000000,
      "gross_margin": 0.7798312834052418,
      "op_margin": null,
      "fcf_margin": 0.07547169811320754,
      "rev_growth_yoy": -0.015594294770206022,
      "rev_growth_yoy_accel": -0.08353687850226343,
      "fcf_margin_change": -0.0853705957936025
    },
    {
      "date": "2025-06-30T00:00:00",
      "quarter_label": "2025-06 (Q2)",
      "revenue": 15806000000,
      "gross_profit": 12249000000,
      "operating_income": null,
      "net_income": 4427000000,
      "opex": null,
      "cogs": 3557000000,
      "rd": 4048000000,
      "sga": 2649000000,
      "fcf": 2529000000,
      "ocf": 3293000000,
      "capex": -764000000,
      "gross_margin": 0.7749588763760598,
      "op_margin": null,
      "fcf_margin": 0.16000253068455017,
      "rev_growth_yoy": -0.018992055610724926,
      "rev_growth_yoy_accel": -0.003397760840518904,
      "fcf_margin_change": 0.08453083257134263
    },
    {
      "date": "2025-09-30T00:00:00",
      "quarter_label": "2025-09 (Q3)",
      "revenue": 17276000000,
      "gross_profit": 13421000000,
      "operating_income": null,
      "net_income": 5785000000,
      "opex": null,
      "cogs": 3855000000,
      "rd": 4234000000,
      "sga": 2633000000,
      "fcf": 6835000000,
      "ocf": 7822000000,
      "capex": -987000000,
      "gross_margin": 0.7768580689974531,
      "op_margin": null,
      "fcf_margin": 0.39563556378791387,
      "rev_growth_yoy": 0.03716155370114667,
      "rev_growth_yoy_accel": 0.05615360931187159,
      "fcf_margin_change": 0.2356330331033637
    }
  ],
  "signals": [
    {
      "quarter": "2025-09 (Q3)",
      "signal": "FCF MARGIN EXPANSION",
      "detail": "FCF margin: +16.0% -> +39.6% (+23.6%)",
      "severity": "MEDIUM"
    },
    {
      "quarter": "2025-09 (Q3)",
      "signal": "YoY REVENUE GROWTH ACCELERATION",
      "detail": "YoY growth: +3.7% vs prior quarter YoY: -1.9% (accel: +5.6%)",
      "severity": "MEDIUM"
    },
    {
      "quarter": "2025-06 (Q2)",
      "signal": "FCF MARGIN EXPANSION",
      "detail": "FCF margin: +7.5% -> +16.0% (+8.5%)",
      "severity": "MEDIUM"
    },
    {
      "quarter": "2025-03 (Q1)",
      "signal": "GROSS MARGIN INFLECTION",
      "detail": "GM: +75.5% -> +75.5% -> +78.0% (reversal +2.5%)",
      "severity": "MEDIUM"
    },
    {
      "quarter": "2025-03 (Q1)",
      "signal": "YoY REVENUE GROWTH DECELERATION",
      "detail": "YoY growth: -1.6% vs prior quarter YoY: +6.8% (decel: -8.4%)",
      "severity": "WARNING"
    },
    {
      "quarter": "2024-09 (Q3)",
      "signal": "FCF MARGIN EXPANSION",
      "detail": "FCF margin: +30.1% -> +51.1% (+21.0%)",
      "severity": "MEDIUM"
    },
    {
      "quarter": "2024-06 (Q2)",
      "signal": "FCF MARGIN EXPANSION",
      "detail": "FCF margin: +14.1% -> +30.1% (+15.9%)",
      "severity": "MEDIUM"
    },
    {
      "quarter": "2024-03 (Q1)",
      "signal": "FCF TURNED POSITIVE",
      "detail": "FCF margin: -5.1% -> +14.1%",
      "severity": "HIGH"
    },
    {
      "quarter": "2024-03 (Q1)",
      "signal": "GROSS MARGIN INFLECTION",
      "detail": "GM: +73.3% -> +73.3% -> +77.6% (reversal +4.3%)",
      "severity": "MEDIUM"
    },
    {
      "quarter": "2023-09 (Q3)",
      "signal": "FCF MARGIN EXPANSION",
      "detail": "FCF margin: +18.2% -> +42.7% (+24.5%)",
      "severity": "MEDIUM"
    },
    {
      "quarter": "2023-06 (Q2)",
      "signal": "FCF MARGIN EXPANSION",
      "detail": "FCF margin: +2.3% -> +18.2% (+15.9%)",
      "severity": "MEDIUM"
    },
    {
      "quarter": "2023-06 (Q2)",
      "signal": "YoY REVENUE GROWTH ACCELERATION",
      "detail": "YoY growth: +3.0% vs prior quarter YoY: -8.9% (accel: +11.9%)",
      "severity": "MEDIUM"
    },
    {
      "quarter": "2023-03 (Q1)",
      "signal": "YoY REVENUE GROWTH DECELERATION",
      "detail": "YoY growth: -8.9% vs prior quarter YoY: +2.3% (decel: -11.2%)",
      "severity": "WARNING"
    },
    {
      "quarter": "2022-12 (Q4)",
      "signal": "YoY REVENUE GROWTH DECELERATION",
      "detail": "YoY growth: +2.3% vs prior quarter YoY: +13.7% (decel: -11.4%)",
      "severity": "WARNING"
    },
    {
      "quarter": "2022-09 (Q3)",
      "signal": "FCF MARGIN EXPANSION",
      "detail": "FCF margin: +29.5% -> +37.4% (+8.0%)",
      "severity": "MEDIUM"
    },
    {
      "quarter": "2022-09 (Q3)",
      "signal": "YoY REVENUE GROWTH DECELERATION",
      "detail": "YoY growth: +13.7% vs prior quarter YoY: +28.0% (decel: -14.3%)",
      "severity": "WARNING"
    },
    {
      "quarter": "2022-06 (Q2)",
      "signal": "GROSS MARGIN INFLECTION",
      "detail": "GM: +71.3% -> +66.2% -> +71.1% (reversal +4.9%)",
      "severity": "MEDIUM"
    },
    {
      "quarter": "2022-03 (Q1)",
      "signal": "YoY REVENUE GROWTH ACCELERATION",
      "detail": "YoY growth: +31.6% vs prior quarter YoY: +8.0% (accel: +23.6%)",
      "severity": "HIGH"
    }
  ],
  "data_quality": {
    "n_quarters": 20,
    "coverage": {
      "revenue": [
        20,
        20
      ],
      "gross_profit": [
        20,
        20
      ],
      "op_income": [
        0,
        20
      ],
      "fcf": [
        17,
        20
      ]
    },
    "gaps": [],
    "warnings": [
      "op_income: no data"
    ]
  },
  "market_cap": null,
  "source": "SEC EDGAR",
  "last_updated": "2026-02-02T19:46:08.571556"
}