{
  "ticker": "MRMD",
  "name": "MARIMED INC.",
  "quarters": [
    {
      "date": "2020-12-31T00:00:00",
      "quarter_label": "2020-12 (Q4)",
      "revenue": 20357322,
      "gross_profit": 11618828,
      "operating_income": 8038838,
      "net_income": 4120603,
      "opex": 3579990,
      "cogs": 8738494,
      "rd": null,
      "sga": null,
      "fcf": 1202350,
      "ocf": 1774092,
      "capex": -571742,
      "gross_margin": 0.5707444230631121,
      "op_margin": 0.39488681271534637,
      "fcf_margin": 0.05906228726941589
    },
    {
      "date": "2021-03-31T00:00:00",
      "quarter_label": "2021-03 (Q1)",
      "revenue": 24642564,
      "gross_profit": 13185918,
      "operating_income": 7038269,
      "net_income": 4219903,
      "opex": 6147649,
      "cogs": 11456646,
      "rd": null,
      "sga": null,
      "fcf": 4451000,
      "ocf": 6759000,
      "capex": -2308000,
      "gross_margin": 0.5350870956447551,
      "op_margin": 0.2856143135105584,
      "fcf_margin": 0.1806224384767754,
      "op_leverage_ratio": 0.29349396391104915,
      "fcf_margin_change": 0.1215601512073595
    },
    {
      "date": "2021-06-30T00:00:00",
      "quarter_label": "2021-06 (Q2)",
      "revenue": 32569656,
      "gross_profit": 19406350,
      "operating_income": 12001891,
      "net_income": 7492852,
      "opex": 7404459,
      "cogs": 13163306,
      "rd": null,
      "sga": null,
      "fcf": 5165000,
      "ocf": 10833000,
      "capex": -5668000,
      "gross_margin": 0.5958414175452145,
      "op_margin": 0.36849916376150854,
      "fcf_margin": 0.158583191667729,
      "op_leverage_ratio": 1.5735025146790158,
      "fcf_margin_change": -0.022039246809046398
    },
    {
      "date": "2021-09-30T00:00:00",
      "quarter_label": "2021-09 (Q3)",
      "revenue": 33208060,
      "gross_profit": 18180539,
      "operating_income": 6619383,
      "net_income": 2020035,
      "opex": 11561156,
      "cogs": 15027521,
      "rd": null,
      "sga": null,
      "fcf": 3983000,
      "ocf": 10656000,
      "capex": -6673000,
      "gross_margin": 0.5474736856052416,
      "op_margin": 0.19933061431471757,
      "fcf_margin": 0.1199407613693784,
      "op_leverage_ratio": 0.03491623377516643,
      "fcf_margin_change": -0.0386424302983506
    },
    {
      "date": "2021-12-31T00:00:00",
      "quarter_label": "2021-12 (Q4)",
      "revenue": 31043878,
      "gross_profit": 15490273,
      "operating_income": 1203947,
      "net_income": -6508269,
      "opex": 14286326,
      "cogs": 15553605,
      "rd": null,
      "sga": null,
      "fcf": 4382000,
      "ocf": 7607000,
      "capex": -3225000,
      "gross_margin": 0.4989799599135134,
      "op_margin": 0.038782107055052854,
      "fcf_margin": 0.14115504512677185,
      "incr_op_margin_yoy": -0.6395784572691146,
      "rev_growth_yoy": 0.5249490085189005,
      "fcf_margin_change": 0.021214283757393454
    },
    {
      "date": "2022-03-31T00:00:00",
      "quarter_label": "2022-03 (Q1)",
      "revenue": 31282000,
      "gross_profit": 16976000,
      "operating_income": 7049000,
      "net_income": 4188000,
      "opex": 9927000,
      "cogs": 14306000,
      "rd": null,
      "sga": null,
      "fcf": 4475000,
      "ocf": 8490000,
      "capex": -4015000,
      "gross_margin": 0.5426762994693434,
      "op_margin": 0.22533725465123713,
      "fcf_margin": 0.14305351320248066,
      "incr_op_margin_yoy": 0.001616251741864821,
      "rev_growth_yoy": 0.2694295934465261,
      "rev_growth_yoy_accel": -0.25551941507237436,
      "fcf_margin_change": 0.0018984680757088146
    },
    {
      "date": "2022-06-30T00:00:00",
      "quarter_label": "2022-06 (Q2)",
      "revenue": 32986000,
      "gross_profit": 15005000,
      "operating_income": 4495000,
      "net_income": 1823000,
      "opex": 10510000,
      "cogs": 17981000,
      "rd": null,
      "sga": null,
      "fcf": -10100000,
      "ocf": -6261000,
      "capex": -3839000,
      "gross_margin": 0.45488995331352694,
      "op_margin": 0.13626993269872067,
      "fcf_margin": -0.3061905050627539,
      "rev_growth_yoy": 0.012783186902557399,
      "rev_growth_yoy_accel": -0.2566464065439687,
      "op_leverage_ratio": 0.9275226970326811,
      "fcf_margin_change": -0.4492440182652346
    },
    {
      "date": "2022-09-30T00:00:00",
      "quarter_label": "2022-09 (Q3)",
      "revenue": 33912000,
      "gross_profit": 16164000,
      "operating_income": 5736000,
      "net_income": 2706000,
      "opex": 10428000,
      "cogs": 17748000,
      "rd": null,
      "sga": null,
      "fcf": 1214000,
      "ocf": 3345000,
      "capex": -2131000,
      "gross_margin": 0.47664543524416136,
      "op_margin": 0.16914366595895258,
      "fcf_margin": 0.03579853739089408,
      "rev_growth_yoy": 0.021197865819322176,
      "rev_growth_yoy_accel": 0.008414678916764777,
      "op_leverage_ratio": Infinity,
      "fcf_margin_change": 0.341989042453648
    },
    {
      "date": "2022-12-31T00:00:00",
      "quarter_label": "2022-12 (Q4)",
      "revenue": 35830000,
      "gross_profit": 15812000,
      "operating_income": 3089000,
      "net_income": 4751000,
      "opex": 12723000,
      "cogs": 20018000,
      "rd": null,
      "sga": null,
      "fcf": -418000,
      "ocf": 1737000,
      "capex": -2155000,
      "gross_margin": 0.4413061680156294,
      "op_margin": 0.08621267094613452,
      "fcf_margin": -0.011666201507116941,
      "incr_op_margin_yoy": 0.3938581172815904,
      "rev_growth_yoy": 0.15417281307444902,
      "rev_growth_yoy_accel": 0.13297494725512685,
      "op_leverage_ratio": 0.2569884067490329,
      "fcf_margin_change": -0.04746473889801102
    },
    {
      "date": "2023-03-31T00:00:00",
      "quarter_label": "2023-03 (Q1)",
      "revenue": 34380000,
      "gross_profit": 15388000,
      "operating_income": 5135000,
      "net_income": -645000,
      "opex": 10253000,
      "cogs": 18992000,
      "rd": null,
      "sga": null,
      "fcf": -7551000,
      "ocf": -4499000,
      "capex": -3052000,
      "gross_margin": 0.44758580570098894,
      "op_margin": 0.14936009307737055,
      "fcf_margin": -0.21963350785340313,
      "incr_op_margin_yoy": -0.617817947062621,
      "rev_growth_yoy": 0.09903458858129276,
      "rev_growth_yoy_accel": -0.055138224493156265,
      "fcf_margin_change": -0.20796730634628618
    },
    {
      "date": "2023-06-30T00:00:00",
      "quarter_label": "2023-06 (Q2)",
      "revenue": 36519000,
      "gross_profit": 16376000,
      "operating_income": 3547000,
      "net_income": -958000,
      "opex": 12829000,
      "cogs": 20143000,
      "rd": null,
      "sga": null,
      "fcf": -4459000,
      "ocf": 1275000,
      "capex": -5734000,
      "gross_margin": 0.44842410799857607,
      "op_margin": 0.09712752265943755,
      "fcf_margin": -0.1221008242284838,
      "incr_op_margin_yoy": -0.2683272006793094,
      "rev_growth_yoy": 0.10710604498878312,
      "rev_growth_yoy_accel": 0.008071456407490366,
      "op_leverage_ratio": 0.2476338506606831,
      "fcf_margin_change": 0.09753268362491933
    },
    {
      "date": "2023-09-30T00:00:00",
      "quarter_label": "2023-09 (Q3)",
      "revenue": 38800000,
      "gross_profit": 16838000,
      "operating_income": 3292000,
      "net_income": -4259000,
      "opex": 13546000,
      "cogs": 21962000,
      "rd": null,
      "sga": null,
      "fcf": 1937000,
      "ocf": 7900000,
      "capex": -5963000,
      "gross_margin": 0.43396907216494846,
      "op_margin": 0.08484536082474227,
      "fcf_margin": 0.049922680412371134,
      "incr_op_margin_yoy": -0.5,
      "rev_growth_yoy": 0.14413776834159,
      "rev_growth_yoy_accel": 0.03703172335280688,
      "op_leverage_ratio": 1.1175836975712343,
      "fcf_margin_change": 0.17202350464085492
    },
    {
      "date": "2023-12-31T00:00:00",
      "quarter_label": "2023-12 (Q4)",
      "revenue": 38899000,
      "gross_profit": 17317000,
      "operating_income": 2411000,
      "net_income": -10169000,
      "opex": 14906000,
      "cogs": 21582000,
      "rd": null,
      "sga": null,
      "fcf": -2147000,
      "ocf": 3234000,
      "capex": -5381000,
      "gross_margin": 0.44517853929406925,
      "op_margin": 0.06198102778991748,
      "fcf_margin": -0.055194220931129336,
      "incr_op_margin_yoy": -0.2209188660801564,
      "rev_growth_yoy": 0.08565447948646386,
      "rev_growth_yoy_accel": -0.058483288855126145,
      "fcf_margin_change": -0.10511690134350046
    },
    {
      "date": "2024-03-31T00:00:00",
      "quarter_label": "2024-03 (Q1)",
      "revenue": 37933000,
      "gross_profit": 16472000,
      "operating_income": 2021000,
      "net_income": -1298000,
      "opex": 14451000,
      "cogs": 21461000,
      "rd": null,
      "sga": null,
      "fcf": -158000,
      "ocf": 3210000,
      "capex": -3368000,
      "gross_margin": 0.43423931668995336,
      "op_margin": 0.053278148314132814,
      "fcf_margin": -0.004165238710357736,
      "incr_op_margin_yoy": -0.8764424430059105,
      "rev_growth_yoy": 0.10334496800465387,
      "rev_growth_yoy_accel": 0.01769048851819001,
      "fcf_margin_change": 0.051028982220771596
    },
    {
      "date": "2024-06-30T00:00:00",
      "quarter_label": "2024-06 (Q2)",
      "revenue": 40438000,
      "gross_profit": 16909000,
      "operating_income": 956000,
      "net_income": -1651000,
      "opex": 15953000,
      "cogs": 23529000,
      "rd": null,
      "sga": null,
      "fcf": -1783000,
      "ocf": 3185000,
      "capex": -4968000,
      "gross_margin": 0.41814629803650033,
      "op_margin": 0.023641129630545526,
      "fcf_margin": -0.044092190513873086,
      "incr_op_margin_yoy": -0.66113804541975,
      "rev_growth_yoy": 0.10731400093102221,
      "rev_growth_yoy_accel": 0.0039690329263683405,
      "op_leverage_ratio": 0.6353580071780496,
      "fcf_margin_change": -0.039926951803515354
    },
    {
      "date": "2024-09-30T00:00:00",
      "quarter_label": "2024-09 (Q3)",
      "revenue": 40591000,
      "gross_profit": 16778000,
      "operating_income": 1340000,
      "net_income": -1011000,
      "opex": 15438000,
      "cogs": 23813000,
      "rd": null,
      "sga": null,
      "fcf": -1763000,
      "ocf": 803000,
      "capex": -2566000,
      "gross_margin": 0.4133428592545145,
      "op_margin": 0.033012244093518266,
      "fcf_margin": -0.0434332733857259,
      "incr_op_margin_yoy": -1.089893914014517,
      "rev_growth_yoy": 0.04615979381443299,
      "rev_growth_yoy_accel": -0.06115420711658922,
      "fcf_margin_change": 0.0006589171281471892
    },
    {
      "date": "2024-12-31T00:00:00",
      "quarter_label": "2024-12 (Q4)",
      "revenue": 39002000,
      "gross_profit": 12709000,
      "operating_income": -1405000,
      "net_income": -8204000,
      "opex": 14114000,
      "cogs": 26293000,
      "rd": null,
      "sga": null,
      "fcf": -1471000,
      "ocf": -413000,
      "capex": -1058000,
      "gross_margin": 0.3258550843546485,
      "op_margin": -0.03602379365160761,
      "fcf_margin": -0.03771601456335572,
      "rev_growth_yoy": 0.0026478829789968895,
      "rev_growth_yoy_accel": -0.0435119108354361,
      "fcf_margin_change": 0.005717258822370175
    },
    {
      "date": "2025-03-31T00:00:00",
      "quarter_label": "2025-03 (Q1)",
      "revenue": 37955000,
      "gross_profit": 15138000,
      "operating_income": -851000,
      "net_income": -5452000,
      "opex": 15989000,
      "cogs": 22817000,
      "rd": null,
      "sga": null,
      "fcf": 1027000,
      "ocf": 1293000,
      "capex": -266000,
      "gross_margin": 0.398840732446318,
      "op_margin": -0.02242128836780398,
      "fcf_margin": 0.027058358582531947,
      "rev_growth_yoy": 0.0005799699470118366,
      "rev_growth_yoy_accel": -0.002067913031985053,
      "fcf_margin_change": 0.06477437314588767
    },
    {
      "date": "2025-06-30T00:00:00",
      "quarter_label": "2025-06 (Q2)",
      "revenue": 39611000,
      "gross_profit": 16032000,
      "operating_income": 1141000,
      "net_income": -1269000,
      "opex": 14891000,
      "cogs": 23579000,
      "rd": null,
      "sga": null,
      "fcf": -12000,
      "ocf": 297000,
      "capex": -309000,
      "gross_margin": 0.40473605816566105,
      "op_margin": 0.02880512988816238,
      "fcf_margin": -0.0003029461513216026,
      "rev_growth_yoy": -0.020451060883327564,
      "rev_growth_yoy_accel": -0.0210310308303394,
      "op_leverage_ratio": Infinity,
      "fcf_margin_change": -0.02736130473385355
    },
    {
      "date": "2025-09-30T00:00:00",
      "quarter_label": "2025-09 (Q3)",
      "revenue": 40764000,
      "gross_profit": 16363000,
      "operating_income": 1599000,
      "net_income": -2948000,
      "opex": 14764000,
      "cogs": 24401000,
      "rd": null,
      "sga": null,
      "fcf": 2117000,
      "ocf": 2676000,
      "capex": -559000,
      "gross_margin": 0.4014081051908547,
      "op_margin": 0.03922578745952311,
      "fcf_margin": 0.051933078206260426,
      "rev_growth_yoy": 0.004262028528491537,
      "rev_growth_yoy_accel": 0.0247130894118191,
      "op_leverage_ratio": Infinity,
      "fcf_margin_change": 0.052236024357582025
    }
  ],
  "signals": [
    {
      "quarter": "2025-09 (Q3)",
      "signal": "FCF TURNED POSITIVE",
      "detail": "FCF margin: -0.0% -> +5.2%",
      "severity": "HIGH"
    },
    {
      "quarter": "2025-06 (Q2)",
      "signal": "OP MARGIN TURNED POSITIVE (QoQ)",
      "detail": "Op margin: -2.2% -> +2.9%",
      "severity": "HIGH"
    },
    {
      "quarter": "2025-03 (Q1)",
      "signal": "FCF TURNED POSITIVE",
      "detail": "FCF margin: -3.8% -> +2.7%",
      "severity": "HIGH"
    },
    {
      "quarter": "2025-03 (Q1)",
      "signal": "GROSS MARGIN INFLECTION",
      "detail": "GM: +41.3% -> +32.6% -> +39.9% (reversal +7.3%)",
      "severity": "HIGH"
    },
    {
      "quarter": "2024-09 (Q3)",
      "signal": "YoY REVENUE GROWTH DECELERATION",
      "detail": "YoY growth: +4.6% vs prior quarter YoY: +10.7% (decel: -6.1%)",
      "severity": "WARNING"
    },
    {
      "quarter": "2024-03 (Q1)",
      "signal": "FCF MARGIN EXPANSION",
      "detail": "FCF margin: -5.5% -> -0.4% (+5.1%)",
      "severity": "MEDIUM"
    },
    {
      "quarter": "2023-12 (Q4)",
      "signal": "YoY REVENUE GROWTH DECELERATION",
      "detail": "YoY growth: +8.6% vs prior quarter YoY: +14.4% (decel: -5.8%)",
      "severity": "WARNING"
    },
    {
      "quarter": "2023-09 (Q3)",
      "signal": "FCF TURNED POSITIVE",
      "detail": "FCF margin: -12.2% -> +5.0%",
      "severity": "HIGH"
    },
    {
      "quarter": "2023-06 (Q2)",
      "signal": "FCF MARGIN EXPANSION",
      "detail": "FCF margin: -22.0% -> -12.2% (+9.8%)",
      "severity": "MEDIUM"
    },
    {
      "quarter": "2023-03 (Q1)",
      "signal": "YoY REVENUE GROWTH DECELERATION",
      "detail": "YoY growth: +9.9% vs prior quarter YoY: +15.4% (decel: -5.5%)",
      "severity": "WARNING"
    },
    {
      "quarter": "2022-12 (Q4)",
      "signal": "YoY REVENUE GROWTH ACCELERATION",
      "detail": "YoY growth: +15.4% vs prior quarter YoY: +2.1% (accel: +13.3%)",
      "severity": "MEDIUM"
    },
    {
      "quarter": "2022-12 (Q4)",
      "signal": "INCREMENTAL MARGIN (YoY)",
      "detail": "YoY Incr OPM: +39.4% vs year-ago OPM: +3.9%",
      "severity": "HIGH"
    },
    {
      "quarter": "2022-09 (Q3)",
      "signal": "FCF TURNED POSITIVE",
      "detail": "FCF margin: -30.6% -> +3.6%",
      "severity": "HIGH"
    },
    {
      "quarter": "2022-09 (Q3)",
      "signal": "GROSS MARGIN INFLECTION",
      "detail": "GM: +54.3% -> +45.5% -> +47.7% (reversal +2.2%)",
      "severity": "MEDIUM"
    },
    {
      "quarter": "2022-06 (Q2)",
      "signal": "YoY REVENUE GROWTH DECELERATION",
      "detail": "YoY growth: +1.3% vs prior quarter YoY: +26.9% (decel: -25.7%)",
      "severity": "WARNING"
    },
    {
      "quarter": "2022-03 (Q1)",
      "signal": "GROSS MARGIN INFLECTION",
      "detail": "GM: +54.7% -> +49.9% -> +54.3% (reversal +4.4%)",
      "severity": "MEDIUM"
    },
    {
      "quarter": "2022-03 (Q1)",
      "signal": "YoY REVENUE GROWTH DECELERATION",
      "detail": "YoY growth: +26.9% vs prior quarter YoY: +52.5% (decel: -25.6%)",
      "severity": "WARNING"
    },
    {
      "quarter": "2021-06 (Q2)",
      "signal": "OPERATING LEVERAGE",
      "detail": "Rev growth +32.2% vs OpEx growth +20.4% (leverage: 1.6x)",
      "severity": "MEDIUM"
    },
    {
      "quarter": "2021-06 (Q2)",
      "signal": "GROSS MARGIN INFLECTION",
      "detail": "GM: +57.1% -> +53.5% -> +59.6% (reversal +6.1%)",
      "severity": "HIGH"
    },
    {
      "quarter": "2021-03 (Q1)",
      "signal": "FCF MARGIN EXPANSION",
      "detail": "FCF margin: +5.9% -> +18.1% (+12.2%)",
      "severity": "MEDIUM"
    }
  ],
  "data_quality": {
    "n_quarters": 20,
    "coverage": {
      "revenue": [
        20,
        20
      ],
      "gross_profit": [
        20,
        20
      ],
      "op_income": [
        20,
        20
      ],
      "fcf": [
        20,
        20
      ]
    },
    "gaps": [],
    "warnings": []
  },
  "market_cap": null,
  "source": "SEC EDGAR",
  "last_updated": "2026-02-02T23:48:53.813405"
}