{
  "ticker": "MRSH",
  "name": "Marsh & McLennan Companies, Inc.",
  "quarters": [
    {
      "date": "2020-12-31T00:00:00",
      "quarter_label": "2020-12 (Q4)",
      "revenue": 4416000000,
      "gross_profit": null,
      "operating_income": 571000000,
      "net_income": 374000000,
      "opex": 3845000000,
      "cogs": null,
      "rd": null,
      "sga": null,
      "fcf": 1313000000,
      "ocf": 1383000000,
      "capex": -70000000,
      "gross_margin": null,
      "op_margin": 0.12930253623188406,
      "fcf_margin": 0.2973278985507246
    },
    {
      "date": "2021-03-31T00:00:00",
      "quarter_label": "2021-03 (Q1)",
      "revenue": 5083000000,
      "gross_profit": null,
      "operating_income": 1358000000,
      "net_income": 983000000,
      "opex": 3725000000,
      "cogs": null,
      "rd": null,
      "sga": null,
      "fcf": -477000000,
      "ocf": -408000000,
      "capex": -69000000,
      "gross_margin": null,
      "op_margin": 0.2671650600039347,
      "fcf_margin": -0.09384221916191225,
      "op_leverage_ratio": Infinity,
      "fcf_margin_change": -0.3911701177126369
    },
    {
      "date": "2021-06-30T00:00:00",
      "quarter_label": "2021-06 (Q2)",
      "revenue": 5017000000,
      "gross_profit": null,
      "operating_income": 1228000000,
      "net_income": 820000000,
      "opex": 3789000000,
      "cogs": null,
      "rd": null,
      "sga": null,
      "fcf": 1076000000,
      "ocf": 1158000000,
      "capex": -82000000,
      "gross_margin": null,
      "op_margin": 0.2447677895156468,
      "fcf_margin": 0.2144707992824397,
      "fcf_margin_change": 0.30831301844435194
    },
    {
      "date": "2021-09-30T00:00:00",
      "quarter_label": "2021-09 (Q3)",
      "revenue": 4583000000,
      "gross_profit": null,
      "operating_income": 740000000,
      "net_income": 537000000,
      "opex": 3843000000,
      "cogs": null,
      "rd": null,
      "sga": null,
      "fcf": 1207000000,
      "ocf": 1324000000,
      "capex": -117000000,
      "gross_margin": null,
      "op_margin": 0.16146628845734234,
      "fcf_margin": 0.26336460833515163,
      "fcf_margin_change": 0.04889380905271193
    },
    {
      "date": "2021-12-31T00:00:00",
      "quarter_label": "2021-12 (Q4)",
      "revenue": 5137000000,
      "gross_profit": null,
      "operating_income": 986000000,
      "net_income": 803000000,
      "opex": 4151000000,
      "cogs": null,
      "rd": null,
      "sga": null,
      "fcf": 1304000000,
      "ocf": 1442000000,
      "capex": -138000000,
      "gross_margin": null,
      "op_margin": 0.1919408214911427,
      "fcf_margin": 0.2538446564142496,
      "incr_op_margin_yoy": 0.5755894590846047,
      "rev_growth_yoy": 0.16326992753623187,
      "op_leverage_ratio": 1.5082716759565986,
      "fcf_margin_change": -0.009519951920902048
    },
    {
      "date": "2022-03-31T00:00:00",
      "quarter_label": "2022-03 (Q1)",
      "revenue": 5549000000,
      "gross_profit": null,
      "operating_income": 1445000000,
      "net_income": 1071000000,
      "opex": 4104000000,
      "cogs": null,
      "rd": null,
      "sga": null,
      "fcf": -824000000,
      "ocf": -702000000,
      "capex": -122000000,
      "gross_margin": null,
      "op_margin": 0.26040728059109747,
      "fcf_margin": -0.1484952243647504,
      "incr_op_margin_yoy": 0.18669527896995708,
      "rev_growth_yoy": 0.09167814282903797,
      "rev_growth_yoy_accel": -0.0715917847071939,
      "op_leverage_ratio": Infinity,
      "fcf_margin_change": -0.40233988077899996
    },
    {
      "date": "2022-06-30T00:00:00",
      "quarter_label": "2022-06 (Q2)",
      "revenue": 5379000000,
      "gross_profit": null,
      "operating_income": 1364000000,
      "net_income": 967000000,
      "opex": 4015000000,
      "cogs": null,
      "rd": null,
      "sga": null,
      "fcf": 1165000000,
      "ocf": 1282000000,
      "capex": -117000000,
      "gross_margin": null,
      "op_margin": 0.25357873210633947,
      "fcf_margin": 0.21658300799405095,
      "incr_op_margin_yoy": 0.3756906077348066,
      "rev_growth_yoy": 0.07215467410803268,
      "rev_growth_yoy_accel": -0.019523468721005285,
      "fcf_margin_change": 0.3650782323588013
    },
    {
      "date": "2022-09-30T00:00:00",
      "quarter_label": "2022-09 (Q3)",
      "revenue": 4770000000,
      "gross_profit": null,
      "operating_income": 791000000,
      "net_income": 546000000,
      "opex": 3979000000,
      "cogs": null,
      "rd": null,
      "sga": null,
      "fcf": 1255000000,
      "ocf": 1383000000,
      "capex": -128000000,
      "gross_margin": null,
      "op_margin": 0.1658280922431866,
      "fcf_margin": 0.2631027253668763,
      "incr_op_margin_yoy": 0.2727272727272727,
      "rev_growth_yoy": 0.040802967488544624,
      "rev_growth_yoy_accel": -0.03135170661948806,
      "fcf_margin_change": 0.04651971737282534
    },
    {
      "date": "2022-12-31T00:00:00",
      "quarter_label": "2022-12 (Q4)",
      "revenue": 5022000000,
      "gross_profit": null,
      "operating_income": 680000000,
      "net_income": 466000000,
      "opex": 4342000000,
      "cogs": null,
      "rd": null,
      "sga": null,
      "fcf": 1399000000,
      "ocf": 1502000000,
      "capex": -103000000,
      "gross_margin": null,
      "op_margin": 0.1354042214257268,
      "fcf_margin": 0.2785742731979291,
      "incr_op_margin_yoy": 2.6608695652173915,
      "rev_growth_yoy": -0.02238660696904808,
      "rev_growth_yoy_accel": -0.06318957445759271,
      "op_leverage_ratio": 0.5790945475336556,
      "fcf_margin_change": 0.015471547831052812
    },
    {
      "date": "2023-03-31T00:00:00",
      "quarter_label": "2023-03 (Q1)",
      "revenue": 5924000000,
      "gross_profit": null,
      "operating_income": 1726000000,
      "net_income": 1235000000,
      "opex": 4198000000,
      "cogs": null,
      "rd": null,
      "sga": null,
      "fcf": -903000000,
      "ocf": -819000000,
      "capex": -84000000,
      "gross_margin": null,
      "op_margin": 0.2913571910871033,
      "fcf_margin": -0.1524307900067522,
      "incr_op_margin_yoy": 0.7493333333333333,
      "rev_growth_yoy": 0.06757974409803569,
      "rev_growth_yoy_accel": 0.08996635106708377,
      "op_leverage_ratio": Infinity,
      "fcf_margin_change": -0.4310050632046813
    },
    {
      "date": "2023-06-30T00:00:00",
      "quarter_label": "2023-06 (Q2)",
      "revenue": 5876000000,
      "gross_profit": null,
      "operating_income": 1457000000,
      "net_income": 1035000000,
      "opex": 4419000000,
      "cogs": null,
      "rd": null,
      "sga": null,
      "fcf": 1383000000,
      "ocf": 1484000000,
      "capex": -101000000,
      "gross_margin": null,
      "op_margin": 0.24795779441797142,
      "fcf_margin": 0.2353641933287951,
      "incr_op_margin_yoy": 0.18712273641851107,
      "rev_growth_yoy": 0.09239635620003718,
      "rev_growth_yoy_accel": 0.024816612102001492,
      "fcf_margin_change": 0.3877949833355473
    },
    {
      "date": "2023-09-30T00:00:00",
      "quarter_label": "2023-09 (Q3)",
      "revenue": 5382000000,
      "gross_profit": null,
      "operating_income": 996000000,
      "net_income": 730000000,
      "opex": 4386000000,
      "cogs": null,
      "rd": null,
      "sga": null,
      "fcf": 1699000000,
      "ocf": 1810000000,
      "capex": -111000000,
      "gross_margin": null,
      "op_margin": 0.1850613154960981,
      "fcf_margin": 0.3156819026384244,
      "incr_op_margin_yoy": 0.3349673202614379,
      "rev_growth_yoy": 0.12830188679245283,
      "rev_growth_yoy_accel": 0.03590553059241565,
      "fcf_margin_change": 0.08031770930962928
    },
    {
      "date": "2023-12-31T00:00:00",
      "quarter_label": "2023-12 (Q4)",
      "revenue": 5554000000,
      "gross_profit": null,
      "operating_income": 1103000000,
      "net_income": 756000000,
      "opex": 4451000000,
      "cogs": null,
      "rd": null,
      "sga": null,
      "fcf": 1663000000,
      "ocf": 1783000000,
      "capex": -120000000,
      "gross_margin": null,
      "op_margin": 0.19859560676989557,
      "fcf_margin": 0.29942383867482897,
      "incr_op_margin_yoy": 0.7951127819548872,
      "rev_growth_yoy": 0.10593389088012745,
      "rev_growth_yoy_accel": -0.022367995912325384,
      "op_leverage_ratio": 2.156453134379556,
      "fcf_margin_change": -0.016258063963595415
    },
    {
      "date": "2024-03-31T00:00:00",
      "quarter_label": "2024-03 (Q1)",
      "revenue": 6473000000,
      "gross_profit": null,
      "operating_income": 1925000000,
      "net_income": 1400000000,
      "opex": 4548000000,
      "cogs": null,
      "rd": null,
      "sga": null,
      "fcf": -868000000,
      "ocf": -781000000,
      "capex": -87000000,
      "gross_margin": null,
      "op_margin": 0.29738915495133633,
      "fcf_margin": -0.13409547350532983,
      "incr_op_margin_yoy": 0.36247723132969034,
      "rev_growth_yoy": 0.09267386900742741,
      "rev_growth_yoy_accel": -0.013260021872700034,
      "op_leverage_ratio": 7.592686983283155,
      "fcf_margin_change": -0.4335193121801588
    },
    {
      "date": "2024-06-30T00:00:00",
      "quarter_label": "2024-06 (Q2)",
      "revenue": 6221000000,
      "gross_profit": null,
      "operating_income": 1642000000,
      "net_income": 1125000000,
      "opex": 4579000000,
      "cogs": null,
      "rd": null,
      "sga": null,
      "fcf": 1135000000,
      "ocf": 1215000000,
      "capex": -80000000,
      "gross_margin": null,
      "op_margin": 0.2639447034238868,
      "fcf_margin": 0.18244655200128596,
      "incr_op_margin_yoy": 0.5362318840579711,
      "rev_growth_yoy": 0.05871341048332199,
      "rev_growth_yoy_accel": -0.033960458524105425,
      "fcf_margin_change": 0.3165420255066158
    },
    {
      "date": "2024-09-30T00:00:00",
      "quarter_label": "2024-09 (Q3)",
      "revenue": 5697000000,
      "gross_profit": null,
      "operating_income": 1108000000,
      "net_income": 747000000,
      "opex": 4589000000,
      "cogs": null,
      "rd": null,
      "sga": null,
      "fcf": 1839000000,
      "ocf": 1912000000,
      "capex": -73000000,
      "gross_margin": null,
      "op_margin": 0.19448832718974898,
      "fcf_margin": 0.3228014744602422,
      "incr_op_margin_yoy": 0.35555555555555557,
      "rev_growth_yoy": 0.05852842809364549,
      "rev_growth_yoy_accel": -0.0001849823896764996,
      "fcf_margin_change": 0.14035492245895625
    },
    {
      "date": "2024-12-31T00:00:00",
      "quarter_label": "2024-12 (Q4)",
      "revenue": 6067000000,
      "gross_profit": null,
      "operating_income": 1142000000,
      "net_income": 788000000,
      "opex": 4925000000,
      "cogs": null,
      "rd": null,
      "sga": null,
      "fcf": 1880000000,
      "ocf": 1956000000,
      "capex": -76000000,
      "gross_margin": null,
      "op_margin": 0.18823141585627162,
      "fcf_margin": 0.3098730838964892,
      "incr_op_margin_yoy": 0.07602339181286549,
      "rev_growth_yoy": 0.09236586244148362,
      "rev_growth_yoy_accel": 0.03383743434783813,
      "op_leverage_ratio": 0.8870217825589075,
      "fcf_margin_change": -0.012928390563753
    },
    {
      "date": "2025-03-31T00:00:00",
      "quarter_label": "2025-03 (Q1)",
      "revenue": 7061000000,
      "gross_profit": null,
      "operating_income": 2005000000,
      "net_income": 1381000000,
      "opex": 5056000000,
      "cogs": null,
      "rd": null,
      "sga": null,
      "fcf": -677000000,
      "ocf": -622000000,
      "capex": -55000000,
      "gross_margin": null,
      "op_margin": 0.28395411414813765,
      "fcf_margin": -0.09587877071236368,
      "incr_op_margin_yoy": 0.1360544217687075,
      "rev_growth_yoy": 0.09083886914877182,
      "rev_growth_yoy_accel": -0.0015269932927118035,
      "op_leverage_ratio": 6.159526508693634,
      "fcf_margin_change": -0.4057518546088529
    },
    {
      "date": "2025-06-30T00:00:00",
      "quarter_label": "2025-06 (Q2)",
      "revenue": 6974000000,
      "gross_profit": null,
      "operating_income": 1829000000,
      "net_income": 1211000000,
      "opex": 5145000000,
      "cogs": null,
      "rd": null,
      "sga": null,
      "fcf": 1612000000,
      "ocf": 1671000000,
      "capex": -59000000,
      "gross_margin": null,
      "op_margin": 0.2622598221967307,
      "fcf_margin": 0.23114425007169487,
      "incr_op_margin_yoy": 0.24833997343957503,
      "rev_growth_yoy": 0.12104163317794567,
      "rev_growth_yoy_accel": 0.03020276402917385,
      "fcf_margin_change": 0.32702302078405854
    },
    {
      "date": "2025-09-30T00:00:00",
      "quarter_label": "2025-09 (Q3)",
      "revenue": 6351000000,
      "gross_profit": null,
      "operating_income": 1170000000,
      "net_income": 747000000,
      "opex": 5181000000,
      "cogs": null,
      "rd": null,
      "sga": null,
      "fcf": 2010000000,
      "ocf": 2082000000,
      "capex": -72000000,
      "gross_margin": null,
      "op_margin": 0.18422295701464336,
      "fcf_margin": 0.31648559282002836,
      "incr_op_margin_yoy": 0.09480122324159021,
      "rev_growth_yoy": 0.114797261716693,
      "rev_growth_yoy_accel": -0.0062443714612526735,
      "fcf_margin_change": 0.08534134274833349
    }
  ],
  "signals": [
    {
      "quarter": "2025-09 (Q3)",
      "signal": "FCF MARGIN EXPANSION",
      "detail": "FCF margin: +23.1% -> +31.6% (+8.5%)",
      "severity": "MEDIUM"
    },
    {
      "quarter": "2025-06 (Q2)",
      "signal": "FCF TURNED POSITIVE",
      "detail": "FCF margin: -9.6% -> +23.1%",
      "severity": "HIGH"
    },
    {
      "quarter": "2025-03 (Q1)",
      "signal": "OPERATING LEVERAGE",
      "detail": "Rev growth +16.4% vs OpEx growth +2.7% (leverage: 6.2x)",
      "severity": "MEDIUM"
    },
    {
      "quarter": "2024-09 (Q3)",
      "signal": "FCF MARGIN EXPANSION",
      "detail": "FCF margin: +18.2% -> +32.3% (+14.0%)",
      "severity": "MEDIUM"
    },
    {
      "quarter": "2024-09 (Q3)",
      "signal": "INCREMENTAL MARGIN (YoY)",
      "detail": "YoY Incr OPM: +35.6% vs year-ago OPM: +18.5%",
      "severity": "MEDIUM"
    },
    {
      "quarter": "2024-06 (Q2)",
      "signal": "FCF TURNED POSITIVE",
      "detail": "FCF margin: -13.4% -> +18.2%",
      "severity": "HIGH"
    },
    {
      "quarter": "2024-06 (Q2)",
      "signal": "INCREMENTAL MARGIN (YoY)",
      "detail": "YoY Incr OPM: +53.6% vs year-ago OPM: +24.8%",
      "severity": "HIGH"
    },
    {
      "quarter": "2024-03 (Q1)",
      "signal": "OPERATING LEVERAGE",
      "detail": "Rev growth +16.5% vs OpEx growth +2.2% (leverage: 7.6x)",
      "severity": "MEDIUM"
    },
    {
      "quarter": "2023-12 (Q4)",
      "signal": "OPERATING LEVERAGE",
      "detail": "Rev growth +3.2% vs OpEx growth +1.5% (leverage: 2.2x)",
      "severity": "MEDIUM"
    },
    {
      "quarter": "2023-12 (Q4)",
      "signal": "INCREMENTAL MARGIN (YoY)",
      "detail": "YoY Incr OPM: +79.5% vs year-ago OPM: +13.5%",
      "severity": "HIGH"
    },
    {
      "quarter": "2023-09 (Q3)",
      "signal": "FCF MARGIN EXPANSION",
      "detail": "FCF margin: +23.5% -> +31.6% (+8.0%)",
      "severity": "MEDIUM"
    },
    {
      "quarter": "2023-09 (Q3)",
      "signal": "INCREMENTAL MARGIN (YoY)",
      "detail": "YoY Incr OPM: +33.5% vs year-ago OPM: +16.6%",
      "severity": "MEDIUM"
    },
    {
      "quarter": "2023-06 (Q2)",
      "signal": "FCF TURNED POSITIVE",
      "detail": "FCF margin: -15.2% -> +23.5%",
      "severity": "HIGH"
    },
    {
      "quarter": "2023-03 (Q1)",
      "signal": "YoY REVENUE GROWTH ACCELERATION",
      "detail": "YoY growth: +6.8% vs prior quarter YoY: -2.2% (accel: +9.0%)",
      "severity": "MEDIUM"
    },
    {
      "quarter": "2023-03 (Q1)",
      "signal": "INCREMENTAL MARGIN (YoY)",
      "detail": "YoY Incr OPM: +74.9% vs year-ago OPM: +26.0%",
      "severity": "HIGH"
    },
    {
      "quarter": "2022-12 (Q4)",
      "signal": "YoY REVENUE GROWTH DECELERATION",
      "detail": "YoY growth: -2.2% vs prior quarter YoY: +4.1% (decel: -6.3%)",
      "severity": "WARNING"
    },
    {
      "quarter": "2022-12 (Q4)",
      "signal": "INCREMENTAL MARGIN (YoY)",
      "detail": "YoY Incr OPM: +266.1% vs year-ago OPM: +19.2%",
      "severity": "HIGH"
    },
    {
      "quarter": "2022-09 (Q3)",
      "signal": "INCREMENTAL MARGIN (YoY)",
      "detail": "YoY Incr OPM: +27.3% vs year-ago OPM: +16.1%",
      "severity": "MEDIUM"
    },
    {
      "quarter": "2022-06 (Q2)",
      "signal": "FCF TURNED POSITIVE",
      "detail": "FCF margin: -14.8% -> +21.7%",
      "severity": "HIGH"
    },
    {
      "quarter": "2022-06 (Q2)",
      "signal": "INCREMENTAL MARGIN (YoY)",
      "detail": "YoY Incr OPM: +37.6% vs year-ago OPM: +24.5%",
      "severity": "MEDIUM"
    },
    {
      "quarter": "2022-03 (Q1)",
      "signal": "YoY REVENUE GROWTH DECELERATION",
      "detail": "YoY growth: +9.2% vs prior quarter YoY: +16.3% (decel: -7.2%)",
      "severity": "WARNING"
    },
    {
      "quarter": "2021-12 (Q4)",
      "signal": "OPERATING LEVERAGE",
      "detail": "Rev growth +12.1% vs OpEx growth +8.0% (leverage: 1.5x)",
      "severity": "MEDIUM"
    },
    {
      "quarter": "2021-12 (Q4)",
      "signal": "INCREMENTAL MARGIN (YoY)",
      "detail": "YoY Incr OPM: +57.6% vs year-ago OPM: +12.9%",
      "severity": "HIGH"
    },
    {
      "quarter": "2021-06 (Q2)",
      "signal": "FCF TURNED POSITIVE",
      "detail": "FCF margin: -9.4% -> +21.4%",
      "severity": "HIGH"
    }
  ],
  "data_quality": {
    "n_quarters": 20,
    "coverage": {
      "revenue": [
        20,
        20
      ],
      "gross_profit": [
        0,
        20
      ],
      "op_income": [
        20,
        20
      ],
      "fcf": [
        20,
        20
      ]
    },
    "gaps": [],
    "warnings": [
      "gross_profit: no data"
    ]
  },
  "market_cap": null,
  "source": "SEC EDGAR",
  "last_updated": "2026-02-02T19:51:42.368551",
  "sector": "Financial Services",
  "industry": "Insurance Brokers"
}