{
  "ticker": "MRTN",
  "name": "MARTEN TRANSPORT, LTD.",
  "quarters": [
    {
      "date": "2020-12-31T00:00:00",
      "quarter_label": "2020-12 (Q4)",
      "revenue": 227333000,
      "gross_profit": null,
      "operating_income": 25558000,
      "net_income": 19604000,
      "opex": 201775000,
      "cogs": null,
      "rd": null,
      "sga": null,
      "fcf": 34891000,
      "ocf": 34891000,
      "capex": null,
      "gross_margin": null,
      "op_margin": 0.11242538478795423,
      "fcf_margin": 0.15347969718430673
    },
    {
      "date": "2021-03-31T00:00:00",
      "quarter_label": "2021-03 (Q1)",
      "revenue": 223046000,
      "gross_profit": null,
      "operating_income": 23998000,
      "net_income": 18006000,
      "opex": 199048000,
      "cogs": null,
      "rd": null,
      "sga": null,
      "fcf": 43570000,
      "ocf": 43570000,
      "capex": null,
      "gross_margin": null,
      "op_margin": 0.10759215587815966,
      "fcf_margin": 0.19534087138975817,
      "fcf_margin_change": 0.041861174205451435
    },
    {
      "date": "2021-06-30T00:00:00",
      "quarter_label": "2021-06 (Q2)",
      "revenue": 232442000,
      "gross_profit": null,
      "operating_income": 28518000,
      "net_income": 21418000,
      "opex": 203924000,
      "cogs": null,
      "rd": null,
      "sga": null,
      "fcf": 39795000,
      "ocf": 39795000,
      "capex": null,
      "gross_margin": null,
      "op_margin": 0.12268867072215865,
      "fcf_margin": 0.17120399927723906,
      "op_leverage_ratio": 1.7196603985580006,
      "fcf_margin_change": -0.02413687211251911
    },
    {
      "date": "2021-09-30T00:00:00",
      "quarter_label": "2021-09 (Q3)",
      "revenue": 251280000,
      "gross_profit": null,
      "operating_income": 28496000,
      "net_income": 21274000,
      "opex": 222784000,
      "cogs": null,
      "rd": null,
      "sga": null,
      "fcf": 44544000,
      "ocf": 44544000,
      "capex": null,
      "gross_margin": null,
      "op_margin": 0.1134033747214263,
      "fcf_margin": 0.1772683858643744,
      "op_leverage_ratio": 0.8762879544504759,
      "fcf_margin_change": 0.006064386587135345
    },
    {
      "date": "2021-12-31T00:00:00",
      "quarter_label": "2021-12 (Q4)",
      "revenue": 266876000,
      "gross_profit": null,
      "operating_income": 30677000,
      "net_income": 24730000,
      "opex": 236199000,
      "cogs": null,
      "rd": null,
      "sga": null,
      "fcf": 43295000,
      "ocf": 43295000,
      "capex": null,
      "gross_margin": null,
      "op_margin": 0.11494851541539891,
      "fcf_margin": 0.1622289003132541,
      "incr_op_margin_yoy": 0.1294540120881066,
      "rev_growth_yoy": 0.17394307029775705,
      "op_leverage_ratio": 1.0307387974539421,
      "fcf_margin_change": -0.015039485551120307
    },
    {
      "date": "2022-03-31T00:00:00",
      "quarter_label": "2022-03 (Q1)",
      "revenue": 287281000,
      "gross_profit": null,
      "operating_income": 35858000,
      "net_income": 27533000,
      "opex": 251423000,
      "cogs": null,
      "rd": null,
      "sga": null,
      "fcf": 39940000,
      "ocf": 39940000,
      "capex": null,
      "gross_margin": null,
      "op_margin": 0.12481855744027624,
      "fcf_margin": 0.13902764192550152,
      "incr_op_margin_yoy": 0.1846345450299681,
      "rev_growth_yoy": 0.28798992136151286,
      "rev_growth_yoy_accel": 0.11404685106375581,
      "op_leverage_ratio": 1.1862503640928,
      "fcf_margin_change": -0.023201258387752582
    },
    {
      "date": "2022-06-30T00:00:00",
      "quarter_label": "2022-06 (Q2)",
      "revenue": 329565000,
      "gross_profit": null,
      "operating_income": 40937000,
      "net_income": 31661000,
      "opex": 288628000,
      "cogs": null,
      "rd": null,
      "sga": null,
      "fcf": 58730000,
      "ocf": 58730000,
      "capex": null,
      "gross_margin": null,
      "op_margin": 0.1242152534401408,
      "fcf_margin": 0.1782046030373371,
      "incr_op_margin_yoy": 0.1278687849428045,
      "rev_growth_yoy": 0.4178375680814999,
      "rev_growth_yoy_accel": 0.12984764671998705,
      "op_leverage_ratio": 0.9946558827360668,
      "fcf_margin_change": 0.03917696111183558
    },
    {
      "date": "2022-09-30T00:00:00",
      "quarter_label": "2022-09 (Q3)",
      "revenue": 324448000,
      "gross_profit": null,
      "operating_income": 33766000,
      "net_income": 25646000,
      "opex": 290682000,
      "cogs": null,
      "rd": null,
      "sga": null,
      "fcf": 64551000,
      "ocf": 64551000,
      "capex": null,
      "gross_margin": null,
      "op_margin": 0.10407214715455174,
      "fcf_margin": 0.19895638129993096,
      "incr_op_margin_yoy": 0.07202602230483271,
      "rev_growth_yoy": 0.29118115249920407,
      "rev_growth_yoy_accel": -0.12665641558229584,
      "fcf_margin_change": 0.020751778262593862
    },
    {
      "date": "2022-12-31T00:00:00",
      "quarter_label": "2022-12 (Q4)",
      "revenue": 322584000,
      "gross_profit": null,
      "operating_income": 32783000,
      "net_income": 25514000,
      "opex": 289801000,
      "cogs": null,
      "rd": null,
      "sga": null,
      "fcf": 56268000,
      "ocf": 56268000,
      "capex": null,
      "gross_margin": null,
      "op_margin": 0.1016262430870719,
      "fcf_margin": 0.17442898593854625,
      "incr_op_margin_yoy": 0.037804265096575,
      "rev_growth_yoy": 0.2087411382065079,
      "rev_growth_yoy_accel": -0.08244001429269618,
      "fcf_margin_change": -0.024527395361384707
    },
    {
      "date": "2023-03-31T00:00:00",
      "quarter_label": "2023-03 (Q1)",
      "revenue": 298023000,
      "gross_profit": null,
      "operating_income": 29010000,
      "net_income": 22502000,
      "opex": 269013000,
      "cogs": null,
      "rd": null,
      "sga": null,
      "fcf": 49232000,
      "ocf": 49232000,
      "capex": null,
      "gross_margin": null,
      "op_margin": 0.09734148035554303,
      "fcf_margin": 0.1651953037181694,
      "incr_op_margin_yoy": -0.6374976726866506,
      "rev_growth_yoy": 0.03739196118086473,
      "rev_growth_yoy_accel": -0.17134917702564317,
      "fcf_margin_change": -0.009233682220376849
    },
    {
      "date": "2023-06-30T00:00:00",
      "quarter_label": "2023-06 (Q2)",
      "revenue": 285672000,
      "gross_profit": null,
      "operating_income": 28213000,
      "net_income": 21874000,
      "opex": 257459000,
      "cogs": null,
      "rd": null,
      "sga": null,
      "fcf": 48969000,
      "ocf": 48969000,
      "capex": null,
      "gross_margin": null,
      "op_margin": 0.09876011649724159,
      "fcf_margin": 0.1714168696967151,
      "incr_op_margin_yoy": 0.28988677010001596,
      "rev_growth_yoy": -0.13318465249647263,
      "rev_growth_yoy_accel": -0.17057661367733734,
      "fcf_margin_change": 0.006221565978545701
    },
    {
      "date": "2023-09-30T00:00:00",
      "quarter_label": "2023-09 (Q3)",
      "revenue": 279538000,
      "gross_profit": null,
      "operating_income": 17230000,
      "net_income": 13598000,
      "opex": 262308000,
      "cogs": null,
      "rd": null,
      "sga": null,
      "fcf": 28132000,
      "ocf": 28132000,
      "capex": null,
      "gross_margin": null,
      "op_margin": 0.06163741602215084,
      "fcf_margin": 0.10063748041411186,
      "incr_op_margin_yoy": 0.36820307281229125,
      "rev_growth_yoy": -0.13841971594831837,
      "rev_growth_yoy_accel": -0.0052350634518457395,
      "fcf_margin_change": -0.07077938928260324
    },
    {
      "date": "2023-12-31T00:00:00",
      "quarter_label": "2023-12 (Q4)",
      "revenue": 268222000,
      "gross_profit": null,
      "operating_income": 15657000,
      "net_income": 12399000,
      "opex": 252565000,
      "cogs": null,
      "rd": null,
      "sga": null,
      "fcf": 38045000,
      "ocf": 38045000,
      "capex": null,
      "gross_margin": null,
      "op_margin": 0.05837328779891284,
      "fcf_margin": 0.1418414596863792,
      "incr_op_margin_yoy": 0.31503623854898644,
      "rev_growth_yoy": -0.16852044738734717,
      "rev_growth_yoy_accel": -0.030100731439028805,
      "fcf_margin_change": 0.04120397927226735
    },
    {
      "date": "2024-03-31T00:00:00",
      "quarter_label": "2024-03 (Q1)",
      "revenue": 249672000,
      "gross_profit": null,
      "operating_income": 12250000,
      "net_income": 9646000,
      "opex": 237422000,
      "cogs": null,
      "rd": null,
      "sga": null,
      "fcf": 45722000,
      "ocf": 45722000,
      "capex": null,
      "gross_margin": null,
      "op_margin": 0.04906437245666314,
      "fcf_margin": 0.18312826428273896,
      "incr_op_margin_yoy": 0.34663192074621,
      "rev_growth_yoy": -0.16223915603829234,
      "rev_growth_yoy_accel": 0.006281291349054835,
      "fcf_margin_change": 0.04128680459635975
    },
    {
      "date": "2024-06-30T00:00:00",
      "quarter_label": "2024-06 (Q2)",
      "revenue": 246238000,
      "gross_profit": null,
      "operating_income": 9974000,
      "net_income": 7889000,
      "opex": 236264000,
      "cogs": null,
      "rd": null,
      "sga": null,
      "fcf": 35821000,
      "ocf": 35821000,
      "capex": null,
      "gross_margin": null,
      "op_margin": 0.040505527172897765,
      "fcf_margin": 0.14547307889115407,
      "incr_op_margin_yoy": 0.46251965309124105,
      "rev_growth_yoy": -0.13803942983561568,
      "rev_growth_yoy_accel": 0.024199726202676658,
      "fcf_margin_change": -0.03765518539158488
    },
    {
      "date": "2024-09-30T00:00:00",
      "quarter_label": "2024-09 (Q3)",
      "revenue": 237366000,
      "gross_profit": null,
      "operating_income": 4269000,
      "net_income": 3754000,
      "opex": 233097000,
      "cogs": null,
      "rd": null,
      "sga": null,
      "fcf": 29478000,
      "ocf": 29478000,
      "capex": null,
      "gross_margin": null,
      "op_margin": 0.017984884103030764,
      "fcf_margin": 0.1241879628927479,
      "incr_op_margin_yoy": 0.30733662145499385,
      "rev_growth_yoy": -0.15086321001080355,
      "rev_growth_yoy_accel": -0.012823780175187871,
      "fcf_margin_change": -0.02128511599840617
    },
    {
      "date": "2024-12-31T00:00:00",
      "quarter_label": "2024-12 (Q4)",
      "revenue": 230432000,
      "gross_profit": null,
      "operating_income": 6727000,
      "net_income": 5633000,
      "opex": 223705000,
      "cogs": null,
      "rd": null,
      "sga": null,
      "fcf": 23793000,
      "ocf": 23793000,
      "capex": null,
      "gross_margin": null,
      "op_margin": 0.029192994028607137,
      "fcf_margin": 0.10325388834884044,
      "incr_op_margin_yoy": 0.23630590103201904,
      "rev_growth_yoy": -0.1408907546733676,
      "rev_growth_yoy_accel": 0.00997245533743596,
      "fcf_margin_change": -0.020934074543907458
    },
    {
      "date": "2025-03-31T00:00:00",
      "quarter_label": "2025-03 (Q1)",
      "revenue": 223152000,
      "gross_profit": null,
      "operating_income": 5859000,
      "net_income": 4335000,
      "opex": 217293000,
      "cogs": null,
      "rd": null,
      "sga": null,
      "fcf": 36215000,
      "ocf": 36215000,
      "capex": null,
      "gross_margin": null,
      "op_margin": 0.02625564637556464,
      "fcf_margin": 0.16228848497884849,
      "incr_op_margin_yoy": 0.24098793363499246,
      "rev_growth_yoy": -0.10621935980005767,
      "rev_growth_yoy_accel": 0.03467139487330992,
      "fcf_margin_change": 0.05903459663000804
    },
    {
      "date": "2025-06-30T00:00:00",
      "quarter_label": "2025-06 (Q2)",
      "revenue": 229922000,
      "gross_profit": null,
      "operating_income": 9734000,
      "net_income": 7186000,
      "opex": 220188000,
      "cogs": null,
      "rd": null,
      "sga": null,
      "fcf": 33153000,
      "ocf": 33153000,
      "capex": null,
      "gross_margin": null,
      "op_margin": 0.0423360965892781,
      "fcf_margin": 0.14419237828480963,
      "incr_op_margin_yoy": 0.014709487619514587,
      "rev_growth_yoy": -0.0662610969874674,
      "rev_growth_yoy_accel": 0.03995826281259027,
      "op_leverage_ratio": 2.2771154659887487,
      "fcf_margin_change": -0.018096106694038855
    },
    {
      "date": "2025-09-30T00:00:00",
      "quarter_label": "2025-09 (Q3)",
      "revenue": 220470000,
      "gross_profit": null,
      "operating_income": 2738000,
      "net_income": 2226000,
      "opex": 217732000,
      "cogs": null,
      "rd": null,
      "sga": null,
      "fcf": 18538000,
      "ocf": 18538000,
      "capex": null,
      "gross_margin": null,
      "op_margin": 0.012418923209506962,
      "fcf_margin": 0.08408400235859755,
      "incr_op_margin_yoy": 0.09061316287878787,
      "rev_growth_yoy": -0.07118121382169308,
      "rev_growth_yoy_accel": -0.004920116834225677,
      "fcf_margin_change": -0.060108375926212085
    }
  ],
  "signals": [
    {
      "quarter": "2025-06 (Q2)",
      "signal": "OPERATING LEVERAGE",
      "detail": "Rev growth +3.0% vs OpEx growth +1.3% (leverage: 2.3x)",
      "severity": "MEDIUM"
    },
    {
      "quarter": "2025-03 (Q1)",
      "signal": "FCF MARGIN EXPANSION",
      "detail": "FCF margin: +10.3% -> +16.2% (+5.9%)",
      "severity": "MEDIUM"
    },
    {
      "quarter": "2025-03 (Q1)",
      "signal": "INCREMENTAL MARGIN (YoY)",
      "detail": "YoY Incr OPM: +24.1% vs year-ago OPM: +4.9%",
      "severity": "MEDIUM"
    },
    {
      "quarter": "2024-12 (Q4)",
      "signal": "INCREMENTAL MARGIN (YoY)",
      "detail": "YoY Incr OPM: +23.6% vs year-ago OPM: +5.8%",
      "severity": "MEDIUM"
    },
    {
      "quarter": "2024-09 (Q3)",
      "signal": "INCREMENTAL MARGIN (YoY)",
      "detail": "YoY Incr OPM: +30.7% vs year-ago OPM: +6.2%",
      "severity": "HIGH"
    },
    {
      "quarter": "2024-06 (Q2)",
      "signal": "INCREMENTAL MARGIN (YoY)",
      "detail": "YoY Incr OPM: +46.3% vs year-ago OPM: +9.9%",
      "severity": "HIGH"
    },
    {
      "quarter": "2024-03 (Q1)",
      "signal": "INCREMENTAL MARGIN (YoY)",
      "detail": "YoY Incr OPM: +34.7% vs year-ago OPM: +9.7%",
      "severity": "HIGH"
    },
    {
      "quarter": "2023-12 (Q4)",
      "signal": "INCREMENTAL MARGIN (YoY)",
      "detail": "YoY Incr OPM: +31.5% vs year-ago OPM: +10.2%",
      "severity": "HIGH"
    },
    {
      "quarter": "2023-09 (Q3)",
      "signal": "INCREMENTAL MARGIN (YoY)",
      "detail": "YoY Incr OPM: +36.8% vs year-ago OPM: +10.4%",
      "severity": "HIGH"
    },
    {
      "quarter": "2023-06 (Q2)",
      "signal": "YoY REVENUE GROWTH DECELERATION",
      "detail": "YoY growth: -13.3% vs prior quarter YoY: +3.7% (decel: -17.1%)",
      "severity": "WARNING"
    },
    {
      "quarter": "2023-06 (Q2)",
      "signal": "INCREMENTAL MARGIN (YoY)",
      "detail": "YoY Incr OPM: +29.0% vs year-ago OPM: +12.4%",
      "severity": "MEDIUM"
    },
    {
      "quarter": "2023-03 (Q1)",
      "signal": "YoY REVENUE GROWTH DECELERATION",
      "detail": "YoY growth: +3.7% vs prior quarter YoY: +20.9% (decel: -17.1%)",
      "severity": "WARNING"
    },
    {
      "quarter": "2022-12 (Q4)",
      "signal": "YoY REVENUE GROWTH DECELERATION",
      "detail": "YoY growth: +20.9% vs prior quarter YoY: +29.1% (decel: -8.2%)",
      "severity": "WARNING"
    },
    {
      "quarter": "2022-09 (Q3)",
      "signal": "YoY REVENUE GROWTH DECELERATION",
      "detail": "YoY growth: +29.1% vs prior quarter YoY: +41.8% (decel: -12.7%)",
      "severity": "WARNING"
    },
    {
      "quarter": "2022-06 (Q2)",
      "signal": "YoY REVENUE GROWTH ACCELERATION",
      "detail": "YoY growth: +41.8% vs prior quarter YoY: +28.8% (accel: +13.0%)",
      "severity": "MEDIUM"
    },
    {
      "quarter": "2022-03 (Q1)",
      "signal": "YoY REVENUE GROWTH ACCELERATION",
      "detail": "YoY growth: +28.8% vs prior quarter YoY: +17.4% (accel: +11.4%)",
      "severity": "MEDIUM"
    },
    {
      "quarter": "2021-06 (Q2)",
      "signal": "OPERATING LEVERAGE",
      "detail": "Rev growth +4.2% vs OpEx growth +2.4% (leverage: 1.7x)",
      "severity": "MEDIUM"
    }
  ],
  "data_quality": {
    "n_quarters": 20,
    "coverage": {
      "revenue": [
        20,
        20
      ],
      "gross_profit": [
        0,
        20
      ],
      "op_income": [
        20,
        20
      ],
      "fcf": [
        20,
        20
      ]
    },
    "gaps": [],
    "warnings": [
      "gross_profit: no data"
    ]
  },
  "market_cap": null,
  "source": "SEC EDGAR",
  "last_updated": "2026-02-02T22:00:57.419714"
}