{
  "ticker": "MS-PK",
  "name": "Morgan Stanley",
  "quarters": [
    {
      "date": "2010-12-31T00:00:00",
      "quarter_label": "2010-12 (Q4)",
      "revenue": 7807000000,
      "gross_profit": null,
      "operating_income": null,
      "net_income": null,
      "opex": null,
      "cogs": null,
      "rd": null,
      "sga": null,
      "fcf": null,
      "ocf": null,
      "capex": null,
      "gross_margin": null,
      "op_margin": null,
      "fcf_margin": null
    },
    {
      "date": "2011-03-31T00:00:00",
      "quarter_label": "2011-03 (Q1)",
      "revenue": 7574000000,
      "gross_profit": null,
      "operating_income": null,
      "net_income": null,
      "opex": null,
      "cogs": null,
      "rd": null,
      "sga": null,
      "fcf": null,
      "ocf": null,
      "capex": null,
      "gross_margin": null,
      "op_margin": null,
      "fcf_margin": null
    },
    {
      "date": "2011-06-30T00:00:00",
      "quarter_label": "2011-06 (Q2)",
      "revenue": 9282000000,
      "gross_profit": null,
      "operating_income": null,
      "net_income": null,
      "opex": null,
      "cogs": null,
      "rd": null,
      "sga": null,
      "fcf": null,
      "ocf": null,
      "capex": null,
      "gross_margin": null,
      "op_margin": null,
      "fcf_margin": null
    },
    {
      "date": "2011-09-30T00:00:00",
      "quarter_label": "2011-09 (Q3)",
      "revenue": 9892000000,
      "gross_profit": null,
      "operating_income": null,
      "net_income": null,
      "opex": null,
      "cogs": null,
      "rd": null,
      "sga": null,
      "fcf": null,
      "ocf": null,
      "capex": null,
      "gross_margin": null,
      "op_margin": null,
      "fcf_margin": null
    },
    {
      "date": "2011-12-31T00:00:00",
      "quarter_label": "2011-12 (Q4)",
      "revenue": 5709000000,
      "gross_profit": null,
      "operating_income": null,
      "net_income": null,
      "opex": null,
      "cogs": null,
      "rd": null,
      "sga": null,
      "fcf": null,
      "ocf": null,
      "capex": null,
      "gross_margin": null,
      "op_margin": null,
      "fcf_margin": null,
      "rev_growth_yoy": -0.2687331881644678
    },
    {
      "date": "2012-03-31T00:00:00",
      "quarter_label": "2012-03 (Q1)",
      "revenue": 6935000000,
      "gross_profit": null,
      "operating_income": null,
      "net_income": null,
      "opex": null,
      "cogs": null,
      "rd": null,
      "sga": null,
      "fcf": null,
      "ocf": null,
      "capex": null,
      "gross_margin": null,
      "op_margin": null,
      "fcf_margin": null,
      "rev_growth_yoy": -0.08436757327700026,
      "rev_growth_yoy_accel": 0.18436561488746753
    },
    {
      "date": "2012-06-30T00:00:00",
      "quarter_label": "2012-06 (Q2)",
      "revenue": 6953000000,
      "gross_profit": null,
      "operating_income": null,
      "net_income": null,
      "opex": null,
      "cogs": null,
      "rd": null,
      "sga": null,
      "fcf": null,
      "ocf": null,
      "capex": null,
      "gross_margin": null,
      "op_margin": null,
      "fcf_margin": null,
      "rev_growth_yoy": -0.2509157509157509,
      "rev_growth_yoy_accel": -0.16654817763875066
    },
    {
      "date": "2012-09-30T00:00:00",
      "quarter_label": "2012-09 (Q3)",
      "revenue": 5289000000,
      "gross_profit": null,
      "operating_income": null,
      "net_income": null,
      "opex": null,
      "cogs": null,
      "rd": null,
      "sga": null,
      "fcf": null,
      "ocf": null,
      "capex": null,
      "gross_margin": null,
      "op_margin": null,
      "fcf_margin": null,
      "rev_growth_yoy": -0.4653255155681359,
      "rev_growth_yoy_accel": -0.21440976465238498
    },
    {
      "date": "2012-12-31T00:00:00",
      "quarter_label": "2012-12 (Q4)",
      "revenue": 6966000000,
      "gross_profit": null,
      "operating_income": null,
      "net_income": null,
      "opex": null,
      "cogs": null,
      "rd": null,
      "sga": null,
      "fcf": null,
      "ocf": null,
      "capex": null,
      "gross_margin": null,
      "op_margin": null,
      "fcf_margin": null,
      "rev_growth_yoy": 0.22017866526537047,
      "rev_growth_yoy_accel": 0.6855041808335064
    },
    {
      "date": "2013-03-31T00:00:00",
      "quarter_label": "2013-03 (Q1)",
      "revenue": 8158000000,
      "gross_profit": null,
      "operating_income": null,
      "net_income": null,
      "opex": null,
      "cogs": null,
      "rd": null,
      "sga": null,
      "fcf": null,
      "ocf": null,
      "capex": null,
      "gross_margin": null,
      "op_margin": null,
      "fcf_margin": null,
      "rev_growth_yoy": 0.17635183850036049,
      "rev_growth_yoy_accel": -0.043826826765009985
    },
    {
      "date": "2013-06-30T00:00:00",
      "quarter_label": "2013-06 (Q2)",
      "revenue": 8503000000,
      "gross_profit": null,
      "operating_income": null,
      "net_income": null,
      "opex": null,
      "cogs": null,
      "rd": null,
      "sga": null,
      "fcf": null,
      "ocf": null,
      "capex": null,
      "gross_margin": null,
      "op_margin": null,
      "fcf_margin": null,
      "rev_growth_yoy": 0.2229253559614555,
      "rev_growth_yoy_accel": 0.046573517461095004
    },
    {
      "date": "2013-09-30T00:00:00",
      "quarter_label": "2013-09 (Q3)",
      "revenue": 7932000000,
      "gross_profit": null,
      "operating_income": null,
      "net_income": null,
      "opex": null,
      "cogs": null,
      "rd": null,
      "sga": null,
      "fcf": null,
      "ocf": null,
      "capex": null,
      "gross_margin": null,
      "op_margin": null,
      "fcf_margin": null,
      "rev_growth_yoy": 0.49971639251276234,
      "rev_growth_yoy_accel": 0.2767910365513069
    },
    {
      "date": "2013-12-31T00:00:00",
      "quarter_label": "2013-12 (Q4)",
      "revenue": 7830000000,
      "gross_profit": null,
      "operating_income": null,
      "net_income": null,
      "opex": null,
      "cogs": null,
      "rd": null,
      "sga": null,
      "fcf": null,
      "ocf": null,
      "capex": null,
      "gross_margin": null,
      "op_margin": null,
      "fcf_margin": null,
      "rev_growth_yoy": 0.12403100775193798,
      "rev_growth_yoy_accel": -0.37568538476082436
    },
    {
      "date": "2014-03-31T00:00:00",
      "quarter_label": "2014-03 (Q1)",
      "revenue": 8929000000,
      "gross_profit": null,
      "operating_income": null,
      "net_income": null,
      "opex": null,
      "cogs": null,
      "rd": null,
      "sga": null,
      "fcf": null,
      "ocf": null,
      "capex": null,
      "gross_margin": null,
      "op_margin": null,
      "fcf_margin": null,
      "rev_growth_yoy": 0.09450845795538122,
      "rev_growth_yoy_accel": -0.02952254979655676
    },
    {
      "date": "2014-06-30T00:00:00",
      "quarter_label": "2014-06 (Q2)",
      "revenue": 8608000000,
      "gross_profit": null,
      "operating_income": null,
      "net_income": null,
      "opex": null,
      "cogs": null,
      "rd": null,
      "sga": null,
      "fcf": null,
      "ocf": null,
      "capex": null,
      "gross_margin": null,
      "op_margin": null,
      "fcf_margin": null,
      "rev_growth_yoy": 0.012348582853110667,
      "rev_growth_yoy_accel": -0.08215987510227056
    },
    {
      "date": "2014-09-30T00:00:00",
      "quarter_label": "2014-09 (Q3)",
      "revenue": 8907000000,
      "gross_profit": null,
      "operating_income": null,
      "net_income": null,
      "opex": null,
      "cogs": null,
      "rd": null,
      "sga": null,
      "fcf": null,
      "ocf": null,
      "capex": null,
      "gross_margin": null,
      "op_margin": null,
      "fcf_margin": null,
      "rev_growth_yoy": 0.1229198184568835,
      "rev_growth_yoy_accel": 0.11057123560377284
    },
    {
      "date": "2014-12-31T00:00:00",
      "quarter_label": "2014-12 (Q4)",
      "revenue": 7764000000,
      "gross_profit": null,
      "operating_income": null,
      "net_income": null,
      "opex": null,
      "cogs": null,
      "rd": null,
      "sga": null,
      "fcf": null,
      "ocf": null,
      "capex": null,
      "gross_margin": null,
      "op_margin": null,
      "fcf_margin": null,
      "rev_growth_yoy": -0.00842911877394636,
      "rev_growth_yoy_accel": -0.13134893723082985
    },
    {
      "date": "2015-03-31T00:00:00",
      "quarter_label": "2015-03 (Q1)",
      "revenue": 9907000000,
      "gross_profit": null,
      "operating_income": null,
      "net_income": null,
      "opex": null,
      "cogs": null,
      "rd": null,
      "sga": null,
      "fcf": null,
      "ocf": null,
      "capex": null,
      "gross_margin": null,
      "op_margin": null,
      "fcf_margin": null,
      "rev_growth_yoy": 0.10953074252435883,
      "rev_growth_yoy_accel": 0.1179598612983052
    },
    {
      "date": "2015-06-30T00:00:00",
      "quarter_label": "2015-06 (Q2)",
      "revenue": 9743000000,
      "gross_profit": null,
      "operating_income": null,
      "net_income": null,
      "opex": null,
      "cogs": null,
      "rd": null,
      "sga": null,
      "fcf": null,
      "ocf": null,
      "capex": null,
      "gross_margin": null,
      "op_margin": null,
      "fcf_margin": null,
      "rev_growth_yoy": 0.13185408921933087,
      "rev_growth_yoy_accel": 0.022323346694972032
    },
    {
      "date": "2018-03-31T00:00:00",
      "quarter_label": "2018-03 (Q1)",
      "revenue": 5910000000,
      "gross_profit": null,
      "operating_income": null,
      "net_income": null,
      "opex": null,
      "cogs": null,
      "rd": null,
      "sga": null,
      "fcf": null,
      "ocf": null,
      "capex": null,
      "gross_margin": null,
      "op_margin": null,
      "fcf_margin": null
    }
  ],
  "signals": [
    {
      "quarter": "2015-03 (Q1)",
      "signal": "YoY REVENUE GROWTH ACCELERATION",
      "detail": "YoY growth: +11.0% vs prior quarter YoY: -0.8% (accel: +11.8%)",
      "severity": "MEDIUM"
    },
    {
      "quarter": "2014-12 (Q4)",
      "signal": "YoY REVENUE GROWTH DECELERATION",
      "detail": "YoY growth: -0.8% vs prior quarter YoY: +12.3% (decel: -13.1%)",
      "severity": "WARNING"
    },
    {
      "quarter": "2014-09 (Q3)",
      "signal": "YoY REVENUE GROWTH ACCELERATION",
      "detail": "YoY growth: +12.3% vs prior quarter YoY: +1.2% (accel: +11.1%)",
      "severity": "MEDIUM"
    },
    {
      "quarter": "2014-06 (Q2)",
      "signal": "YoY REVENUE GROWTH DECELERATION",
      "detail": "YoY growth: +1.2% vs prior quarter YoY: +9.5% (decel: -8.2%)",
      "severity": "WARNING"
    },
    {
      "quarter": "2013-12 (Q4)",
      "signal": "YoY REVENUE GROWTH DECELERATION",
      "detail": "YoY growth: +12.4% vs prior quarter YoY: +50.0% (decel: -37.6%)",
      "severity": "WARNING"
    },
    {
      "quarter": "2013-09 (Q3)",
      "signal": "YoY REVENUE GROWTH ACCELERATION",
      "detail": "YoY growth: +50.0% vs prior quarter YoY: +22.3% (accel: +27.7%)",
      "severity": "HIGH"
    },
    {
      "quarter": "2012-12 (Q4)",
      "signal": "YoY REVENUE GROWTH ACCELERATION",
      "detail": "YoY growth: +22.0% vs prior quarter YoY: -46.5% (accel: +68.6%)",
      "severity": "HIGH"
    },
    {
      "quarter": "2012-09 (Q3)",
      "signal": "YoY REVENUE GROWTH DECELERATION",
      "detail": "YoY growth: -46.5% vs prior quarter YoY: -25.1% (decel: -21.4%)",
      "severity": "WARNING"
    },
    {
      "quarter": "2012-06 (Q2)",
      "signal": "YoY REVENUE GROWTH DECELERATION",
      "detail": "YoY growth: -25.1% vs prior quarter YoY: -8.4% (decel: -16.7%)",
      "severity": "WARNING"
    },
    {
      "quarter": "2012-03 (Q1)",
      "signal": "YoY REVENUE GROWTH ACCELERATION",
      "detail": "YoY growth: -8.4% vs prior quarter YoY: -26.9% (accel: +18.4%)",
      "severity": "HIGH"
    }
  ],
  "data_quality": {
    "n_quarters": 20,
    "coverage": {
      "revenue": [
        20,
        20
      ],
      "gross_profit": [
        0,
        20
      ],
      "op_income": [
        0,
        20
      ],
      "fcf": [
        0,
        20
      ]
    },
    "gaps": [
      [
        "2015-06 (Q2)",
        "2018-03 (Q1)",
        1005
      ]
    ],
    "warnings": [
      "gross_profit: no data",
      "op_income: no data",
      "fcf: no data",
      "gap: 10Q missing between 2015-06 (Q2) and 2018-03 (Q1)"
    ]
  },
  "market_cap": null,
  "source": "SEC EDGAR",
  "last_updated": "2026-02-03T00:53:10.372437",
  "sector": "Financial Services",
  "industry": "Capital Markets"
}