{
  "ticker": "MSB",
  "name": "MESABI TRUST",
  "quarters": [
    {
      "date": "2021-01-31T00:00:00",
      "quarter_label": "2021-01 (Q1)",
      "revenue": 10826164,
      "gross_profit": 9993624,
      "operating_income": null,
      "net_income": 9993624,
      "opex": null,
      "cogs": 832540,
      "rd": null,
      "sga": null,
      "fcf": 11728581,
      "ocf": 11728581,
      "capex": null,
      "gross_margin": 0.9230992621209138,
      "op_margin": null,
      "fcf_margin": 1.083355193954202
    },
    {
      "date": "2021-04-30T00:00:00",
      "quarter_label": "2021-04 (Q2)",
      "revenue": 9402651,
      "gross_profit": 8573870,
      "operating_income": null,
      "net_income": 8573870,
      "opex": null,
      "cogs": 828781,
      "rd": null,
      "sga": null,
      "fcf": 5357355,
      "ocf": 5357355,
      "capex": null,
      "gross_margin": 0.9118566668059891,
      "op_margin": null,
      "fcf_margin": 0.5697706955198061,
      "fcf_margin_change": -0.513584498434396
    },
    {
      "date": "2021-07-31T00:00:00",
      "quarter_label": "2021-07 (Q3)",
      "revenue": 27744215,
      "gross_profit": 26756030,
      "operating_income": null,
      "net_income": 26756030,
      "opex": null,
      "cogs": 988185,
      "rd": null,
      "sga": null,
      "fcf": 18257116,
      "ocf": 18257116,
      "capex": null,
      "gross_margin": 0.9643823045633116,
      "op_margin": null,
      "fcf_margin": 0.6580512730311526,
      "fcf_margin_change": 0.08828057751134655
    },
    {
      "date": "2021-10-31T00:00:00",
      "quarter_label": "2021-10 (Q4)",
      "revenue": 16358207,
      "gross_profit": 15992906,
      "operating_income": null,
      "net_income": 15992906,
      "opex": null,
      "cogs": 365301,
      "rd": null,
      "sga": null,
      "fcf": 18730695,
      "ocf": 18730695,
      "capex": null,
      "gross_margin": 0.9776686405790073,
      "op_margin": null,
      "fcf_margin": 1.1450334990870332,
      "fcf_margin_change": 0.4869822260558806
    },
    {
      "date": "2022-01-31T00:00:00",
      "quarter_label": "2022-01 (Q1)",
      "revenue": 17954717,
      "gross_profit": 17442939,
      "operating_income": null,
      "net_income": 17442939,
      "opex": null,
      "cogs": 511778,
      "rd": null,
      "sga": null,
      "fcf": 20497975,
      "ocf": 20497975,
      "capex": null,
      "gross_margin": 0.9714961811985118,
      "op_margin": null,
      "fcf_margin": 1.1416484592878853,
      "rev_growth_yoy": 0.6584560329956206,
      "fcf_margin_change": -0.0033850397991479486
    },
    {
      "date": "2022-04-30T00:00:00",
      "quarter_label": "2022-04 (Q2)",
      "revenue": 14196248,
      "gross_profit": 13595185,
      "operating_income": null,
      "net_income": 13595185,
      "opex": null,
      "cogs": 601063,
      "rd": null,
      "sga": null,
      "fcf": 13098513,
      "ocf": 13098513,
      "capex": null,
      "gross_margin": 0.9576604325311872,
      "op_margin": null,
      "fcf_margin": 0.9226742868960869,
      "rev_growth_yoy": 0.5098133494479377,
      "rev_growth_yoy_accel": -0.14864268354768295,
      "fcf_margin_change": -0.2189741723917984
    },
    {
      "date": "2022-07-31T00:00:00",
      "quarter_label": "2022-07 (Q3)",
      "revenue": -4366811,
      "gross_profit": -4857371,
      "operating_income": null,
      "net_income": -4857371,
      "opex": null,
      "cogs": 490560,
      "rd": null,
      "sga": null,
      "fcf": 1568340,
      "ocf": 1568340,
      "capex": null,
      "gross_margin": 1.1123382715670542,
      "op_margin": null,
      "fcf_margin": -0.35914996092113904,
      "rev_growth_yoy": -1.157395370530397,
      "rev_growth_yoy_accel": -1.6672087199783348,
      "fcf_margin_change": -1.281824247817226
    },
    {
      "date": "2022-10-31T00:00:00",
      "quarter_label": "2022-10 (Q4)",
      "revenue": 84681,
      "gross_profit": -413692,
      "operating_income": null,
      "net_income": -413692,
      "opex": null,
      "cogs": 498373,
      "rd": null,
      "sga": null,
      "fcf": -264198,
      "ocf": -264198,
      "capex": null,
      "gross_margin": -4.8852989454541165,
      "op_margin": null,
      "fcf_margin": -3.1199206433556523,
      "rev_growth_yoy": -0.9948233324104531,
      "rev_growth_yoy_accel": 0.16257203811994392,
      "fcf_margin_change": -2.7607706824345133
    },
    {
      "date": "2023-01-31T00:00:00",
      "quarter_label": "2023-01 (Q1)",
      "revenue": -2172144,
      "gross_profit": -3015037,
      "operating_income": null,
      "net_income": -3015037,
      "opex": null,
      "cogs": 842893,
      "rd": null,
      "sga": null,
      "fcf": -538039,
      "ocf": -538039,
      "capex": null,
      "gross_margin": 1.3880465567660338,
      "op_margin": null,
      "fcf_margin": 0.24769950795159068,
      "rev_growth_yoy": -1.1209790162663105,
      "rev_growth_yoy_accel": -0.1261556838558574,
      "fcf_margin_change": 3.367620151307243
    },
    {
      "date": "2023-04-30T00:00:00",
      "quarter_label": "2023-04 (Q2)",
      "revenue": 1848849,
      "gross_profit": 1023139,
      "operating_income": null,
      "net_income": 1023139,
      "opex": null,
      "cogs": 825710,
      "rd": null,
      "sga": null,
      "fcf": -863643,
      "ocf": -863643,
      "capex": null,
      "gross_margin": 0.553392407925147,
      "op_margin": null,
      "fcf_margin": -0.4671246813558057,
      "rev_growth_yoy": -0.8697649547965068,
      "rev_growth_yoy_accel": 0.25121406146980363,
      "fcf_margin_change": -0.7148241893073963
    },
    {
      "date": "2023-07-31T00:00:00",
      "quarter_label": "2023-07 (Q3)",
      "revenue": 9889241,
      "gross_profit": 9183340,
      "operating_income": null,
      "net_income": 9183340,
      "opex": null,
      "cogs": 705901,
      "rd": null,
      "sga": null,
      "fcf": 4648052,
      "ocf": 4648052,
      "capex": null,
      "gross_margin": 0.9286192944433248,
      "op_margin": null,
      "fcf_margin": 0.47001099477705116,
      "fcf_margin_change": 0.9371356761328569
    },
    {
      "date": "2023-10-31T00:00:00",
      "quarter_label": "2023-10 (Q4)",
      "revenue": 4896066,
      "gross_profit": 4086066,
      "operating_income": null,
      "net_income": 4086066,
      "opex": null,
      "cogs": 810000,
      "rd": null,
      "sga": null,
      "fcf": 5161806,
      "ocf": 5161806,
      "capex": null,
      "gross_margin": 0.8345610537112857,
      "op_margin": null,
      "fcf_margin": 1.0542762291194605,
      "rev_growth_yoy": 56.81776313458745,
      "fcf_margin_change": 0.5842652343424093
    },
    {
      "date": "2024-01-31T00:00:00",
      "quarter_label": "2024-01 (Q1)",
      "revenue": 6227869,
      "gross_profit": 4690791,
      "operating_income": null,
      "net_income": 4690791,
      "opex": null,
      "cogs": 1537078,
      "rd": null,
      "sga": null,
      "fcf": 5659736,
      "ocf": 5659736,
      "capex": null,
      "gross_margin": 0.7531935883686699,
      "op_margin": null,
      "fcf_margin": 0.9087756983969958,
      "fcf_margin_change": -0.14550053072246472
    },
    {
      "date": "2024-04-30T00:00:00",
      "quarter_label": "2024-04 (Q2)",
      "revenue": 6250572,
      "gross_profit": 3483785,
      "operating_income": null,
      "net_income": 3483785,
      "opex": null,
      "cogs": 2766787,
      "rd": null,
      "sga": null,
      "fcf": 2503929,
      "ocf": 2503929,
      "capex": null,
      "gross_margin": 0.5573545909078401,
      "op_margin": null,
      "fcf_margin": 0.4005919778221897,
      "rev_growth_yoy": 2.3807909677859036,
      "fcf_margin_change": -0.5081837205748061
    },
    {
      "date": "2024-07-31T00:00:00",
      "quarter_label": "2024-07 (Q3)",
      "revenue": 6489909,
      "gross_profit": 5397894,
      "operating_income": null,
      "net_income": 5397894,
      "opex": null,
      "cogs": 1092015,
      "rd": null,
      "sga": null,
      "fcf": 3805959,
      "ocf": 3805959,
      "capex": null,
      "gross_margin": 0.8317364696484958,
      "op_margin": null,
      "fcf_margin": 0.5864425834014005,
      "rev_growth_yoy": -0.3437404346804775,
      "rev_growth_yoy_accel": -2.724531402466381,
      "fcf_margin_change": 0.18585060557921085
    },
    {
      "date": "2024-10-31T00:00:00",
      "quarter_label": "2024-10 (Q4)",
      "revenue": 79001840,
      "gross_profit": 78325525,
      "operating_income": null,
      "net_income": 78325525,
      "opex": null,
      "cogs": 676315,
      "rd": null,
      "sga": null,
      "fcf": 78215023,
      "ocf": 78215023,
      "capex": null,
      "gross_margin": 0.9914392500225311,
      "op_margin": null,
      "fcf_margin": 0.9900405231068036,
      "rev_growth_yoy": 15.135779215394564,
      "rev_growth_yoy_accel": 15.47951965007504,
      "fcf_margin_change": 0.40359793970540303
    },
    {
      "date": "2025-01-31T00:00:00",
      "quarter_label": "2025-01 (Q1)",
      "revenue": 6853329,
      "gross_profit": 6067040,
      "operating_income": null,
      "net_income": 6067040,
      "opex": null,
      "cogs": 786289,
      "rd": null,
      "sga": null,
      "fcf": 9411185,
      "ocf": 9411185,
      "capex": null,
      "gross_margin": 0.8852690422420987,
      "op_margin": null,
      "fcf_margin": 1.3732282515548284,
      "rev_growth_yoy": 0.10042921583610702,
      "rev_growth_yoy_accel": -15.035349999558457,
      "fcf_margin_change": 0.38318772844802484
    },
    {
      "date": "2025-04-30T00:00:00",
      "quarter_label": "2025-04 (Q2)",
      "revenue": 4734542,
      "gross_profit": 3631208,
      "operating_income": null,
      "net_income": 3631208,
      "opex": null,
      "cogs": 1103334,
      "rd": null,
      "sga": null,
      "fcf": 2080661,
      "ocf": 2080661,
      "capex": null,
      "gross_margin": 0.7669607746641597,
      "op_margin": null,
      "fcf_margin": 0.4394640495321406,
      "rev_growth_yoy": -0.2425426025010191,
      "rev_growth_yoy_accel": -0.34297181833712614,
      "fcf_margin_change": -0.9337642020226878
    },
    {
      "date": "2025-07-31T00:00:00",
      "quarter_label": "2025-07 (Q3)",
      "revenue": 5606755,
      "gross_profit": 4743882,
      "operating_income": null,
      "net_income": 4743882,
      "opex": null,
      "cogs": 862873,
      "rd": null,
      "sga": null,
      "fcf": 4375266,
      "ocf": 4375266,
      "capex": null,
      "gross_margin": 0.84610117617053,
      "op_margin": null,
      "fcf_margin": 0.7803561953393718,
      "rev_growth_yoy": -0.13608110683832392,
      "rev_growth_yoy_accel": 0.1064614956626952,
      "fcf_margin_change": 0.34089214580723126
    },
    {
      "date": "2025-10-31T00:00:00",
      "quarter_label": "2025-10 (Q4)",
      "revenue": 3590450,
      "gross_profit": 2767463,
      "operating_income": null,
      "net_income": 2767463,
      "opex": null,
      "cogs": 822987,
      "rd": null,
      "sga": null,
      "fcf": 3517133,
      "ocf": 3517133,
      "capex": null,
      "gross_margin": 0.77078444206158,
      "op_margin": null,
      "fcf_margin": 0.9795799969363171,
      "rev_growth_yoy": -0.9545523243509265,
      "rev_growth_yoy_accel": -0.8184712175126025,
      "fcf_margin_change": 0.1992238015969453
    }
  ],
  "signals": [
    {
      "quarter": "2025-10 (Q4)",
      "signal": "FCF MARGIN EXPANSION",
      "detail": "FCF margin: +78.0% -> +98.0% (+19.9%)",
      "severity": "MEDIUM"
    },
    {
      "quarter": "2025-10 (Q4)",
      "signal": "YoY REVENUE GROWTH DECELERATION",
      "detail": "YoY growth: -95.5% vs prior quarter YoY: -13.6% (decel: -81.8%)",
      "severity": "WARNING"
    },
    {
      "quarter": "2025-07 (Q3)",
      "signal": "FCF MARGIN EXPANSION",
      "detail": "FCF margin: +43.9% -> +78.0% (+34.1%)",
      "severity": "MEDIUM"
    },
    {
      "quarter": "2025-07 (Q3)",
      "signal": "GROSS MARGIN INFLECTION",
      "detail": "GM: +88.5% -> +76.7% -> +84.6% (reversal +7.9%)",
      "severity": "HIGH"
    },
    {
      "quarter": "2025-07 (Q3)",
      "signal": "YoY REVENUE GROWTH ACCELERATION",
      "detail": "YoY growth: -13.6% vs prior quarter YoY: -24.3% (accel: +10.6%)",
      "severity": "MEDIUM"
    },
    {
      "quarter": "2025-04 (Q2)",
      "signal": "YoY REVENUE GROWTH DECELERATION",
      "detail": "YoY growth: -24.3% vs prior quarter YoY: +10.0% (decel: -34.3%)",
      "severity": "WARNING"
    },
    {
      "quarter": "2025-01 (Q1)",
      "signal": "FCF MARGIN EXPANSION",
      "detail": "FCF margin: +99.0% -> +137.3% (+38.3%)",
      "severity": "MEDIUM"
    },
    {
      "quarter": "2025-01 (Q1)",
      "signal": "YoY REVENUE GROWTH DECELERATION",
      "detail": "YoY growth: +10.0% vs prior quarter YoY: +1513.6% (decel: -1503.5%)",
      "severity": "WARNING"
    },
    {
      "quarter": "2024-10 (Q4)",
      "signal": "FCF MARGIN EXPANSION",
      "detail": "FCF margin: +58.6% -> +99.0% (+40.4%)",
      "severity": "MEDIUM"
    },
    {
      "quarter": "2024-10 (Q4)",
      "signal": "YoY REVENUE GROWTH ACCELERATION",
      "detail": "YoY growth: +1513.6% vs prior quarter YoY: -34.4% (accel: +1548.0%)",
      "severity": "HIGH"
    },
    {
      "quarter": "2024-07 (Q3)",
      "signal": "FCF MARGIN EXPANSION",
      "detail": "FCF margin: +40.1% -> +58.6% (+18.6%)",
      "severity": "MEDIUM"
    },
    {
      "quarter": "2024-07 (Q3)",
      "signal": "GROSS MARGIN INFLECTION",
      "detail": "GM: +75.3% -> +55.7% -> +83.2% (reversal +27.4%)",
      "severity": "HIGH"
    },
    {
      "quarter": "2024-07 (Q3)",
      "signal": "YoY REVENUE GROWTH DECELERATION",
      "detail": "YoY growth: -34.4% vs prior quarter YoY: +238.1% (decel: -272.5%)",
      "severity": "WARNING"
    },
    {
      "quarter": "2023-10 (Q4)",
      "signal": "FCF MARGIN EXPANSION",
      "detail": "FCF margin: +47.0% -> +105.4% (+58.4%)",
      "severity": "MEDIUM"
    },
    {
      "quarter": "2023-07 (Q3)",
      "signal": "FCF TURNED POSITIVE",
      "detail": "FCF margin: -46.7% -> +47.0%",
      "severity": "HIGH"
    },
    {
      "quarter": "2023-07 (Q3)",
      "signal": "GROSS MARGIN INFLECTION",
      "detail": "GM: +138.8% -> +55.3% -> +92.9% (reversal +37.5%)",
      "severity": "HIGH"
    },
    {
      "quarter": "2023-04 (Q2)",
      "signal": "YoY REVENUE GROWTH ACCELERATION",
      "detail": "YoY growth: -87.0% vs prior quarter YoY: -112.1% (accel: +25.1%)",
      "severity": "HIGH"
    },
    {
      "quarter": "2023-01 (Q1)",
      "signal": "FCF TURNED POSITIVE",
      "detail": "FCF margin: -312.0% -> +24.8%",
      "severity": "HIGH"
    },
    {
      "quarter": "2023-01 (Q1)",
      "signal": "GROSS MARGIN INFLECTION",
      "detail": "GM: +111.2% -> -488.5% -> +138.8% (reversal +627.3%)",
      "severity": "HIGH"
    },
    {
      "quarter": "2023-01 (Q1)",
      "signal": "YoY REVENUE GROWTH DECELERATION",
      "detail": "YoY growth: -112.1% vs prior quarter YoY: -99.5% (decel: -12.6%)",
      "severity": "WARNING"
    },
    {
      "quarter": "2022-10 (Q4)",
      "signal": "YoY REVENUE GROWTH ACCELERATION",
      "detail": "YoY growth: -99.5% vs prior quarter YoY: -115.7% (accel: +16.3%)",
      "severity": "HIGH"
    },
    {
      "quarter": "2022-07 (Q3)",
      "signal": "GROSS MARGIN INFLECTION",
      "detail": "GM: +97.1% -> +95.8% -> +111.2% (reversal +15.5%)",
      "severity": "HIGH"
    },
    {
      "quarter": "2022-07 (Q3)",
      "signal": "YoY REVENUE GROWTH DECELERATION",
      "detail": "YoY growth: -115.7% vs prior quarter YoY: +51.0% (decel: -166.7%)",
      "severity": "WARNING"
    },
    {
      "quarter": "2022-04 (Q2)",
      "signal": "YoY REVENUE GROWTH DECELERATION",
      "detail": "YoY growth: +51.0% vs prior quarter YoY: +65.8% (decel: -14.9%)",
      "severity": "WARNING"
    },
    {
      "quarter": "2021-10 (Q4)",
      "signal": "FCF MARGIN EXPANSION",
      "detail": "FCF margin: +65.8% -> +114.5% (+48.7%)",
      "severity": "MEDIUM"
    },
    {
      "quarter": "2021-07 (Q3)",
      "signal": "FCF MARGIN EXPANSION",
      "detail": "FCF margin: +57.0% -> +65.8% (+8.8%)",
      "severity": "MEDIUM"
    },
    {
      "quarter": "2021-07 (Q3)",
      "signal": "GROSS MARGIN INFLECTION",
      "detail": "GM: +92.3% -> +91.2% -> +96.4% (reversal +5.3%)",
      "severity": "HIGH"
    }
  ],
  "data_quality": {
    "n_quarters": 20,
    "coverage": {
      "revenue": [
        20,
        20
      ],
      "gross_profit": [
        20,
        20
      ],
      "op_income": [
        0,
        20
      ],
      "fcf": [
        20,
        20
      ]
    },
    "gaps": [],
    "warnings": [
      "op_income: no data"
    ]
  },
  "market_cap": null,
  "source": "SEC EDGAR",
  "last_updated": "2026-02-02T22:30:02.840246",
  "sector": "Basic Materials",
  "industry": "Steel"
}