{
  "ticker": "MSEXP",
  "name": "MIDDLESEX WATER COMPANY",
  "quarters": [
    {
      "date": "2020-12-31T00:00:00",
      "quarter_label": "2020-12 (Q4)",
      "revenue": 34589000,
      "gross_profit": null,
      "operating_income": 8331000,
      "net_income": 8307000,
      "opex": 26295000,
      "cogs": null,
      "rd": null,
      "sga": null,
      "fcf": -18769000,
      "ocf": 16065000,
      "capex": -34834000,
      "gross_margin": null,
      "op_margin": 0.24085691983000376,
      "fcf_margin": -0.5426291595593975
    },
    {
      "date": "2021-03-31T00:00:00",
      "quarter_label": "2021-03 (Q1)",
      "revenue": 32504000,
      "gross_profit": null,
      "operating_income": 5634000,
      "net_income": 6907000,
      "opex": 26907000,
      "cogs": null,
      "rd": null,
      "sga": null,
      "fcf": -12591000,
      "ocf": 9442000,
      "capex": -22033000,
      "gross_margin": null,
      "op_margin": 0.17333251292148658,
      "fcf_margin": -0.38736770858971203,
      "fcf_margin_change": 0.15526145096968547
    },
    {
      "date": "2021-06-30T00:00:00",
      "quarter_label": "2021-06 (Q2)",
      "revenue": 36666000,
      "gross_profit": null,
      "operating_income": 9814000,
      "net_income": 10923000,
      "opex": 26887000,
      "cogs": null,
      "rd": null,
      "sga": null,
      "fcf": -19330000,
      "ocf": 5137000,
      "capex": -24467000,
      "gross_margin": null,
      "op_margin": 0.26765941198930887,
      "fcf_margin": -0.5271914034800633,
      "op_leverage_ratio": Infinity,
      "fcf_margin_change": -0.1398236948903513
    },
    {
      "date": "2021-09-30T00:00:00",
      "quarter_label": "2021-09 (Q3)",
      "revenue": 39839000,
      "gross_profit": null,
      "operating_income": 11424000,
      "net_income": 11476000,
      "opex": 28450000,
      "cogs": null,
      "rd": null,
      "sga": null,
      "fcf": -10686000,
      "ocf": 4059000,
      "capex": -14745000,
      "gross_margin": null,
      "op_margin": 0.28675418559702803,
      "fcf_margin": -0.26822962423755614,
      "op_leverage_ratio": 1.488640763630705,
      "fcf_margin_change": 0.2589617792425072
    },
    {
      "date": "2021-12-31T00:00:00",
      "quarter_label": "2021-12 (Q4)",
      "revenue": 33986000,
      "gross_profit": null,
      "operating_income": 6339000,
      "net_income": 7237000,
      "opex": 27686000,
      "cogs": null,
      "rd": null,
      "sga": null,
      "fcf": -3743000,
      "ocf": 14390000,
      "capex": -18133000,
      "gross_margin": null,
      "op_margin": 0.18651797799093744,
      "fcf_margin": -0.11013358441711293,
      "rev_growth_yoy": -0.017433288039550146,
      "fcf_margin_change": 0.1580960398204432
    },
    {
      "date": "2022-03-31T00:00:00",
      "quarter_label": "2022-03 (Q1)",
      "revenue": 36158000,
      "gross_profit": null,
      "operating_income": 12523000,
      "net_income": 12100000,
      "opex": 28905000,
      "cogs": null,
      "rd": null,
      "sga": null,
      "fcf": -2656000,
      "ocf": 13975000,
      "capex": -16631000,
      "gross_margin": null,
      "op_margin": 0.34634105868687426,
      "fcf_margin": -0.0734553902317606,
      "incr_op_margin_yoy": 1.8853311439518337,
      "rev_growth_yoy": 0.11241693330051686,
      "rev_growth_yoy_accel": 0.12985022134006702,
      "op_leverage_ratio": 1.4514974486188805,
      "fcf_margin_change": 0.03667819418535233
    },
    {
      "date": "2022-06-30T00:00:00",
      "quarter_label": "2022-06 (Q2)",
      "revenue": 39646000,
      "gross_profit": null,
      "operating_income": 10088000,
      "net_income": 8868000,
      "opex": 29595000,
      "cogs": null,
      "rd": null,
      "sga": null,
      "fcf": -9826000,
      "ocf": 12886000,
      "capex": -22712000,
      "gross_margin": null,
      "op_margin": 0.2544518993088836,
      "fcf_margin": -0.2478434142158099,
      "incr_op_margin_yoy": 0.09194630872483221,
      "rev_growth_yoy": 0.08127420498554519,
      "rev_growth_yoy_accel": -0.03114272831497167,
      "op_leverage_ratio": 4.041066142076923,
      "fcf_margin_change": -0.1743880239840493
    },
    {
      "date": "2022-09-30T00:00:00",
      "quarter_label": "2022-09 (Q3)",
      "revenue": 47696000,
      "gross_profit": null,
      "operating_income": 16575000,
      "net_income": 14291000,
      "opex": 31157000,
      "cogs": null,
      "rd": null,
      "sga": null,
      "fcf": -9216000,
      "ocf": 17380000,
      "capex": -26596000,
      "gross_margin": null,
      "op_margin": 0.34751341831600135,
      "fcf_margin": -0.19322375041932238,
      "incr_op_margin_yoy": 0.6555937380679648,
      "rev_growth_yoy": 0.19721880569291397,
      "rev_growth_yoy_accel": 0.11594460070736878,
      "op_leverage_ratio": 3.8471030398798898,
      "fcf_margin_change": 0.05461966379648753
    },
    {
      "date": "2022-12-31T00:00:00",
      "quarter_label": "2022-12 (Q4)",
      "revenue": 38793000,
      "gross_profit": null,
      "operating_income": 8147000,
      "net_income": 7171000,
      "opex": 30676000,
      "cogs": null,
      "rd": null,
      "sga": null,
      "fcf": -8276000,
      "ocf": 17120000,
      "capex": -25396000,
      "gross_margin": null,
      "op_margin": 0.21001211558786378,
      "fcf_margin": -0.21333745778877633,
      "incr_op_margin_yoy": 0.3761181610151862,
      "rev_growth_yoy": 0.1414405931854293,
      "rev_growth_yoy_accel": -0.05577821250748469,
      "fcf_margin_change": -0.020113707369453948
    },
    {
      "date": "2023-03-31T00:00:00",
      "quarter_label": "2023-03 (Q1)",
      "revenue": 38156000,
      "gross_profit": null,
      "operating_income": 7490000,
      "net_income": 5868000,
      "opex": 30666000,
      "cogs": null,
      "rd": null,
      "sga": null,
      "fcf": -8545000,
      "ocf": 15970000,
      "capex": -24515000,
      "gross_margin": null,
      "op_margin": 0.19629940245308733,
      "fcf_margin": -0.22394905126323514,
      "incr_op_margin_yoy": -2.519019019019019,
      "rev_growth_yoy": 0.05525748105536811,
      "rev_growth_yoy_accel": -0.08618311213006118,
      "fcf_margin_change": -0.010611593474458808
    },
    {
      "date": "2023-06-30T00:00:00",
      "quarter_label": "2023-06 (Q2)",
      "revenue": 42801000,
      "gross_profit": null,
      "operating_income": 10669000,
      "net_income": 9901000,
      "opex": 32132000,
      "cogs": null,
      "rd": null,
      "sga": null,
      "fcf": -12803000,
      "ocf": 13317000,
      "capex": -26120000,
      "gross_margin": null,
      "op_margin": 0.2492698768720357,
      "fcf_margin": -0.2991285250344618,
      "incr_op_margin_yoy": 0.18415213946117273,
      "rev_growth_yoy": 0.07957927659789134,
      "rev_growth_yoy_accel": 0.024321795542523228,
      "op_leverage_ratio": 2.5465138305630353,
      "fcf_margin_change": -0.07517947377122666
    },
    {
      "date": "2023-09-30T00:00:00",
      "quarter_label": "2023-09 (Q3)",
      "revenue": 46715000,
      "gross_profit": null,
      "operating_income": 12822000,
      "net_income": 9990000,
      "opex": 33893000,
      "cogs": null,
      "rd": null,
      "sga": null,
      "fcf": -11740000,
      "ocf": 10699000,
      "capex": -22439000,
      "gross_margin": null,
      "op_margin": 0.27447286738734883,
      "fcf_margin": -0.2513111420314674,
      "rev_growth_yoy": -0.020567762495806777,
      "rev_growth_yoy_accel": -0.10014703909369811,
      "op_leverage_ratio": 1.668573368496793,
      "fcf_margin_change": 0.047817383002994374
    },
    {
      "date": "2023-12-31T00:00:00",
      "quarter_label": "2023-12 (Q4)",
      "revenue": 38602000,
      "gross_profit": null,
      "operating_income": 8242000,
      "net_income": 5765000,
      "opex": 30359000,
      "cogs": null,
      "rd": null,
      "sga": null,
      "fcf": -4309000,
      "ocf": 12796000,
      "capex": -17105000,
      "gross_margin": null,
      "op_margin": 0.21351225325112688,
      "fcf_margin": -0.11162634060411378,
      "rev_growth_yoy": -0.004923568685072049,
      "rev_growth_yoy_accel": 0.01564419381073473,
      "fcf_margin_change": 0.13968480142735365
    },
    {
      "date": "2024-03-31T00:00:00",
      "quarter_label": "2024-03 (Q1)",
      "revenue": 40524000,
      "gross_profit": null,
      "operating_income": 9865000,
      "net_income": 10682000,
      "opex": 30659000,
      "cogs": null,
      "rd": null,
      "sga": null,
      "fcf": -7737000,
      "ocf": 6652000,
      "capex": -14389000,
      "gross_margin": null,
      "op_margin": 0.24343598854999507,
      "fcf_margin": -0.19092389694995557,
      "incr_op_margin_yoy": 1.0029560810810811,
      "rev_growth_yoy": 0.0620610126847678,
      "rev_growth_yoy_accel": 0.06698458136983984,
      "op_leverage_ratio": 5.0385988636167385,
      "fcf_margin_change": -0.07929755634584179
    },
    {
      "date": "2024-06-30T00:00:00",
      "quarter_label": "2024-06 (Q2)",
      "revenue": 49146000,
      "gross_profit": null,
      "operating_income": 15315000,
      "net_income": 10546000,
      "opex": 33831000,
      "cogs": null,
      "rd": null,
      "sga": null,
      "fcf": -3121000,
      "ocf": 11227000,
      "capex": -14348000,
      "gross_margin": null,
      "op_margin": 0.3116225125137346,
      "fcf_margin": -0.06350465958572417,
      "incr_op_margin_yoy": 0.7322301024428683,
      "rev_growth_yoy": 0.14824419990187146,
      "rev_growth_yoy_accel": 0.08618318721710366,
      "op_leverage_ratio": 2.056461193796325,
      "fcf_margin_change": 0.12741923736423139
    },
    {
      "date": "2024-09-30T00:00:00",
      "quarter_label": "2024-09 (Q3)",
      "revenue": 55100000,
      "gross_profit": null,
      "operating_income": 17501000,
      "net_income": 14319000,
      "opex": 37599000,
      "cogs": null,
      "rd": null,
      "sga": null,
      "fcf": -1287000,
      "ocf": 19456000,
      "capex": -20743000,
      "gross_margin": null,
      "op_margin": 0.3176225045372051,
      "fcf_margin": -0.023357531760435573,
      "incr_op_margin_yoy": 0.5580202742993441,
      "rev_growth_yoy": 0.17949266830782404,
      "rev_growth_yoy_accel": 0.03124846840595258,
      "op_leverage_ratio": 1.087738736861259,
      "fcf_margin_change": 0.04014712782528859
    },
    {
      "date": "2024-12-31T00:00:00",
      "quarter_label": "2024-12 (Q4)",
      "revenue": 47107000,
      "gross_profit": null,
      "operating_income": 10529000,
      "net_income": 8804000,
      "opex": 36578000,
      "cogs": null,
      "rd": null,
      "sga": null,
      "fcf": -3747000,
      "ocf": 21395000,
      "capex": -25142000,
      "gross_margin": null,
      "op_margin": 0.22351242915065703,
      "fcf_margin": -0.07954231855138302,
      "incr_op_margin_yoy": 0.26890064667842445,
      "rev_growth_yoy": 0.22032537174239678,
      "rev_growth_yoy_accel": 0.04083270343457274,
      "fcf_margin_change": -0.05618478679094745
    },
    {
      "date": "2025-03-31T00:00:00",
      "quarter_label": "2025-03 (Q1)",
      "revenue": 44267000,
      "gross_profit": null,
      "operating_income": 11557000,
      "net_income": 9479000,
      "opex": 32744000,
      "cogs": null,
      "rd": null,
      "sga": null,
      "fcf": 13782000,
      "ocf": 13782000,
      "capex": null,
      "gross_margin": null,
      "op_margin": 0.26107484130390585,
      "fcf_margin": 0.3113380170330043,
      "incr_op_margin_yoy": 0.4520438151215602,
      "rev_growth_yoy": 0.09236501826078374,
      "rev_growth_yoy_accel": -0.12796035348161305,
      "fcf_margin_change": 0.3908803355843873
    },
    {
      "date": "2025-06-30T00:00:00",
      "quarter_label": "2025-06 (Q2)",
      "revenue": 49291000,
      "gross_profit": null,
      "operating_income": 13912000,
      "net_income": 10778000,
      "opex": 35411000,
      "cogs": null,
      "rd": null,
      "sga": null,
      "fcf": 18304000,
      "ocf": 18304000,
      "capex": null,
      "gross_margin": null,
      "op_margin": 0.28224219431539227,
      "fcf_margin": 0.37134568176746263,
      "rev_growth_yoy": 0.002950392707443129,
      "rev_growth_yoy_accel": -0.08941462555334061,
      "op_leverage_ratio": 1.3934078602973101,
      "fcf_margin_change": 0.060007664734458344
    },
    {
      "date": "2025-09-30T00:00:00",
      "quarter_label": "2025-09 (Q3)",
      "revenue": 54091000,
      "gross_profit": null,
      "operating_income": 17703000,
      "net_income": 13958000,
      "opex": 36388000,
      "cogs": null,
      "rd": null,
      "sga": null,
      "fcf": 12048000,
      "ocf": 12048000,
      "capex": null,
      "gross_margin": null,
      "op_margin": 0.32728180288772624,
      "fcf_margin": 0.2227357601079662,
      "incr_op_margin_yoy": -0.2001982160555005,
      "rev_growth_yoy": -0.018312159709618876,
      "rev_growth_yoy_accel": -0.021262552417062004,
      "op_leverage_ratio": 3.52953291179675,
      "fcf_margin_change": -0.14860992165949644
    }
  ],
  "signals": [
    {
      "quarter": "2025-09 (Q3)",
      "signal": "OPERATING LEVERAGE",
      "detail": "Rev growth +9.7% vs OpEx growth +2.8% (leverage: 3.5x)",
      "severity": "MEDIUM"
    },
    {
      "quarter": "2025-06 (Q2)",
      "signal": "FCF MARGIN EXPANSION",
      "detail": "FCF margin: +31.1% -> +37.1% (+6.0%)",
      "severity": "MEDIUM"
    },
    {
      "quarter": "2025-06 (Q2)",
      "signal": "YoY REVENUE GROWTH DECELERATION",
      "detail": "YoY growth: +0.3% vs prior quarter YoY: +9.2% (decel: -8.9%)",
      "severity": "WARNING"
    },
    {
      "quarter": "2025-03 (Q1)",
      "signal": "FCF TURNED POSITIVE",
      "detail": "FCF margin: -8.0% -> +31.1%",
      "severity": "HIGH"
    },
    {
      "quarter": "2025-03 (Q1)",
      "signal": "YoY REVENUE GROWTH DECELERATION",
      "detail": "YoY growth: +9.2% vs prior quarter YoY: +22.0% (decel: -12.8%)",
      "severity": "WARNING"
    },
    {
      "quarter": "2025-03 (Q1)",
      "signal": "INCREMENTAL MARGIN (YoY)",
      "detail": "YoY Incr OPM: +45.2% vs year-ago OPM: +24.3%",
      "severity": "HIGH"
    },
    {
      "quarter": "2024-09 (Q3)",
      "signal": "INCREMENTAL MARGIN (YoY)",
      "detail": "YoY Incr OPM: +55.8% vs year-ago OPM: +27.4%",
      "severity": "HIGH"
    },
    {
      "quarter": "2024-06 (Q2)",
      "signal": "FCF MARGIN EXPANSION",
      "detail": "FCF margin: -19.1% -> -6.4% (+12.7%)",
      "severity": "MEDIUM"
    },
    {
      "quarter": "2024-06 (Q2)",
      "signal": "OPERATING LEVERAGE",
      "detail": "Rev growth +21.3% vs OpEx growth +10.3% (leverage: 2.1x)",
      "severity": "MEDIUM"
    },
    {
      "quarter": "2024-06 (Q2)",
      "signal": "YoY REVENUE GROWTH ACCELERATION",
      "detail": "YoY growth: +14.8% vs prior quarter YoY: +6.2% (accel: +8.6%)",
      "severity": "MEDIUM"
    },
    {
      "quarter": "2024-06 (Q2)",
      "signal": "INCREMENTAL MARGIN (YoY)",
      "detail": "YoY Incr OPM: +73.2% vs year-ago OPM: +24.9%",
      "severity": "HIGH"
    },
    {
      "quarter": "2024-03 (Q1)",
      "signal": "OPERATING LEVERAGE",
      "detail": "Rev growth +5.0% vs OpEx growth +1.0% (leverage: 5.0x)",
      "severity": "MEDIUM"
    },
    {
      "quarter": "2024-03 (Q1)",
      "signal": "YoY REVENUE GROWTH ACCELERATION",
      "detail": "YoY growth: +6.2% vs prior quarter YoY: -0.5% (accel: +6.7%)",
      "severity": "MEDIUM"
    },
    {
      "quarter": "2024-03 (Q1)",
      "signal": "INCREMENTAL MARGIN (YoY)",
      "detail": "YoY Incr OPM: +100.3% vs year-ago OPM: +19.6%",
      "severity": "HIGH"
    },
    {
      "quarter": "2023-12 (Q4)",
      "signal": "FCF MARGIN EXPANSION",
      "detail": "FCF margin: -25.1% -> -11.2% (+14.0%)",
      "severity": "MEDIUM"
    },
    {
      "quarter": "2023-09 (Q3)",
      "signal": "OPERATING LEVERAGE",
      "detail": "Rev growth +9.1% vs OpEx growth +5.5% (leverage: 1.7x)",
      "severity": "MEDIUM"
    },
    {
      "quarter": "2023-09 (Q3)",
      "signal": "YoY REVENUE GROWTH DECELERATION",
      "detail": "YoY growth: -2.1% vs prior quarter YoY: +8.0% (decel: -10.0%)",
      "severity": "WARNING"
    },
    {
      "quarter": "2023-06 (Q2)",
      "signal": "OPERATING LEVERAGE",
      "detail": "Rev growth +12.2% vs OpEx growth +4.8% (leverage: 2.5x)",
      "severity": "MEDIUM"
    },
    {
      "quarter": "2023-03 (Q1)",
      "signal": "YoY REVENUE GROWTH DECELERATION",
      "detail": "YoY growth: +5.5% vs prior quarter YoY: +14.1% (decel: -8.6%)",
      "severity": "WARNING"
    },
    {
      "quarter": "2022-12 (Q4)",
      "signal": "YoY REVENUE GROWTH DECELERATION",
      "detail": "YoY growth: +14.1% vs prior quarter YoY: +19.7% (decel: -5.6%)",
      "severity": "WARNING"
    },
    {
      "quarter": "2022-12 (Q4)",
      "signal": "INCREMENTAL MARGIN (YoY)",
      "detail": "YoY Incr OPM: +37.6% vs year-ago OPM: +18.7%",
      "severity": "MEDIUM"
    },
    {
      "quarter": "2022-09 (Q3)",
      "signal": "FCF MARGIN EXPANSION",
      "detail": "FCF margin: -24.8% -> -19.3% (+5.5%)",
      "severity": "MEDIUM"
    },
    {
      "quarter": "2022-09 (Q3)",
      "signal": "OPERATING LEVERAGE",
      "detail": "Rev growth +20.3% vs OpEx growth +5.3% (leverage: 3.8x)",
      "severity": "MEDIUM"
    },
    {
      "quarter": "2022-09 (Q3)",
      "signal": "YoY REVENUE GROWTH ACCELERATION",
      "detail": "YoY growth: +19.7% vs prior quarter YoY: +8.1% (accel: +11.6%)",
      "severity": "MEDIUM"
    },
    {
      "quarter": "2022-09 (Q3)",
      "signal": "INCREMENTAL MARGIN (YoY)",
      "detail": "YoY Incr OPM: +65.6% vs year-ago OPM: +28.7%",
      "severity": "HIGH"
    },
    {
      "quarter": "2022-06 (Q2)",
      "signal": "OPERATING LEVERAGE",
      "detail": "Rev growth +9.6% vs OpEx growth +2.4% (leverage: 4.0x)",
      "severity": "MEDIUM"
    },
    {
      "quarter": "2022-03 (Q1)",
      "signal": "YoY REVENUE GROWTH ACCELERATION",
      "detail": "YoY growth: +11.2% vs prior quarter YoY: -1.7% (accel: +13.0%)",
      "severity": "MEDIUM"
    },
    {
      "quarter": "2022-03 (Q1)",
      "signal": "INCREMENTAL MARGIN (YoY)",
      "detail": "YoY Incr OPM: +188.5% vs year-ago OPM: +17.3%",
      "severity": "HIGH"
    },
    {
      "quarter": "2021-12 (Q4)",
      "signal": "FCF MARGIN EXPANSION",
      "detail": "FCF margin: -26.8% -> -11.0% (+15.8%)",
      "severity": "MEDIUM"
    },
    {
      "quarter": "2021-09 (Q3)",
      "signal": "FCF MARGIN EXPANSION",
      "detail": "FCF margin: -52.7% -> -26.8% (+25.9%)",
      "severity": "MEDIUM"
    },
    {
      "quarter": "2021-03 (Q1)",
      "signal": "FCF MARGIN EXPANSION",
      "detail": "FCF margin: -54.3% -> -38.7% (+15.5%)",
      "severity": "MEDIUM"
    }
  ],
  "data_quality": {
    "n_quarters": 20,
    "coverage": {
      "revenue": [
        20,
        20
      ],
      "gross_profit": [
        0,
        20
      ],
      "op_income": [
        20,
        20
      ],
      "fcf": [
        20,
        20
      ]
    },
    "gaps": [],
    "warnings": [
      "gross_profit: no data"
    ]
  },
  "market_cap": null,
  "source": "SEC EDGAR",
  "last_updated": "2026-02-03T01:07:48.846946"
}