{
  "ticker": "MSGE",
  "name": "MADISON SQUARE GARDEN ENTERTAINMENT CORP.",
  "sector": "Consumer Cyclical",
  "industry": "Leisure",
  "quarters": [
    {
      "date": "2022-03-31T00:00:00",
      "quarter_label": "2022-03 (Q1)",
      "revenue": 193988000,
      "gross_profit": null,
      "operating_income": 15821000,
      "net_income": -3930000,
      "opex": null,
      "cogs": null,
      "rd": null,
      "sga": 47027000,
      "fcf": null,
      "ocf": null,
      "capex": null,
      "gross_margin": null,
      "op_margin": 0.08155659112934821,
      "fcf_margin": null
    },
    {
      "date": "2022-06-30T00:00:00",
      "quarter_label": "2022-06 (Q2)",
      "revenue": 178340000,
      "gross_profit": null,
      "operating_income": -5538000,
      "net_income": -71404000,
      "opex": null,
      "cogs": null,
      "rd": null,
      "sga": 38407000,
      "fcf": 35013000,
      "ocf": 35013000,
      "capex": null,
      "gross_margin": null,
      "op_margin": -0.031053044745990806,
      "fcf_margin": 0.1963272401031737
    },
    {
      "date": "2022-09-30T00:00:00",
      "quarter_label": "2022-09 (Q3)",
      "revenue": 146452000,
      "gross_profit": null,
      "operating_income": -11309000,
      "net_income": -17902000,
      "opex": null,
      "cogs": null,
      "rd": null,
      "sga": 40114000,
      "fcf": -57326000,
      "ocf": -57326000,
      "capex": null,
      "gross_margin": null,
      "op_margin": -0.07721983994755961,
      "fcf_margin": -0.3914320050255374,
      "fcf_margin_change": -0.587759245128711
    },
    {
      "date": "2022-12-31T00:00:00",
      "quarter_label": "2022-12 (Q4)",
      "revenue": 355880000,
      "gross_profit": null,
      "operating_income": 113443000,
      "net_income": 97262000,
      "opex": null,
      "cogs": null,
      "rd": null,
      "sga": 43301000,
      "fcf": 126662000,
      "ocf": 126662000,
      "capex": null,
      "gross_margin": null,
      "op_margin": 0.3187675620995841,
      "fcf_margin": 0.35591210520400135,
      "fcf_margin_change": 0.7473441102295387
    },
    {
      "date": "2023-03-31T00:00:00",
      "quarter_label": "2023-03 (Q1)",
      "revenue": 201229000,
      "gross_profit": null,
      "operating_income": 24664000,
      "net_income": 21720000,
      "opex": null,
      "cogs": null,
      "rd": null,
      "sga": 44122000,
      "fcf": 63005000,
      "ocf": 63005000,
      "capex": null,
      "gross_margin": null,
      "op_margin": 0.12256682684901282,
      "fcf_margin": 0.31310099438947664,
      "incr_op_margin_yoy": 1.2212401601988676,
      "rev_growth_yoy": 0.037327051157803576,
      "fcf_margin_change": -0.04281111081452471
    },
    {
      "date": "2023-06-30T00:00:00",
      "quarter_label": "2023-06 (Q2)",
      "revenue": 147935000,
      "gross_profit": null,
      "operating_income": -21790000,
      "net_income": -24483000,
      "opex": null,
      "cogs": null,
      "rd": null,
      "sga": 52679000,
      "fcf": 3353000,
      "ocf": 3353000,
      "capex": null,
      "gross_margin": null,
      "op_margin": -0.14729441984655423,
      "fcf_margin": 0.022665359786392673,
      "incr_op_margin_yoy": 0.5345173491202105,
      "rev_growth_yoy": -0.17048895368397443,
      "rev_growth_yoy_accel": -0.207816004841778,
      "fcf_margin_change": -0.29043563460308397
    },
    {
      "date": "2023-09-30T00:00:00",
      "quarter_label": "2023-09 (Q3)",
      "revenue": 142212000,
      "gross_profit": null,
      "operating_income": -33425000,
      "net_income": -50671000,
      "opex": null,
      "cogs": null,
      "rd": null,
      "sga": 48822000,
      "fcf": 1378000,
      "ocf": 1378000,
      "capex": null,
      "gross_margin": null,
      "op_margin": -0.23503642449301043,
      "fcf_margin": 0.009689758951424633,
      "incr_op_margin_yoy": 5.216037735849056,
      "rev_growth_yoy": -0.028951465326523367,
      "rev_growth_yoy_accel": 0.14153748835745106,
      "fcf_margin_change": -0.01297560083496804
    },
    {
      "date": "2023-12-31T00:00:00",
      "quarter_label": "2023-12 (Q4)",
      "revenue": 402666000,
      "gross_profit": null,
      "operating_income": 137423000,
      "net_income": 125249000,
      "opex": null,
      "cogs": null,
      "rd": null,
      "sga": 48389000,
      "fcf": 103854000,
      "ocf": 103854000,
      "capex": null,
      "gross_margin": null,
      "op_margin": 0.34128284980604273,
      "fcf_margin": 0.25791598992713566,
      "incr_op_margin_yoy": 0.5125464882657205,
      "rev_growth_yoy": 0.1314656625828931,
      "rev_growth_yoy_accel": 0.16041712790941648,
      "fcf_margin_change": 0.24822623097571103
    },
    {
      "date": "2024-03-31T00:00:00",
      "quarter_label": "2024-03 (Q1)",
      "revenue": 228313000,
      "gross_profit": null,
      "operating_income": 16803000,
      "net_income": 2795000,
      "opex": null,
      "cogs": null,
      "rd": null,
      "sga": 53945000,
      "fcf": 5822000,
      "ocf": 5822000,
      "capex": null,
      "gross_margin": null,
      "op_margin": 0.07359633485609668,
      "fcf_margin": 0.025500081029113542,
      "incr_op_margin_yoy": -0.29024516319598287,
      "rev_growth_yoy": 0.13459292646686113,
      "rev_growth_yoy_accel": 0.003127263883968029,
      "fcf_margin_change": -0.2324159088980221
    },
    {
      "date": "2024-06-30T00:00:00",
      "quarter_label": "2024-06 (Q2)",
      "revenue": 186074000,
      "gross_profit": null,
      "operating_income": -8860000,
      "net_income": 66927000,
      "opex": null,
      "cogs": null,
      "rd": null,
      "sga": 55807000,
      "fcf": 212000,
      "ocf": 212000,
      "capex": null,
      "gross_margin": null,
      "op_margin": -0.047615464815073574,
      "fcf_margin": 0.0011393316637466815,
      "incr_op_margin_yoy": 0.3390230472744435,
      "rev_growth_yoy": 0.2578091729475783,
      "rev_growth_yoy_accel": 0.12321624648071719,
      "fcf_margin_change": -0.02436074936536686
    },
    {
      "date": "2024-09-30T00:00:00",
      "quarter_label": "2024-09 (Q3)",
      "revenue": 138714000,
      "gross_profit": null,
      "operating_income": -18482000,
      "net_income": -19321000,
      "opex": null,
      "cogs": null,
      "rd": null,
      "sga": 45746000,
      "fcf": -27359000,
      "ocf": -27359000,
      "capex": null,
      "gross_margin": null,
      "op_margin": -0.13323817350808137,
      "fcf_margin": -0.19723315599002264,
      "incr_op_margin_yoy": -4.2718696397941684,
      "rev_growth_yoy": -0.024597080415154838,
      "rev_growth_yoy_accel": -0.2824062533627332,
      "fcf_margin_change": -0.19837248765376933
    },
    {
      "date": "2024-12-31T00:00:00",
      "quarter_label": "2024-12 (Q4)",
      "revenue": 407417000,
      "gross_profit": null,
      "operating_income": 139001000,
      "net_income": 75893000,
      "opex": null,
      "cogs": null,
      "rd": null,
      "sga": 57189000,
      "fcf": 112858000,
      "ocf": 112858000,
      "capex": null,
      "gross_margin": null,
      "op_margin": 0.34117623957763177,
      "fcf_margin": 0.27700856861642986,
      "incr_op_margin_yoy": 0.33214060197853085,
      "rev_growth_yoy": 0.011798860594140056,
      "rev_growth_yoy_accel": 0.03639594100929489,
      "fcf_margin_change": 0.47424172460645253
    },
    {
      "date": "2025-03-31T00:00:00",
      "quarter_label": "2025-03 (Q1)",
      "revenue": 242465000,
      "gross_profit": null,
      "operating_income": 27327000,
      "net_income": 8036000,
      "opex": null,
      "cogs": null,
      "rd": null,
      "sga": 52112000,
      "fcf": 56809000,
      "ocf": 56809000,
      "capex": null,
      "gross_margin": null,
      "op_margin": 0.11270492648423484,
      "fcf_margin": 0.23429773369352278,
      "incr_op_margin_yoy": 0.743640474844545,
      "rev_growth_yoy": 0.061985081883204195,
      "rev_growth_yoy_accel": 0.05018622128906414,
      "fcf_margin_change": -0.04271083492290709
    },
    {
      "date": "2025-06-30T00:00:00",
      "quarter_label": "2025-06 (Q2)",
      "revenue": 154138000,
      "gross_profit": null,
      "operating_income": -25754000,
      "net_income": -27177000,
      "opex": null,
      "cogs": null,
      "rd": null,
      "sga": 59927000,
      "fcf": -27011000,
      "ocf": -27011000,
      "capex": null,
      "gross_margin": null,
      "op_margin": -0.16708404157313575,
      "fcf_margin": -0.17523907148139978,
      "incr_op_margin_yoy": 0.528995490981964,
      "rev_growth_yoy": -0.17163064157270763,
      "rev_growth_yoy_accel": -0.23361572345591183,
      "fcf_margin_change": -0.4095368051749225
    },
    {
      "date": "2025-09-30T00:00:00",
      "quarter_label": "2025-09 (Q3)",
      "revenue": 158262000,
      "gross_profit": null,
      "operating_income": -29739000,
      "net_income": -21654000,
      "opex": null,
      "cogs": null,
      "rd": null,
      "sga": 56585000,
      "fcf": 19808000,
      "ocf": 19808000,
      "capex": null,
      "gross_margin": null,
      "op_margin": -0.18790992152253858,
      "fcf_margin": 0.12515954556368553,
      "incr_op_margin_yoy": -0.5758645385717209,
      "rev_growth_yoy": 0.14092305030494398,
      "rev_growth_yoy_accel": 0.3125536918776516,
      "fcf_margin_change": 0.3003986170450853
    },
    {
      "date": "2025-12-31T00:00:00",
      "quarter_label": "2025-12 (Q4)",
      "revenue": 459940000,
      "gross_profit": null,
      "operating_income": 163815000,
      "net_income": 92715000,
      "opex": null,
      "cogs": null,
      "rd": null,
      "sga": 68359000,
      "fcf": 164386000,
      "ocf": 164386000,
      "capex": null,
      "gross_margin": null,
      "op_margin": 0.3561660216549985,
      "fcf_margin": 0.3574074879332087,
      "incr_op_margin_yoy": 0.4724406450507397,
      "rev_growth_yoy": 0.12891705549842053,
      "rev_growth_yoy_accel": -0.012005994806523451,
      "fcf_margin_change": 0.23224794236952317
    }
  ],
  "signals": [
    {
      "quarter": "2025-12 (Q4)",
      "signal": "FCF MARGIN EXPANSION",
      "detail": "FCF margin: +12.5% -> +35.7% (+23.2%)",
      "severity": "MEDIUM"
    },
    {
      "quarter": "2025-12 (Q4)",
      "signal": "INCREMENTAL MARGIN (YoY)",
      "detail": "YoY Incr OPM: +47.2% vs year-ago OPM: +34.1%",
      "severity": "MEDIUM"
    },
    {
      "quarter": "2025-12 (Q4)",
      "signal": "OP MARGIN TURNED POSITIVE (QoQ)",
      "detail": "Op margin: -18.8% -> +35.6%",
      "severity": "HIGH"
    },
    {
      "quarter": "2025-09 (Q3)",
      "signal": "FCF TURNED POSITIVE",
      "detail": "FCF margin: -17.5% -> +12.5%",
      "severity": "HIGH"
    },
    {
      "quarter": "2025-09 (Q3)",
      "signal": "YoY REVENUE GROWTH ACCELERATION",
      "detail": "YoY growth: +14.1% vs prior quarter YoY: -17.2% (accel: +31.3%)",
      "severity": "HIGH"
    },
    {
      "quarter": "2025-06 (Q2)",
      "signal": "YoY REVENUE GROWTH DECELERATION",
      "detail": "YoY growth: -17.2% vs prior quarter YoY: +6.2% (decel: -23.4%)",
      "severity": "WARNING"
    },
    {
      "quarter": "2025-03 (Q1)",
      "signal": "YoY REVENUE GROWTH ACCELERATION",
      "detail": "YoY growth: +6.2% vs prior quarter YoY: +1.2% (accel: +5.0%)",
      "severity": "MEDIUM"
    },
    {
      "quarter": "2025-03 (Q1)",
      "signal": "INCREMENTAL MARGIN (YoY)",
      "detail": "YoY Incr OPM: +74.4% vs year-ago OPM: +7.4%",
      "severity": "HIGH"
    },
    {
      "quarter": "2024-12 (Q4)",
      "signal": "FCF TURNED POSITIVE",
      "detail": "FCF margin: -19.7% -> +27.7%",
      "severity": "HIGH"
    },
    {
      "quarter": "2024-12 (Q4)",
      "signal": "OP MARGIN TURNED POSITIVE (QoQ)",
      "detail": "Op margin: -13.3% -> +34.1%",
      "severity": "HIGH"
    },
    {
      "quarter": "2024-09 (Q3)",
      "signal": "YoY REVENUE GROWTH DECELERATION",
      "detail": "YoY growth: -2.5% vs prior quarter YoY: +25.8% (decel: -28.2%)",
      "severity": "WARNING"
    },
    {
      "quarter": "2024-06 (Q2)",
      "signal": "YoY REVENUE GROWTH ACCELERATION",
      "detail": "YoY growth: +25.8% vs prior quarter YoY: +13.5% (accel: +12.3%)",
      "severity": "MEDIUM"
    },
    {
      "quarter": "2023-12 (Q4)",
      "signal": "FCF MARGIN EXPANSION",
      "detail": "FCF margin: +1.0% -> +25.8% (+24.8%)",
      "severity": "MEDIUM"
    },
    {
      "quarter": "2023-12 (Q4)",
      "signal": "YoY REVENUE GROWTH ACCELERATION",
      "detail": "YoY growth: +13.1% vs prior quarter YoY: -2.9% (accel: +16.0%)",
      "severity": "HIGH"
    },
    {
      "quarter": "2023-12 (Q4)",
      "signal": "INCREMENTAL MARGIN (YoY)",
      "detail": "YoY Incr OPM: +51.3% vs year-ago OPM: +31.9%",
      "severity": "MEDIUM"
    },
    {
      "quarter": "2023-12 (Q4)",
      "signal": "OP MARGIN TURNED POSITIVE (QoQ)",
      "detail": "Op margin: -23.5% -> +34.1%",
      "severity": "HIGH"
    },
    {
      "quarter": "2023-09 (Q3)",
      "signal": "YoY REVENUE GROWTH ACCELERATION",
      "detail": "YoY growth: -2.9% vs prior quarter YoY: -17.0% (accel: +14.2%)",
      "severity": "MEDIUM"
    },
    {
      "quarter": "2023-06 (Q2)",
      "signal": "YoY REVENUE GROWTH DECELERATION",
      "detail": "YoY growth: -17.0% vs prior quarter YoY: +3.7% (decel: -20.8%)",
      "severity": "WARNING"
    },
    {
      "quarter": "2023-03 (Q1)",
      "signal": "INCREMENTAL MARGIN (YoY)",
      "detail": "YoY Incr OPM: +122.1% vs year-ago OPM: +8.2%",
      "severity": "HIGH"
    },
    {
      "quarter": "2022-12 (Q4)",
      "signal": "FCF TURNED POSITIVE",
      "detail": "FCF margin: -39.1% -> +35.6%",
      "severity": "HIGH"
    },
    {
      "quarter": "2022-12 (Q4)",
      "signal": "OP MARGIN TURNED POSITIVE (QoQ)",
      "detail": "Op margin: -7.7% -> +31.9%",
      "severity": "HIGH"
    }
  ],
  "data_quality": {
    "n_quarters": 16,
    "coverage": {
      "revenue": [
        16,
        16
      ],
      "gross_profit": [
        0,
        16
      ],
      "op_income": [
        16,
        16
      ],
      "fcf": [
        15,
        16
      ]
    },
    "gaps": [],
    "warnings": [
      "gross_profit: no data"
    ]
  },
  "market_cap": null,
  "source": "SEC EDGAR",
  "last_updated": "2026-02-09T19:08:55.473044"
}