{
  "ticker": "MSGS",
  "name": "MADISON SQUARE GARDEN SPORTS CORP.",
  "quarters": [
    {
      "date": "2020-12-31T00:00:00",
      "quarter_label": "2020-12 (Q4)",
      "revenue": 28771000,
      "gross_profit": null,
      "operating_income": -38406000,
      "net_income": -40625000,
      "opex": null,
      "cogs": null,
      "rd": null,
      "sga": 48909000,
      "fcf": 35791000,
      "ocf": 35852000,
      "capex": -61000,
      "gross_margin": null,
      "op_margin": -1.3348858225296305,
      "fcf_margin": 1.2439956901046192
    },
    {
      "date": "2021-03-31T00:00:00",
      "quarter_label": "2021-03 (Q1)",
      "revenue": 183010000,
      "gross_profit": null,
      "operating_income": 8124000,
      "net_income": 5468000,
      "opex": null,
      "cogs": null,
      "rd": null,
      "sga": 46803000,
      "fcf": -33030000,
      "ocf": -32734000,
      "capex": -296000,
      "gross_margin": null,
      "op_margin": 0.04439101688432326,
      "fcf_margin": -0.18048194087754768,
      "fcf_margin_change": -1.424477630982167
    },
    {
      "date": "2021-06-30T00:00:00",
      "quarter_label": "2021-06 (Q2)",
      "revenue": 146902000,
      "gross_profit": null,
      "operating_income": -20757000,
      "net_income": 49620000,
      "opex": null,
      "cogs": null,
      "rd": null,
      "sga": 67992000,
      "fcf": 19012000,
      "ocf": 19041000,
      "capex": -29000,
      "gross_margin": null,
      "op_margin": -0.1412982804863106,
      "fcf_margin": 0.12941961307538358,
      "fcf_margin_change": 0.3099015539529313
    },
    {
      "date": "2021-09-30T00:00:00",
      "quarter_label": "2021-09 (Q3)",
      "revenue": 18794000,
      "gross_profit": null,
      "operating_income": -34938000,
      "net_income": -16405000,
      "opex": null,
      "cogs": null,
      "rd": null,
      "sga": 43728000,
      "fcf": -19491000,
      "ocf": -19310000,
      "capex": -181000,
      "gross_margin": null,
      "op_margin": -1.8589975524103437,
      "fcf_margin": -1.037086304139619,
      "fcf_margin_change": -1.1665059172150025
    },
    {
      "date": "2021-12-31T00:00:00",
      "quarter_label": "2021-12 (Q4)",
      "revenue": 289581000,
      "gross_profit": null,
      "operating_income": 35919000,
      "net_income": 15845000,
      "opex": null,
      "cogs": null,
      "rd": null,
      "sga": 59600000,
      "fcf": 43144000,
      "ocf": 43340000,
      "capex": -196000,
      "gross_margin": null,
      "op_margin": 0.12403783397391403,
      "fcf_margin": 0.1489876752963765,
      "incr_op_margin_yoy": 0.28497756987845557,
      "rev_growth_yoy": 9.065030760140418,
      "fcf_margin_change": 1.1860739794359956
    },
    {
      "date": "2022-03-31T00:00:00",
      "quarter_label": "2022-03 (Q1)",
      "revenue": 337774000,
      "gross_profit": null,
      "operating_income": 61393000,
      "net_income": 24503000,
      "opex": null,
      "cogs": null,
      "rd": null,
      "sga": 68902000,
      "fcf": 39694000,
      "ocf": 40203000,
      "capex": -509000,
      "gross_margin": null,
      "op_margin": 0.18175762492080502,
      "fcf_margin": 0.1175164459076187,
      "incr_op_margin_yoy": 0.3441950324364839,
      "rev_growth_yoy": 0.8456587071744713,
      "rev_growth_yoy_accel": -8.219372052965946,
      "fcf_margin_change": -0.03147122938875779
    },
    {
      "date": "2022-06-30T00:00:00",
      "quarter_label": "2022-06 (Q2)",
      "revenue": 175205000,
      "gross_profit": null,
      "operating_income": 23706000,
      "net_income": 27188000,
      "opex": null,
      "cogs": null,
      "rd": null,
      "sga": 57438000,
      "fcf": 113777000,
      "ocf": 113823000,
      "capex": -46000,
      "gross_margin": null,
      "op_margin": 0.13530435775234725,
      "fcf_margin": 0.6493935675351731,
      "incr_op_margin_yoy": 1.5709642087411229,
      "rev_growth_yoy": 0.192665858871901,
      "rev_growth_yoy_accel": -0.6529928483025703,
      "fcf_margin_change": 0.5318771216275544
    },
    {
      "date": "2022-09-30T00:00:00",
      "quarter_label": "2022-09 (Q3)",
      "revenue": 24089000,
      "gross_profit": null,
      "operating_income": -35898000,
      "net_income": -17820000,
      "opex": null,
      "cogs": null,
      "rd": null,
      "sga": 55281000,
      "fcf": 1014000,
      "ocf": 1285000,
      "capex": -271000,
      "gross_margin": null,
      "op_margin": -1.4902237535804723,
      "fcf_margin": 0.042093901780895844,
      "incr_op_margin_yoy": -0.1813031161473088,
      "rev_growth_yoy": 0.2817388528253698,
      "rev_growth_yoy_accel": 0.08907299395346882,
      "fcf_margin_change": -0.6072996657542772
    },
    {
      "date": "2022-12-31T00:00:00",
      "quarter_label": "2022-12 (Q4)",
      "revenue": 353694000,
      "gross_profit": null,
      "operating_income": 51518000,
      "net_income": 22491000,
      "opex": null,
      "cogs": null,
      "rd": null,
      "sga": 75636000,
      "fcf": 29901000,
      "ocf": 30292000,
      "capex": -391000,
      "gross_margin": null,
      "op_margin": 0.14565698032762783,
      "fcf_margin": 0.08453917793346791,
      "incr_op_margin_yoy": 0.24330478998019123,
      "rev_growth_yoy": 0.22139919400789415,
      "rev_growth_yoy_accel": -0.06033965881747566,
      "fcf_margin_change": 0.04244527615257206
    },
    {
      "date": "2023-03-31T00:00:00",
      "quarter_label": "2023-03 (Q1)",
      "revenue": 382744000,
      "gross_profit": null,
      "operating_income": 81751000,
      "net_income": 52379000,
      "opex": null,
      "cogs": null,
      "rd": null,
      "sga": 61102000,
      "fcf": 82853000,
      "ocf": 83224000,
      "capex": -371000,
      "gross_margin": null,
      "op_margin": 0.21359185251760968,
      "fcf_margin": 0.21647106159730786,
      "incr_op_margin_yoy": 0.45270180120080056,
      "rev_growth_yoy": 0.13313635744610303,
      "rev_growth_yoy_accel": -0.08826283656179112,
      "fcf_margin_change": 0.13193188366383996
    },
    {
      "date": "2023-06-30T00:00:00",
      "quarter_label": "2023-06 (Q2)",
      "revenue": 126920000,
      "gross_profit": null,
      "operating_income": -12197000,
      "net_income": -9257000,
      "opex": null,
      "cogs": null,
      "rd": null,
      "sga": 57866000,
      "fcf": 37524000,
      "ocf": 37672000,
      "capex": -148000,
      "gross_margin": null,
      "op_margin": -0.09609990545225339,
      "fcf_margin": 0.29565080365584623,
      "incr_op_margin_yoy": 0.7435642539090815,
      "rev_growth_yoy": -0.2755914500156959,
      "rev_growth_yoy_accel": -0.40872780746179893,
      "fcf_margin_change": 0.07917974205853837
    },
    {
      "date": "2023-09-30T00:00:00",
      "quarter_label": "2023-09 (Q3)",
      "revenue": 43046000,
      "gross_profit": null,
      "operating_income": -14824000,
      "net_income": -18821000,
      "opex": null,
      "cogs": null,
      "rd": null,
      "sga": 53556000,
      "fcf": -54532000,
      "ocf": -54141000,
      "capex": -391000,
      "gross_margin": null,
      "op_margin": -0.34437578404497515,
      "fcf_margin": -1.266830832133067,
      "incr_op_margin_yoy": 1.1116737880466319,
      "rev_growth_yoy": 0.7869567022292333,
      "rev_growth_yoy_accel": 1.0625481522449292,
      "fcf_margin_change": -1.5624816357889133
    },
    {
      "date": "2023-12-31T00:00:00",
      "quarter_label": "2023-12 (Q4)",
      "revenue": 326898000,
      "gross_profit": null,
      "operating_income": 28817000,
      "net_income": 14224000,
      "opex": null,
      "cogs": null,
      "rd": null,
      "sga": 65066000,
      "fcf": 33285000,
      "ocf": 33884000,
      "capex": -599000,
      "gross_margin": null,
      "op_margin": 0.08815287949146217,
      "fcf_margin": 0.10182075142705065,
      "incr_op_margin_yoy": 0.8471786833855799,
      "rev_growth_yoy": -0.07576040306027244,
      "rev_growth_yoy_accel": -0.8627171052895057,
      "fcf_margin_change": 1.3686515835601176
    },
    {
      "date": "2024-03-31T00:00:00",
      "quarter_label": "2024-03 (Q1)",
      "revenue": 429954000,
      "gross_profit": null,
      "operating_income": 79742000,
      "net_income": 37877000,
      "opex": null,
      "cogs": null,
      "rd": null,
      "sga": 76398000,
      "fcf": 3943000,
      "ocf": 4037000,
      "capex": -94000,
      "gross_margin": null,
      "op_margin": 0.18546635221442292,
      "fcf_margin": 0.009170748498676603,
      "incr_op_margin_yoy": -0.042554543528913365,
      "rev_growth_yoy": 0.12334615304224233,
      "rev_growth_yoy_accel": 0.19910655610251476,
      "fcf_margin_change": -0.09265000292837404
    },
    {
      "date": "2024-06-30T00:00:00",
      "quarter_label": "2024-06 (Q2)",
      "revenue": 227251000,
      "gross_profit": null,
      "operating_income": 52303000,
      "net_income": 25491000,
      "opex": null,
      "cogs": null,
      "rd": null,
      "sga": 66413000,
      "fcf": 107984000,
      "ocf": 108351000,
      "capex": -367000,
      "gross_margin": null,
      "op_margin": 0.23015520283739124,
      "fcf_margin": 0.4751750267325556,
      "incr_op_margin_yoy": 0.6428720933709422,
      "rev_growth_yoy": 0.7905058304443744,
      "rev_growth_yoy_accel": 0.667159677402132,
      "fcf_margin_change": 0.466004278233879
    },
    {
      "date": "2024-09-30T00:00:00",
      "quarter_label": "2024-09 (Q3)",
      "revenue": 53307000,
      "gross_profit": null,
      "operating_income": -8273000,
      "net_income": -7542000,
      "opex": null,
      "cogs": null,
      "rd": null,
      "sga": 52587000,
      "fcf": -26517000,
      "ocf": -26158000,
      "capex": -359000,
      "gross_margin": null,
      "op_margin": -0.15519537771774813,
      "fcf_margin": -0.4974393606843379,
      "incr_op_margin_yoy": 0.6384367995322093,
      "rev_growth_yoy": 0.23837290340565906,
      "rev_growth_yoy_accel": -0.5521329270387153,
      "fcf_margin_change": -0.9726143874168935
    },
    {
      "date": "2024-12-31T00:00:00",
      "quarter_label": "2024-12 (Q4)",
      "revenue": 357759000,
      "gross_profit": null,
      "operating_income": 13315000,
      "net_income": 1111000,
      "opex": null,
      "cogs": null,
      "rd": null,
      "sga": 67900000,
      "fcf": 61246000,
      "ocf": 61779000,
      "capex": -533000,
      "gross_margin": null,
      "op_margin": 0.037217791865473686,
      "fcf_margin": 0.17119345704790095,
      "incr_op_margin_yoy": -0.5023168400246265,
      "rev_growth_yoy": 0.0944055944055944,
      "rev_growth_yoy_accel": -0.14396730900006466,
      "fcf_margin_change": 0.6686328177322389
    },
    {
      "date": "2025-03-31T00:00:00",
      "quarter_label": "2025-03 (Q1)",
      "revenue": 424197000,
      "gross_profit": null,
      "operating_income": 32342000,
      "net_income": -14227000,
      "opex": null,
      "cogs": null,
      "rd": null,
      "sga": 74697000,
      "fcf": 3907000,
      "ocf": 6263000,
      "capex": -2356000,
      "gross_margin": null,
      "op_margin": 0.07624287771955011,
      "fcf_margin": 0.009210343307472708,
      "incr_op_margin_yoy": 8.233454924439812,
      "rev_growth_yoy": -0.01338980449071296,
      "rev_growth_yoy_accel": -0.10779539889630736,
      "fcf_margin_change": -0.16198311374042826
    },
    {
      "date": "2025-06-30T00:00:00",
      "quarter_label": "2025-06 (Q2)",
      "revenue": 203957000,
      "gross_profit": null,
      "operating_income": -22576000,
      "net_income": -1780000,
      "opex": null,
      "cogs": null,
      "rd": null,
      "sga": 70892000,
      "fcf": 49350000,
      "ocf": 49723000,
      "capex": -373000,
      "gross_margin": null,
      "op_margin": -0.11068999838201189,
      "fcf_margin": 0.24196276666160024,
      "incr_op_margin_yoy": 3.2145187601957588,
      "rev_growth_yoy": -0.10250339932497547,
      "rev_growth_yoy_accel": -0.08911359483426251,
      "fcf_margin_change": 0.23275242335412755
    },
    {
      "date": "2025-09-30T00:00:00",
      "quarter_label": "2025-09 (Q3)",
      "revenue": 39454000,
      "gross_profit": null,
      "operating_income": -27425000,
      "net_income": -8798000,
      "opex": null,
      "cogs": null,
      "rd": null,
      "sga": 57789000,
      "fcf": -85325000,
      "ocf": -84954000,
      "capex": -371000,
      "gross_margin": null,
      "op_margin": -0.6951132964971866,
      "fcf_margin": -2.1626451056927056,
      "incr_op_margin_yoy": 1.3825164224355735,
      "rev_growth_yoy": -0.2598720618305288,
      "rev_growth_yoy_accel": -0.15736866250555331,
      "fcf_margin_change": -2.404607872354306
    }
  ],
  "signals": [
    {
      "quarter": "2025-09 (Q3)",
      "signal": "YoY REVENUE GROWTH DECELERATION",
      "detail": "YoY growth: -26.0% vs prior quarter YoY: -10.3% (decel: -15.7%)",
      "severity": "WARNING"
    },
    {
      "quarter": "2025-06 (Q2)",
      "signal": "FCF MARGIN EXPANSION",
      "detail": "FCF margin: +0.9% -> +24.2% (+23.3%)",
      "severity": "MEDIUM"
    },
    {
      "quarter": "2025-06 (Q2)",
      "signal": "YoY REVENUE GROWTH DECELERATION",
      "detail": "YoY growth: -10.3% vs prior quarter YoY: -1.3% (decel: -8.9%)",
      "severity": "WARNING"
    },
    {
      "quarter": "2025-03 (Q1)",
      "signal": "YoY REVENUE GROWTH DECELERATION",
      "detail": "YoY growth: -1.3% vs prior quarter YoY: +9.4% (decel: -10.8%)",
      "severity": "WARNING"
    },
    {
      "quarter": "2025-03 (Q1)",
      "signal": "INCREMENTAL MARGIN (YoY)",
      "detail": "YoY Incr OPM: +823.3% vs year-ago OPM: +18.5%",
      "severity": "HIGH"
    },
    {
      "quarter": "2024-12 (Q4)",
      "signal": "FCF TURNED POSITIVE",
      "detail": "FCF margin: -49.7% -> +17.1%",
      "severity": "HIGH"
    },
    {
      "quarter": "2024-12 (Q4)",
      "signal": "YoY REVENUE GROWTH DECELERATION",
      "detail": "YoY growth: +9.4% vs prior quarter YoY: +23.8% (decel: -14.4%)",
      "severity": "WARNING"
    },
    {
      "quarter": "2024-12 (Q4)",
      "signal": "OP MARGIN TURNED POSITIVE (QoQ)",
      "detail": "Op margin: -15.5% -> +3.7%",
      "severity": "HIGH"
    },
    {
      "quarter": "2024-09 (Q3)",
      "signal": "YoY REVENUE GROWTH DECELERATION",
      "detail": "YoY growth: +23.8% vs prior quarter YoY: +79.1% (decel: -55.2%)",
      "severity": "WARNING"
    },
    {
      "quarter": "2024-06 (Q2)",
      "signal": "FCF MARGIN EXPANSION",
      "detail": "FCF margin: +0.9% -> +47.5% (+46.6%)",
      "severity": "MEDIUM"
    },
    {
      "quarter": "2024-06 (Q2)",
      "signal": "YoY REVENUE GROWTH ACCELERATION",
      "detail": "YoY growth: +79.1% vs prior quarter YoY: +12.3% (accel: +66.7%)",
      "severity": "HIGH"
    },
    {
      "quarter": "2024-06 (Q2)",
      "signal": "OP MARGIN TURNED POSITIVE (YoY)",
      "detail": "Op margin: -9.6% (year-ago) -> +23.0%",
      "severity": "HIGH"
    },
    {
      "quarter": "2024-03 (Q1)",
      "signal": "YoY REVENUE GROWTH ACCELERATION",
      "detail": "YoY growth: +12.3% vs prior quarter YoY: -7.6% (accel: +19.9%)",
      "severity": "HIGH"
    },
    {
      "quarter": "2023-12 (Q4)",
      "signal": "FCF TURNED POSITIVE",
      "detail": "FCF margin: -126.7% -> +10.2%",
      "severity": "HIGH"
    },
    {
      "quarter": "2023-12 (Q4)",
      "signal": "YoY REVENUE GROWTH DECELERATION",
      "detail": "YoY growth: -7.6% vs prior quarter YoY: +78.7% (decel: -86.3%)",
      "severity": "WARNING"
    },
    {
      "quarter": "2023-12 (Q4)",
      "signal": "INCREMENTAL MARGIN (YoY)",
      "detail": "YoY Incr OPM: +84.7% vs year-ago OPM: +14.6%",
      "severity": "HIGH"
    },
    {
      "quarter": "2023-12 (Q4)",
      "signal": "OP MARGIN TURNED POSITIVE (QoQ)",
      "detail": "Op margin: -34.4% -> +8.8%",
      "severity": "HIGH"
    },
    {
      "quarter": "2023-09 (Q3)",
      "signal": "YoY REVENUE GROWTH ACCELERATION",
      "detail": "YoY growth: +78.7% vs prior quarter YoY: -27.6% (accel: +106.3%)",
      "severity": "HIGH"
    },
    {
      "quarter": "2023-06 (Q2)",
      "signal": "FCF MARGIN EXPANSION",
      "detail": "FCF margin: +21.6% -> +29.6% (+7.9%)",
      "severity": "MEDIUM"
    },
    {
      "quarter": "2023-06 (Q2)",
      "signal": "YoY REVENUE GROWTH DECELERATION",
      "detail": "YoY growth: -27.6% vs prior quarter YoY: +13.3% (decel: -40.9%)",
      "severity": "WARNING"
    },
    {
      "quarter": "2023-03 (Q1)",
      "signal": "FCF MARGIN EXPANSION",
      "detail": "FCF margin: +8.5% -> +21.6% (+13.2%)",
      "severity": "MEDIUM"
    },
    {
      "quarter": "2023-03 (Q1)",
      "signal": "YoY REVENUE GROWTH DECELERATION",
      "detail": "YoY growth: +13.3% vs prior quarter YoY: +22.1% (decel: -8.8%)",
      "severity": "WARNING"
    },
    {
      "quarter": "2023-03 (Q1)",
      "signal": "INCREMENTAL MARGIN (YoY)",
      "detail": "YoY Incr OPM: +45.3% vs year-ago OPM: +18.2%",
      "severity": "HIGH"
    },
    {
      "quarter": "2022-12 (Q4)",
      "signal": "YoY REVENUE GROWTH DECELERATION",
      "detail": "YoY growth: +22.1% vs prior quarter YoY: +28.2% (decel: -6.0%)",
      "severity": "WARNING"
    },
    {
      "quarter": "2022-12 (Q4)",
      "signal": "INCREMENTAL MARGIN (YoY)",
      "detail": "YoY Incr OPM: +24.3% vs year-ago OPM: +12.4%",
      "severity": "MEDIUM"
    },
    {
      "quarter": "2022-12 (Q4)",
      "signal": "OP MARGIN TURNED POSITIVE (QoQ)",
      "detail": "Op margin: -149.0% -> +14.6%",
      "severity": "HIGH"
    },
    {
      "quarter": "2022-09 (Q3)",
      "signal": "YoY REVENUE GROWTH ACCELERATION",
      "detail": "YoY growth: +28.2% vs prior quarter YoY: +19.3% (accel: +8.9%)",
      "severity": "MEDIUM"
    },
    {
      "quarter": "2022-06 (Q2)",
      "signal": "FCF MARGIN EXPANSION",
      "detail": "FCF margin: +11.8% -> +64.9% (+53.2%)",
      "severity": "MEDIUM"
    },
    {
      "quarter": "2022-06 (Q2)",
      "signal": "YoY REVENUE GROWTH DECELERATION",
      "detail": "YoY growth: +19.3% vs prior quarter YoY: +84.6% (decel: -65.3%)",
      "severity": "WARNING"
    },
    {
      "quarter": "2022-06 (Q2)",
      "signal": "OP MARGIN TURNED POSITIVE (YoY)",
      "detail": "Op margin: -14.1% (year-ago) -> +13.5%",
      "severity": "HIGH"
    },
    {
      "quarter": "2022-03 (Q1)",
      "signal": "YoY REVENUE GROWTH DECELERATION",
      "detail": "YoY growth: +84.6% vs prior quarter YoY: +906.5% (decel: -821.9%)",
      "severity": "WARNING"
    },
    {
      "quarter": "2022-03 (Q1)",
      "signal": "INCREMENTAL MARGIN (YoY)",
      "detail": "YoY Incr OPM: +34.4% vs year-ago OPM: +4.4%",
      "severity": "HIGH"
    },
    {
      "quarter": "2021-12 (Q4)",
      "signal": "FCF TURNED POSITIVE",
      "detail": "FCF margin: -103.7% -> +14.9%",
      "severity": "HIGH"
    },
    {
      "quarter": "2021-12 (Q4)",
      "signal": "OP MARGIN TURNED POSITIVE (YoY)",
      "detail": "Op margin: -133.5% (year-ago) -> +12.4%",
      "severity": "HIGH"
    },
    {
      "quarter": "2021-12 (Q4)",
      "signal": "OP MARGIN TURNED POSITIVE (QoQ)",
      "detail": "Op margin: -185.9% -> +12.4%",
      "severity": "HIGH"
    },
    {
      "quarter": "2021-06 (Q2)",
      "signal": "FCF TURNED POSITIVE",
      "detail": "FCF margin: -18.0% -> +12.9%",
      "severity": "HIGH"
    },
    {
      "quarter": "2021-03 (Q1)",
      "signal": "OP MARGIN TURNED POSITIVE (QoQ)",
      "detail": "Op margin: -133.5% -> +4.4%",
      "severity": "HIGH"
    }
  ],
  "data_quality": {
    "n_quarters": 20,
    "coverage": {
      "revenue": [
        20,
        20
      ],
      "gross_profit": [
        0,
        20
      ],
      "op_income": [
        20,
        20
      ],
      "fcf": [
        20,
        20
      ]
    },
    "gaps": [],
    "warnings": [
      "gross_profit: no data"
    ]
  },
  "market_cap": null,
  "source": "SEC EDGAR",
  "last_updated": "2026-02-02T20:51:52.593660"
}