{
  "ticker": "MSM",
  "name": "MSC INDUSTRIAL DIRECT CO., INC.",
  "quarters": [
    {
      "date": "2021-02-27T00:00:00",
      "quarter_label": "2021-02 (Q1)",
      "revenue": 773995000,
      "gross_profit": 294751000,
      "operating_income": 28021000,
      "net_income": 18085000,
      "opex": 245115000,
      "cogs": 479244000,
      "rd": null,
      "sga": null,
      "fcf": 3643000,
      "ocf": 15704000,
      "capex": -12061000,
      "gross_margin": 0.38081770554073346,
      "op_margin": 0.03620307624726258,
      "fcf_margin": 0.004706748751606923
    },
    {
      "date": "2021-05-29T00:00:00",
      "quarter_label": "2021-05 (Q2)",
      "revenue": 866294000,
      "gross_profit": 366471000,
      "operating_income": 128626000,
      "net_income": 94434000,
      "opex": 257336000,
      "cogs": 499823000,
      "rd": null,
      "sga": null,
      "fcf": 2782000,
      "ocf": 20426000,
      "capex": -17644000,
      "gross_margin": 0.4230330580611201,
      "op_margin": 0.14847846112289823,
      "fcf_margin": 0.003211380893784327,
      "op_leverage_ratio": 2.391784160971188,
      "fcf_margin_change": -0.0014953678578225956
    },
    {
      "date": "2021-08-28T00:00:00",
      "quarter_label": "2021-08 (Q3)",
      "revenue": 831031000,
      "gross_profit": 348975000,
      "operating_income": 91214000,
      "net_income": 65934000,
      "opex": 253312000,
      "cogs": 482056000,
      "rd": null,
      "sga": null,
      "fcf": 68954000,
      "ocf": 85102000,
      "capex": -16148000,
      "gross_margin": 0.419930183109896,
      "op_margin": 0.10976004505247097,
      "fcf_margin": 0.08297404067958956,
      "fcf_margin_change": 0.07976265978580524
    },
    {
      "date": "2021-11-27T00:00:00",
      "quarter_label": "2021-11 (Q4)",
      "revenue": 848547000,
      "gross_profit": 352596000,
      "operating_income": 90732000,
      "net_income": 66067000,
      "opex": 256581000,
      "cogs": 495951000,
      "rd": null,
      "sga": null,
      "fcf": 42542000,
      "ocf": 57804000,
      "capex": -15262000,
      "gross_margin": 0.41552913391951185,
      "op_margin": 0.10692631050489837,
      "fcf_margin": 0.050135113317235226,
      "op_leverage_ratio": 1.6332721443845128,
      "fcf_margin_change": -0.03283892736235434
    },
    {
      "date": "2022-02-26T00:00:00",
      "quarter_label": "2022-02 (Q1)",
      "revenue": 862522000,
      "gross_profit": 366275000,
      "operating_income": 97168000,
      "net_income": 69931000,
      "opex": 265973000,
      "cogs": 496247000,
      "rd": null,
      "sga": null,
      "fcf": -16300000,
      "ocf": -383000,
      "capex": -15917000,
      "gross_margin": 0.4246558348656614,
      "op_margin": 0.11265567718852389,
      "fcf_margin": -0.018898068686943638,
      "incr_op_margin_yoy": 0.7810837371649327,
      "rev_growth_yoy": 0.11437670785986989,
      "op_leverage_ratio": 0.449927277506133,
      "fcf_margin_change": -0.06903318200417886
    },
    {
      "date": "2022-05-28T00:00:00",
      "quarter_label": "2022-05 (Q2)",
      "revenue": 958579000,
      "gross_profit": 411149000,
      "operating_income": 136836000,
      "net_income": 99657000,
      "opex": 271046000,
      "cogs": 547430000,
      "rd": null,
      "sga": null,
      "fcf": 64117000,
      "ocf": 77881000,
      "capex": -13764000,
      "gross_margin": 0.4289150920268439,
      "op_margin": 0.14274879796031417,
      "fcf_margin": 0.06688754917435079,
      "incr_op_margin_yoy": 0.08896353686948041,
      "rev_growth_yoy": 0.10652849956250418,
      "rev_growth_yoy_accel": -0.00784820829736571,
      "op_leverage_ratio": 5.838906585073388,
      "fcf_margin_change": 0.08578561786129443
    },
    {
      "date": "2022-09-03T00:00:00",
      "quarter_label": "2022-09 (Q3)",
      "revenue": 1022245000,
      "gross_profit": 428228000,
      "operating_income": 143977000,
      "net_income": 104131000,
      "opex": 290262000,
      "cogs": 594017000,
      "rd": null,
      "sga": null,
      "fcf": 94451000,
      "ocf": 110881000,
      "capex": -16430000,
      "gross_margin": 0.418909361258798,
      "op_margin": 0.1408439268472822,
      "fcf_margin": 0.09239565857499914,
      "incr_op_margin_yoy": 0.2759369083853693,
      "rev_growth_yoy": 0.23009249955777822,
      "rev_growth_yoy_accel": 0.12356399999527404,
      "op_leverage_ratio": 0.9368275780322378,
      "fcf_margin_change": 0.02550810940064835
    },
    {
      "date": "2022-12-03T00:00:00",
      "quarter_label": "2022-12 (Q4)",
      "revenue": 957745000,
      "gross_profit": 397799000,
      "operating_income": 116010000,
      "net_income": 81314000,
      "opex": 279695000,
      "cogs": 559946000,
      "rd": null,
      "sga": null,
      "fcf": 50520000,
      "ocf": 76024000,
      "capex": -25504000,
      "gross_margin": 0.41534959723099574,
      "op_margin": 0.12112827527160153,
      "fcf_margin": 0.052748904979926806,
      "incr_op_margin_yoy": 0.23148775618601072,
      "rev_growth_yoy": 0.12868821644528824,
      "rev_growth_yoy_accel": -0.10140428311248997,
      "fcf_margin_change": -0.03964675359507233
    },
    {
      "date": "2023-03-04T00:00:00",
      "quarter_label": "2023-03 (Q1)",
      "revenue": 961632000,
      "gross_profit": 396695000,
      "operating_income": 114282000,
      "net_income": 79140000,
      "opex": 280630000,
      "cogs": 564937000,
      "rd": null,
      "sga": null,
      "fcf": 325349000,
      "ocf": 340416000,
      "capex": -15067000,
      "gross_margin": 0.4125226697946824,
      "op_margin": 0.11884171907756813,
      "fcf_margin": 0.33833004725300325,
      "incr_op_margin_yoy": 0.17267682373120774,
      "rev_growth_yoy": 0.11490721396091925,
      "rev_growth_yoy_accel": -0.01378100248436899,
      "fcf_margin_change": 0.28558114227307646
    },
    {
      "date": "2023-06-03T00:00:00",
      "quarter_label": "2023-06 (Q2)",
      "revenue": 1054464000,
      "gross_profit": 428937000,
      "operating_income": 135386000,
      "net_income": 95180000,
      "opex": 291706000,
      "cogs": 625527000,
      "rd": null,
      "sga": null,
      "fcf": 127095000,
      "ocf": 150637000,
      "capex": -23542000,
      "gross_margin": 0.40678202385287693,
      "op_margin": 0.12839319312940034,
      "fcf_margin": 0.12053043062636562,
      "incr_op_margin_yoy": -0.015122281900192939,
      "rev_growth_yoy": 0.10002827101365667,
      "rev_growth_yoy_accel": -0.01487894294726258,
      "op_leverage_ratio": 2.4459070537111107,
      "fcf_margin_change": -0.21779961662663763
    },
    {
      "date": "2023-09-02T00:00:00",
      "quarter_label": "2023-09 (Q3)",
      "revenue": 1035441000,
      "gross_profit": 419534000,
      "operating_income": 118055000,
      "net_income": 87599000,
      "opex": 299264000,
      "cogs": 615907000,
      "rd": null,
      "sga": null,
      "fcf": 104125000,
      "ocf": 132505000,
      "capex": -28380000,
      "gross_margin": 0.4051742204529278,
      "op_margin": 0.11401422195953222,
      "fcf_margin": 0.10056101699662269,
      "incr_op_margin_yoy": -1.9643831464080024,
      "rev_growth_yoy": 0.012908842792089958,
      "rev_growth_yoy_accel": -0.08711942822156672,
      "fcf_margin_change": -0.01996941362974293
    },
    {
      "date": "2023-12-02T00:00:00",
      "quarter_label": "2023-12 (Q4)",
      "revenue": 953969000,
      "gross_profit": 393117000,
      "operating_income": 101568000,
      "net_income": 69350000,
      "opex": 290633000,
      "cogs": 560852000,
      "rd": null,
      "sga": null,
      "fcf": 62735000,
      "ocf": 81168000,
      "capex": -18433000,
      "gross_margin": 0.412085717670071,
      "op_margin": 0.10646886848524428,
      "fcf_margin": 0.06576209499470109,
      "incr_op_margin_yoy": 3.8246822033898304,
      "rev_growth_yoy": -0.003942594323123588,
      "rev_growth_yoy_accel": -0.016851437115213544,
      "fcf_margin_change": -0.0347989220019216
    },
    {
      "date": "2024-03-02T00:00:00",
      "quarter_label": "2024-03 (Q1)",
      "revenue": 935348000,
      "gross_profit": 388611000,
      "operating_income": 91195000,
      "net_income": 61847000,
      "opex": 291235000,
      "cogs": 546737000,
      "rd": null,
      "sga": null,
      "fcf": 53393000,
      "ocf": 78743000,
      "capex": -25350000,
      "gross_margin": 0.4154721023619017,
      "op_margin": 0.09749847115725911,
      "fcf_margin": 0.057083566758040855,
      "incr_op_margin_yoy": 0.8783670674174403,
      "rev_growth_yoy": -0.02733270107483944,
      "rev_growth_yoy_accel": -0.023390106751715854,
      "fcf_margin_change": -0.008678528236660238
    },
    {
      "date": "2024-06-01T00:00:00",
      "quarter_label": "2024-06 (Q2)",
      "revenue": 979350000,
      "gross_profit": 400447000,
      "operating_income": 106766000,
      "net_income": 71705000,
      "opex": 288991000,
      "cogs": 578903000,
      "rd": null,
      "sga": null,
      "fcf": 113951000,
      "ocf": 143522000,
      "capex": -29571000,
      "gross_margin": 0.4088905906979119,
      "op_margin": 0.10901720528922244,
      "fcf_margin": 0.11635370398733855,
      "incr_op_margin_yoy": 0.38102084831056793,
      "rev_growth_yoy": -0.07123429533867444,
      "rev_growth_yoy_accel": -0.043901594263835,
      "op_leverage_ratio": Infinity,
      "fcf_margin_change": 0.05927013722929769
    },
    {
      "date": "2024-08-31T00:00:00",
      "quarter_label": "2024-08 (Q3)",
      "revenue": 952284000,
      "gross_profit": 390608000,
      "operating_income": 90858000,
      "net_income": 55692000,
      "opex": 297011000,
      "cogs": 561676000,
      "rd": null,
      "sga": null,
      "fcf": 81211000,
      "ocf": 107263000,
      "capex": -26052000,
      "gross_margin": 0.4101801563399154,
      "op_margin": 0.09541061280038309,
      "fcf_margin": 0.0852802315275695,
      "incr_op_margin_yoy": 0.32705605060307613,
      "rev_growth_yoy": -0.08031070819100268,
      "rev_growth_yoy_accel": -0.009076412852328242,
      "fcf_margin_change": -0.031073472459769047
    },
    {
      "date": "2024-11-30T00:00:00",
      "quarter_label": "2024-11 (Q4)",
      "revenue": 928484000,
      "gross_profit": 378187000,
      "operating_income": 72280000,
      "net_income": 46623000,
      "opex": 303563000,
      "cogs": 550297000,
      "rd": null,
      "sga": null,
      "fcf": 81700000,
      "ocf": 101868000,
      "capex": -20168000,
      "gross_margin": 0.4073166581222724,
      "op_margin": 0.07784732962549705,
      "fcf_margin": 0.08799290025460858,
      "incr_op_margin_yoy": 1.1492250343339219,
      "rev_growth_yoy": -0.026714704565871637,
      "rev_growth_yoy_accel": 0.05359600362513105,
      "fcf_margin_change": 0.002712668727039083
    },
    {
      "date": "2025-03-01T00:00:00",
      "quarter_label": "2025-03 (Q1)",
      "revenue": 891717000,
      "gross_profit": 365230000,
      "operating_income": 62246000,
      "net_income": 39314000,
      "opex": 301578000,
      "cogs": 526487000,
      "rd": null,
      "sga": null,
      "fcf": 24677000,
      "ocf": 54466000,
      "capex": -29789000,
      "gross_margin": 0.4095806180660456,
      "op_margin": 0.0698046577557678,
      "fcf_margin": 0.027673578052229576,
      "incr_op_margin_yoy": 0.6634961380669707,
      "rev_growth_yoy": -0.046646809529715144,
      "rev_growth_yoy_accel": -0.019932104963843508,
      "fcf_margin_change": -0.06031932220237901
    },
    {
      "date": "2025-05-31T00:00:00",
      "quarter_label": "2025-05 (Q2)",
      "revenue": 971145000,
      "gross_profit": 397739000,
      "operating_income": 82735000,
      "net_income": 56845000,
      "opex": 312324000,
      "cogs": 573406000,
      "rd": null,
      "sga": null,
      "fcf": 75975000,
      "ocf": 97127000,
      "capex": -21152000,
      "gross_margin": 0.4095567603190049,
      "op_margin": 0.08519325126525905,
      "fcf_margin": 0.07823239578023879,
      "incr_op_margin_yoy": 2.928823887873248,
      "rev_growth_yoy": -0.008378005820186859,
      "rev_growth_yoy_accel": 0.03826880370952829,
      "op_leverage_ratio": 2.499766256560854,
      "fcf_margin_change": 0.050558817728009214
    },
    {
      "date": "2025-08-30T00:00:00",
      "quarter_label": "2025-08 (Q3)",
      "revenue": 978175000,
      "gross_profit": 394979000,
      "operating_income": 84302000,
      "net_income": 56546000,
      "opex": 306108000,
      "cogs": 583196000,
      "rd": null,
      "sga": null,
      "fcf": 58525000,
      "ocf": 80256000,
      "capex": -21731000,
      "gross_margin": 0.40379175505405474,
      "op_margin": 0.08618294272497252,
      "fcf_margin": 0.059830807370869224,
      "incr_op_margin_yoy": -0.2532154030358039,
      "rev_growth_yoy": 0.027188317770749062,
      "rev_growth_yoy_accel": 0.03556632359093592,
      "fcf_margin_change": -0.018401588409369563
    },
    {
      "date": "2025-11-29T00:00:00",
      "quarter_label": "2025-11 (Q4)",
      "revenue": 965684000,
      "gross_profit": 392677000,
      "operating_income": 76239000,
      "net_income": 51804000,
      "opex": 311568000,
      "cogs": 573007000,
      "rd": null,
      "sga": null,
      "fcf": 7405000,
      "ocf": 29411000,
      "capex": -22006000,
      "gross_margin": 0.4066309475977649,
      "op_margin": 0.0789481859490268,
      "fcf_margin": 0.007668139888410702,
      "incr_op_margin_yoy": 0.1064247311827957,
      "rev_growth_yoy": 0.0400653107646443,
      "rev_growth_yoy_accel": 0.012876992993895237,
      "fcf_margin_change": -0.05216266748245852
    }
  ],
  "signals": [
    {
      "quarter": "2025-05 (Q2)",
      "signal": "FCF MARGIN EXPANSION",
      "detail": "FCF margin: +2.8% -> +7.8% (+5.1%)",
      "severity": "MEDIUM"
    },
    {
      "quarter": "2025-05 (Q2)",
      "signal": "OPERATING LEVERAGE",
      "detail": "Rev growth +8.9% vs OpEx growth +3.6% (leverage: 2.5x)",
      "severity": "MEDIUM"
    },
    {
      "quarter": "2025-05 (Q2)",
      "signal": "INCREMENTAL MARGIN (YoY)",
      "detail": "YoY Incr OPM: +292.9% vs year-ago OPM: +10.9%",
      "severity": "HIGH"
    },
    {
      "quarter": "2025-03 (Q1)",
      "signal": "INCREMENTAL MARGIN (YoY)",
      "detail": "YoY Incr OPM: +66.3% vs year-ago OPM: +9.7%",
      "severity": "HIGH"
    },
    {
      "quarter": "2024-11 (Q4)",
      "signal": "YoY REVENUE GROWTH ACCELERATION",
      "detail": "YoY growth: -2.7% vs prior quarter YoY: -8.0% (accel: +5.4%)",
      "severity": "MEDIUM"
    },
    {
      "quarter": "2024-11 (Q4)",
      "signal": "INCREMENTAL MARGIN (YoY)",
      "detail": "YoY Incr OPM: +114.9% vs year-ago OPM: +10.6%",
      "severity": "HIGH"
    },
    {
      "quarter": "2024-08 (Q3)",
      "signal": "INCREMENTAL MARGIN (YoY)",
      "detail": "YoY Incr OPM: +32.7% vs year-ago OPM: +11.4%",
      "severity": "HIGH"
    },
    {
      "quarter": "2024-06 (Q2)",
      "signal": "FCF MARGIN EXPANSION",
      "detail": "FCF margin: +5.7% -> +11.6% (+5.9%)",
      "severity": "MEDIUM"
    },
    {
      "quarter": "2024-06 (Q2)",
      "signal": "INCREMENTAL MARGIN (YoY)",
      "detail": "YoY Incr OPM: +38.1% vs year-ago OPM: +12.8%",
      "severity": "HIGH"
    },
    {
      "quarter": "2024-03 (Q1)",
      "signal": "INCREMENTAL MARGIN (YoY)",
      "detail": "YoY Incr OPM: +87.8% vs year-ago OPM: +11.9%",
      "severity": "HIGH"
    },
    {
      "quarter": "2023-12 (Q4)",
      "signal": "INCREMENTAL MARGIN (YoY)",
      "detail": "YoY Incr OPM: +382.5% vs year-ago OPM: +12.1%",
      "severity": "HIGH"
    },
    {
      "quarter": "2023-09 (Q3)",
      "signal": "YoY REVENUE GROWTH DECELERATION",
      "detail": "YoY growth: +1.3% vs prior quarter YoY: +10.0% (decel: -8.7%)",
      "severity": "WARNING"
    },
    {
      "quarter": "2023-06 (Q2)",
      "signal": "OPERATING LEVERAGE",
      "detail": "Rev growth +9.7% vs OpEx growth +3.9% (leverage: 2.4x)",
      "severity": "MEDIUM"
    },
    {
      "quarter": "2023-03 (Q1)",
      "signal": "FCF MARGIN EXPANSION",
      "detail": "FCF margin: +5.3% -> +33.8% (+28.6%)",
      "severity": "MEDIUM"
    },
    {
      "quarter": "2022-12 (Q4)",
      "signal": "YoY REVENUE GROWTH DECELERATION",
      "detail": "YoY growth: +12.9% vs prior quarter YoY: +23.0% (decel: -10.1%)",
      "severity": "WARNING"
    },
    {
      "quarter": "2022-12 (Q4)",
      "signal": "INCREMENTAL MARGIN (YoY)",
      "detail": "YoY Incr OPM: +23.1% vs year-ago OPM: +10.7%",
      "severity": "MEDIUM"
    },
    {
      "quarter": "2022-09 (Q3)",
      "signal": "YoY REVENUE GROWTH ACCELERATION",
      "detail": "YoY growth: +23.0% vs prior quarter YoY: +10.7% (accel: +12.4%)",
      "severity": "MEDIUM"
    },
    {
      "quarter": "2022-09 (Q3)",
      "signal": "INCREMENTAL MARGIN (YoY)",
      "detail": "YoY Incr OPM: +27.6% vs year-ago OPM: +11.0%",
      "severity": "MEDIUM"
    },
    {
      "quarter": "2022-05 (Q2)",
      "signal": "FCF TURNED POSITIVE",
      "detail": "FCF margin: -1.9% -> +6.7%",
      "severity": "HIGH"
    },
    {
      "quarter": "2022-05 (Q2)",
      "signal": "OPERATING LEVERAGE",
      "detail": "Rev growth +11.1% vs OpEx growth +1.9% (leverage: 5.8x)",
      "severity": "MEDIUM"
    },
    {
      "quarter": "2022-02 (Q1)",
      "signal": "INCREMENTAL MARGIN (YoY)",
      "detail": "YoY Incr OPM: +78.1% vs year-ago OPM: +3.6%",
      "severity": "HIGH"
    },
    {
      "quarter": "2021-11 (Q4)",
      "signal": "OPERATING LEVERAGE",
      "detail": "Rev growth +2.1% vs OpEx growth +1.3% (leverage: 1.6x)",
      "severity": "MEDIUM"
    },
    {
      "quarter": "2021-08 (Q3)",
      "signal": "FCF MARGIN EXPANSION",
      "detail": "FCF margin: +0.3% -> +8.3% (+8.0%)",
      "severity": "MEDIUM"
    },
    {
      "quarter": "2021-05 (Q2)",
      "signal": "OPERATING LEVERAGE",
      "detail": "Rev growth +11.9% vs OpEx growth +5.0% (leverage: 2.4x)",
      "severity": "MEDIUM"
    }
  ],
  "data_quality": {
    "n_quarters": 20,
    "coverage": {
      "revenue": [
        20,
        20
      ],
      "gross_profit": [
        20,
        20
      ],
      "op_income": [
        20,
        20
      ],
      "fcf": [
        20,
        20
      ]
    },
    "gaps": [],
    "warnings": []
  },
  "market_cap": null,
  "source": "SEC EDGAR",
  "last_updated": "2026-02-02T21:07:26.486294"
}