{
  "ticker": "MSS",
  "name": "Maison Solutions Inc.",
  "quarters": [
    {
      "date": "2022-07-31T00:00:00",
      "quarter_label": "2022-07 (Q3)",
      "revenue": 11409688,
      "gross_profit": 2304849,
      "operating_income": -520997,
      "net_income": -597040,
      "opex": 2825846,
      "cogs": 9104839,
      "rd": null,
      "sga": null,
      "fcf": 519636,
      "ocf": 519636,
      "capex": null,
      "gross_margin": 0.2020080654265042,
      "op_margin": -0.04566268595600511,
      "fcf_margin": 0.04554340136207055
    },
    {
      "date": "2022-10-31T00:00:00",
      "quarter_label": "2022-10 (Q4)",
      "revenue": 14168472,
      "gross_profit": 3084480,
      "operating_income": 649443,
      "net_income": 529192,
      "opex": 2435037,
      "cogs": 11083992,
      "rd": null,
      "sga": null,
      "fcf": -1575778,
      "ocf": -1575778,
      "capex": null,
      "gross_margin": 0.217700257303681,
      "op_margin": 0.04583719401781646,
      "fcf_margin": -0.11121721523675948,
      "op_leverage_ratio": Infinity,
      "fcf_margin_change": -0.15676061659883003
    },
    {
      "date": "2023-01-31T00:00:00",
      "quarter_label": "2023-01 (Q1)",
      "revenue": 15637095,
      "gross_profit": 4010372,
      "operating_income": -48252,
      "net_income": 988474,
      "opex": 4058624,
      "cogs": 11626723,
      "rd": null,
      "sga": null,
      "fcf": 1420367,
      "ocf": 1420367,
      "capex": null,
      "gross_margin": 0.25646528335346175,
      "op_margin": -0.003085739390852329,
      "fcf_margin": 0.09083317585523398,
      "op_leverage_ratio": 0.15545951500725017,
      "fcf_margin_change": 0.20205039109199346
    },
    {
      "date": "2023-04-30T00:00:00",
      "quarter_label": "2023-04 (Q2)",
      "revenue": 14183857,
      "gross_profit": 3051459,
      "operating_income": 3453,
      "net_income": -2559927,
      "opex": 3048006,
      "cogs": 11132398,
      "rd": null,
      "sga": null,
      "fcf": 119966,
      "ocf": 119966,
      "capex": null,
      "gross_margin": 0.215136052203572,
      "op_margin": 0.00024344577078011997,
      "fcf_margin": 0.008457925090474333,
      "fcf_margin_change": -0.08237525076475966
    },
    {
      "date": "2023-07-31T00:00:00",
      "quarter_label": "2023-07 (Q3)",
      "revenue": 13752315,
      "gross_profit": 3106096,
      "operating_income": -216745,
      "net_income": -104939,
      "opex": 3322841,
      "cogs": 10646219,
      "rd": null,
      "sga": null,
      "fcf": 596541,
      "ocf": 596541,
      "capex": null,
      "gross_margin": 0.22585986432102523,
      "op_margin": -0.015760619212110832,
      "fcf_margin": 0.043377496806901235,
      "incr_op_margin_yoy": 0.12987641651872023,
      "rev_growth_yoy": 0.20531911126754737,
      "fcf_margin_change": 0.0349195717164269
    },
    {
      "date": "2023-10-31T00:00:00",
      "quarter_label": "2023-10 (Q4)",
      "revenue": 13766204,
      "gross_profit": 3123221,
      "operating_income": 253823,
      "net_income": 91465,
      "opex": 2869398,
      "cogs": 10642983,
      "rd": null,
      "sga": null,
      "fcf": -120439,
      "ocf": -120439,
      "capex": null,
      "gross_margin": 0.22687597830164366,
      "op_margin": 0.018438125717154853,
      "fcf_margin": -0.00874888967212748,
      "rev_growth_yoy": -0.028391770121718136,
      "rev_growth_yoy_accel": -0.23371088138926552,
      "fcf_margin_change": -0.052126386479028716
    },
    {
      "date": "2024-01-31T00:00:00",
      "quarter_label": "2024-01 (Q1)",
      "revenue": 13598479,
      "gross_profit": 3187795,
      "operating_income": -307169,
      "net_income": -548954,
      "opex": 3494964,
      "cogs": 10410684,
      "rd": null,
      "sga": null,
      "fcf": -1363541,
      "ocf": -1363541,
      "capex": null,
      "gross_margin": 0.23442290862088327,
      "op_margin": -0.022588482138333265,
      "fcf_margin": -0.10027158184382239,
      "incr_op_margin_yoy": 0.12700626307259436,
      "rev_growth_yoy": -0.13037050679809772,
      "rev_growth_yoy_accel": -0.10197873667637959,
      "fcf_margin_change": -0.09152269217169491
    },
    {
      "date": "2024-04-30T00:00:00",
      "quarter_label": "2024-04 (Q2)",
      "revenue": 16926163,
      "gross_profit": 2203985,
      "operating_income": -2433915,
      "net_income": -2777778,
      "opex": 4637900,
      "cogs": 14722178,
      "rd": null,
      "sga": null,
      "fcf": -2615707,
      "ocf": -2615707,
      "capex": null,
      "gross_margin": 0.13021173197965777,
      "op_margin": -0.14379602748715112,
      "fcf_margin": -0.15453632344199922,
      "incr_op_margin_yoy": -0.8888023437209415,
      "rev_growth_yoy": 0.1933399356747604,
      "rev_growth_yoy_accel": 0.32371044247285813,
      "op_leverage_ratio": 0.748294473922593,
      "fcf_margin_change": -0.05426474159817683
    },
    {
      "date": "2024-07-31T00:00:00",
      "quarter_label": "2024-07 (Q3)",
      "revenue": 29649380,
      "gross_profit": 8265639,
      "operating_income": 1634875,
      "net_income": 700908,
      "opex": 6630764,
      "cogs": 21383741,
      "rd": null,
      "sga": null,
      "fcf": 3585390,
      "ocf": 3585390,
      "capex": null,
      "gross_margin": 0.27877948881224496,
      "op_margin": 0.05514027612044502,
      "fcf_margin": 0.12092630604754635,
      "incr_op_margin_yoy": 0.11647558841836528,
      "rev_growth_yoy": 1.1559555609364678,
      "rev_growth_yoy_accel": 0.9626156252617074,
      "op_leverage_ratio": 1.7493718504524212,
      "fcf_margin_change": 0.2754626294895456
    },
    {
      "date": "2024-10-31T00:00:00",
      "quarter_label": "2024-10 (Q4)",
      "revenue": 31019924,
      "gross_profit": 8151787,
      "operating_income": 671366,
      "net_income": -256009,
      "opex": 7480421,
      "cogs": 22868137,
      "rd": null,
      "sga": null,
      "fcf": 1122141,
      "ocf": 1122141,
      "capex": null,
      "gross_margin": 0.26279197202417387,
      "op_margin": 0.021643057539405965,
      "fcf_margin": 0.036174846850043865,
      "incr_op_margin_yoy": 0.024200172484542464,
      "rev_growth_yoy": 1.2533389742008763,
      "rev_growth_yoy_accel": 0.09738341326440847,
      "op_leverage_ratio": 0.36074248916853546,
      "fcf_margin_change": -0.08475145919750249
    },
    {
      "date": "2025-01-31T00:00:00",
      "quarter_label": "2025-01 (Q1)",
      "revenue": 34149223,
      "gross_profit": 7541633,
      "operating_income": 1114464,
      "net_income": 1011763,
      "opex": 6427169,
      "cogs": 26607590,
      "rd": null,
      "sga": null,
      "fcf": 1678612,
      "ocf": 1678612,
      "capex": null,
      "gross_margin": 0.22084347277828253,
      "op_margin": 0.03263512027784644,
      "fcf_margin": 0.0491552033262953,
      "incr_op_margin_yoy": 0.06917671691107631,
      "rev_growth_yoy": 1.5112531335305956,
      "rev_growth_yoy_accel": 0.2579141593297194,
      "op_leverage_ratio": Infinity,
      "fcf_margin_change": 0.012980356476251433
    },
    {
      "date": "2025-04-30T00:00:00",
      "quarter_label": "2025-04 (Q2)",
      "revenue": 29398953,
      "gross_profit": 2383492,
      "operating_income": -4685711,
      "net_income": -287389,
      "opex": 7069203,
      "cogs": 27015461,
      "rd": null,
      "sga": null,
      "fcf": -1630013,
      "ocf": -1630013,
      "capex": null,
      "gross_margin": 0.08107404369128383,
      "op_margin": -0.1593836011779059,
      "fcf_margin": -0.05544459355406296,
      "incr_op_margin_yoy": -0.18053667222810615,
      "rev_growth_yoy": 0.7368941206580606,
      "rev_growth_yoy_accel": -0.7743590128725351,
      "fcf_margin_change": -0.10459979688035825
    },
    {
      "date": "2025-07-31T00:00:00",
      "quarter_label": "2025-07 (Q3)",
      "revenue": 27165134,
      "gross_profit": 6559134,
      "operating_income": 184215,
      "net_income": -1541533,
      "opex": 6374919,
      "cogs": 20606000,
      "rd": null,
      "sga": null,
      "fcf": 1086701,
      "ocf": 1086701,
      "capex": null,
      "gross_margin": 0.24145413749845665,
      "op_margin": 0.006781302827366874,
      "fcf_margin": 0.04000352068942491,
      "incr_op_margin_yoy": 0.5839437801248346,
      "rev_growth_yoy": -0.08378745187926358,
      "rev_growth_yoy_accel": -0.8206815725373242,
      "fcf_margin_change": 0.09544811424348787
    },
    {
      "date": "2025-10-31T00:00:00",
      "quarter_label": "2025-10 (Q4)",
      "revenue": 27624503,
      "gross_profit": 6451839,
      "operating_income": -1357019,
      "net_income": -4967742,
      "opex": 7808858,
      "cogs": 21172664,
      "rd": null,
      "sga": null,
      "fcf": -1723180,
      "ocf": -1723180,
      "capex": null,
      "gross_margin": 0.2335549349068832,
      "op_margin": -0.049123743511331225,
      "fcf_margin": -0.062378678812791674,
      "incr_op_margin_yoy": 0.5973883650952267,
      "rev_growth_yoy": -0.10945935908804935,
      "rev_growth_yoy_accel": -0.025671907208785774,
      "op_leverage_ratio": 0.07517852948418575,
      "fcf_margin_change": -0.10238219950221658
    }
  ],
  "signals": [
    {
      "quarter": "2025-07 (Q3)",
      "signal": "FCF TURNED POSITIVE",
      "detail": "FCF margin: -5.5% -> +4.0%",
      "severity": "HIGH"
    },
    {
      "quarter": "2025-07 (Q3)",
      "signal": "GROSS MARGIN INFLECTION",
      "detail": "GM: +22.1% -> +8.1% -> +24.1% (reversal +16.0%)",
      "severity": "HIGH"
    },
    {
      "quarter": "2025-07 (Q3)",
      "signal": "YoY REVENUE GROWTH DECELERATION",
      "detail": "YoY growth: -8.4% vs prior quarter YoY: +73.7% (decel: -82.1%)",
      "severity": "WARNING"
    },
    {
      "quarter": "2025-07 (Q3)",
      "signal": "INCREMENTAL MARGIN (YoY)",
      "detail": "YoY Incr OPM: +58.4% vs year-ago OPM: +5.5%",
      "severity": "HIGH"
    },
    {
      "quarter": "2025-07 (Q3)",
      "signal": "OP MARGIN TURNED POSITIVE (QoQ)",
      "detail": "Op margin: -15.9% -> +0.7%",
      "severity": "HIGH"
    },
    {
      "quarter": "2025-04 (Q2)",
      "signal": "YoY REVENUE GROWTH DECELERATION",
      "detail": "YoY growth: +73.7% vs prior quarter YoY: +151.1% (decel: -77.4%)",
      "severity": "WARNING"
    },
    {
      "quarter": "2025-01 (Q1)",
      "signal": "YoY REVENUE GROWTH ACCELERATION",
      "detail": "YoY growth: +151.1% vs prior quarter YoY: +125.3% (accel: +25.8%)",
      "severity": "HIGH"
    },
    {
      "quarter": "2025-01 (Q1)",
      "signal": "OP MARGIN TURNED POSITIVE (YoY)",
      "detail": "Op margin: -2.3% (year-ago) -> +3.3%",
      "severity": "HIGH"
    },
    {
      "quarter": "2024-10 (Q4)",
      "signal": "YoY REVENUE GROWTH ACCELERATION",
      "detail": "YoY growth: +125.3% vs prior quarter YoY: +115.6% (accel: +9.7%)",
      "severity": "MEDIUM"
    },
    {
      "quarter": "2024-07 (Q3)",
      "signal": "FCF TURNED POSITIVE",
      "detail": "FCF margin: -15.5% -> +12.1%",
      "severity": "HIGH"
    },
    {
      "quarter": "2024-07 (Q3)",
      "signal": "OPERATING LEVERAGE",
      "detail": "Rev growth +75.2% vs OpEx growth +43.0% (leverage: 1.7x)",
      "severity": "MEDIUM"
    },
    {
      "quarter": "2024-07 (Q3)",
      "signal": "GROSS MARGIN INFLECTION",
      "detail": "GM: +23.4% -> +13.0% -> +27.9% (reversal +14.9%)",
      "severity": "HIGH"
    },
    {
      "quarter": "2024-07 (Q3)",
      "signal": "YoY REVENUE GROWTH ACCELERATION",
      "detail": "YoY growth: +115.6% vs prior quarter YoY: +19.3% (accel: +96.3%)",
      "severity": "HIGH"
    },
    {
      "quarter": "2024-07 (Q3)",
      "signal": "OP MARGIN TURNED POSITIVE (YoY)",
      "detail": "Op margin: -1.6% (year-ago) -> +5.5%",
      "severity": "HIGH"
    },
    {
      "quarter": "2024-07 (Q3)",
      "signal": "OP MARGIN TURNED POSITIVE (QoQ)",
      "detail": "Op margin: -14.4% -> +5.5%",
      "severity": "HIGH"
    },
    {
      "quarter": "2024-04 (Q2)",
      "signal": "YoY REVENUE GROWTH ACCELERATION",
      "detail": "YoY growth: +19.3% vs prior quarter YoY: -13.0% (accel: +32.4%)",
      "severity": "HIGH"
    },
    {
      "quarter": "2024-01 (Q1)",
      "signal": "YoY REVENUE GROWTH DECELERATION",
      "detail": "YoY growth: -13.0% vs prior quarter YoY: -2.8% (decel: -10.2%)",
      "severity": "WARNING"
    },
    {
      "quarter": "2023-10 (Q4)",
      "signal": "YoY REVENUE GROWTH DECELERATION",
      "detail": "YoY growth: -2.8% vs prior quarter YoY: +20.5% (decel: -23.4%)",
      "severity": "WARNING"
    },
    {
      "quarter": "2023-10 (Q4)",
      "signal": "OP MARGIN TURNED POSITIVE (QoQ)",
      "detail": "Op margin: -1.6% -> +1.8%",
      "severity": "HIGH"
    },
    {
      "quarter": "2023-04 (Q2)",
      "signal": "OP MARGIN TURNED POSITIVE (QoQ)",
      "detail": "Op margin: -0.3% -> +0.0%",
      "severity": "HIGH"
    },
    {
      "quarter": "2023-01 (Q1)",
      "signal": "FCF TURNED POSITIVE",
      "detail": "FCF margin: -11.1% -> +9.1%",
      "severity": "HIGH"
    },
    {
      "quarter": "2022-10 (Q4)",
      "signal": "OP MARGIN TURNED POSITIVE (QoQ)",
      "detail": "Op margin: -4.6% -> +4.6%",
      "severity": "HIGH"
    }
  ],
  "data_quality": {
    "n_quarters": 14,
    "coverage": {
      "revenue": [
        14,
        14
      ],
      "gross_profit": [
        14,
        14
      ],
      "op_income": [
        14,
        14
      ],
      "fcf": [
        14,
        14
      ]
    },
    "gaps": [],
    "warnings": []
  },
  "market_cap": null,
  "source": "SEC EDGAR",
  "last_updated": "2026-02-03T00:16:41.438101"
}