{
  "ticker": "MTB-PH",
  "name": "M&T BANK CORPORATION",
  "quarters": [
    {
      "date": "2022-06-30T00:00:00",
      "quarter_label": "2022-06 (Q2)",
      "revenue": 1982817000,
      "gross_profit": null,
      "operating_income": null,
      "net_income": 217522000,
      "opex": null,
      "cogs": null,
      "rd": null,
      "sga": null,
      "fcf": 1187369000,
      "ocf": 1187369000,
      "capex": null,
      "gross_margin": null,
      "op_margin": null,
      "fcf_margin": 0.5988293422943216
    },
    {
      "date": "2023-06-30T00:00:00",
      "quarter_label": "2023-06 (Q2)",
      "revenue": 376000000,
      "gross_profit": null,
      "operating_income": null,
      "net_income": 867034000,
      "opex": null,
      "cogs": null,
      "rd": null,
      "sga": null,
      "fcf": 1257000000,
      "ocf": 1257000000,
      "capex": null,
      "gross_margin": null,
      "op_margin": null,
      "fcf_margin": 3.3430851063829787,
      "rev_growth_yoy": -0.8103708007345105,
      "fcf_margin_change": 2.744255764088657
    },
    {
      "date": "2023-09-30T00:00:00",
      "quarter_label": "2023-09 (Q3)",
      "revenue": 360000000,
      "gross_profit": null,
      "operating_income": null,
      "net_income": 689941000,
      "opex": null,
      "cogs": null,
      "rd": null,
      "sga": null,
      "fcf": 1420000000,
      "ocf": 1420000000,
      "capex": null,
      "gross_margin": null,
      "op_margin": null,
      "fcf_margin": 3.9444444444444446,
      "fcf_margin_change": 0.6013593380614659
    },
    {
      "date": "2023-12-31T00:00:00",
      "quarter_label": "2023-12 (Q4)",
      "revenue": 8524000000,
      "gross_profit": null,
      "operating_income": null,
      "net_income": 482401000,
      "opex": null,
      "cogs": null,
      "rd": null,
      "sga": null,
      "fcf": 800000000,
      "ocf": 800000000,
      "capex": null,
      "gross_margin": null,
      "op_margin": null,
      "fcf_margin": 0.09385265133740028,
      "fcf_margin_change": -3.8505917931070446
    },
    {
      "date": "2024-03-31T00:00:00",
      "quarter_label": "2024-03 (Q1)",
      "revenue": 367000000,
      "gross_profit": null,
      "operating_income": null,
      "net_income": 531000000,
      "opex": null,
      "cogs": null,
      "rd": null,
      "sga": null,
      "fcf": 608000000,
      "ocf": 608000000,
      "capex": null,
      "gross_margin": null,
      "op_margin": null,
      "fcf_margin": 1.6566757493188011,
      "fcf_margin_change": 1.5628230979814008
    },
    {
      "date": "2024-06-30T00:00:00",
      "quarter_label": "2024-06 (Q2)",
      "revenue": 388000000,
      "gross_profit": null,
      "operating_income": null,
      "net_income": 655000000,
      "opex": null,
      "cogs": null,
      "rd": null,
      "sga": null,
      "fcf": 1354000000,
      "ocf": 1354000000,
      "capex": null,
      "gross_margin": null,
      "op_margin": null,
      "fcf_margin": 3.4896907216494846,
      "rev_growth_yoy": 0.031914893617021274,
      "fcf_margin_change": 1.8330149723306834
    },
    {
      "date": "2024-09-30T00:00:00",
      "quarter_label": "2024-09 (Q3)",
      "revenue": 394000000,
      "gross_profit": null,
      "operating_income": null,
      "net_income": 721000000,
      "opex": null,
      "cogs": null,
      "rd": null,
      "sga": null,
      "fcf": -28000000,
      "ocf": -28000000,
      "capex": null,
      "gross_margin": null,
      "op_margin": null,
      "fcf_margin": -0.07106598984771574,
      "rev_growth_yoy": 0.09444444444444444,
      "rev_growth_yoy_accel": 0.06252955082742317,
      "fcf_margin_change": -3.5607567114972003
    },
    {
      "date": "2024-12-31T00:00:00",
      "quarter_label": "2024-12 (Q4)",
      "revenue": 392000000,
      "gross_profit": null,
      "operating_income": null,
      "net_income": 681000000,
      "opex": null,
      "cogs": null,
      "rd": null,
      "sga": null,
      "fcf": 1676000000,
      "ocf": 1676000000,
      "capex": null,
      "gross_margin": null,
      "op_margin": null,
      "fcf_margin": 4.275510204081633,
      "rev_growth_yoy": -0.9540122008446739,
      "rev_growth_yoy_accel": -1.0484566452891184,
      "fcf_margin_change": 4.346576193929349
    },
    {
      "date": "2025-03-31T00:00:00",
      "quarter_label": "2025-03 (Q1)",
      "revenue": 397000000,
      "gross_profit": null,
      "operating_income": null,
      "net_income": 584000000,
      "opex": null,
      "cogs": null,
      "rd": null,
      "sga": null,
      "fcf": 635000000,
      "ocf": 635000000,
      "capex": null,
      "gross_margin": null,
      "op_margin": null,
      "fcf_margin": 1.5994962216624684,
      "rev_growth_yoy": 0.08174386920980926,
      "rev_growth_yoy_accel": 1.0357560700544832,
      "fcf_margin_change": -2.676013982419165
    },
    {
      "date": "2025-06-30T00:00:00",
      "quarter_label": "2025-06 (Q2)",
      "revenue": 417000000,
      "gross_profit": null,
      "operating_income": null,
      "net_income": 716000000,
      "opex": null,
      "cogs": null,
      "rd": null,
      "sga": null,
      "fcf": 844000000,
      "ocf": 844000000,
      "capex": null,
      "gross_margin": null,
      "op_margin": null,
      "fcf_margin": 2.0239808153477217,
      "rev_growth_yoy": 0.07474226804123711,
      "rev_growth_yoy_accel": -0.007001601168572152,
      "fcf_margin_change": 0.42448459368525326
    },
    {
      "date": "2025-09-30T00:00:00",
      "quarter_label": "2025-09 (Q3)",
      "revenue": 423000000,
      "gross_profit": null,
      "operating_income": null,
      "net_income": 792000000,
      "opex": null,
      "cogs": null,
      "rd": null,
      "sga": null,
      "fcf": 1001000000,
      "ocf": 1001000000,
      "capex": null,
      "gross_margin": null,
      "op_margin": null,
      "fcf_margin": 2.3664302600472813,
      "rev_growth_yoy": 0.07360406091370558,
      "rev_growth_yoy_accel": -0.0011382071275315292,
      "fcf_margin_change": 0.3424494446995596
    }
  ],
  "signals": [
    {
      "quarter": "2025-09 (Q3)",
      "signal": "FCF MARGIN EXPANSION",
      "detail": "FCF margin: +202.4% -> +236.6% (+34.2%)",
      "severity": "MEDIUM"
    },
    {
      "quarter": "2025-06 (Q2)",
      "signal": "FCF MARGIN EXPANSION",
      "detail": "FCF margin: +159.9% -> +202.4% (+42.4%)",
      "severity": "MEDIUM"
    },
    {
      "quarter": "2025-03 (Q1)",
      "signal": "YoY REVENUE GROWTH ACCELERATION",
      "detail": "YoY growth: +8.2% vs prior quarter YoY: -95.4% (accel: +103.6%)",
      "severity": "HIGH"
    },
    {
      "quarter": "2024-12 (Q4)",
      "signal": "FCF TURNED POSITIVE",
      "detail": "FCF margin: -7.1% -> +427.6%",
      "severity": "HIGH"
    },
    {
      "quarter": "2024-12 (Q4)",
      "signal": "YoY REVENUE GROWTH DECELERATION",
      "detail": "YoY growth: -95.4% vs prior quarter YoY: +9.4% (decel: -104.8%)",
      "severity": "WARNING"
    },
    {
      "quarter": "2024-09 (Q3)",
      "signal": "YoY REVENUE GROWTH ACCELERATION",
      "detail": "YoY growth: +9.4% vs prior quarter YoY: +3.2% (accel: +6.3%)",
      "severity": "MEDIUM"
    },
    {
      "quarter": "2024-06 (Q2)",
      "signal": "FCF MARGIN EXPANSION",
      "detail": "FCF margin: +165.7% -> +349.0% (+183.3%)",
      "severity": "MEDIUM"
    },
    {
      "quarter": "2024-03 (Q1)",
      "signal": "FCF MARGIN EXPANSION",
      "detail": "FCF margin: +9.4% -> +165.7% (+156.3%)",
      "severity": "MEDIUM"
    },
    {
      "quarter": "2023-09 (Q3)",
      "signal": "FCF MARGIN EXPANSION",
      "detail": "FCF margin: +334.3% -> +394.4% (+60.1%)",
      "severity": "MEDIUM"
    },
    {
      "quarter": "2023-06 (Q2)",
      "signal": "FCF MARGIN EXPANSION",
      "detail": "FCF margin: +59.9% -> +334.3% (+274.4%)",
      "severity": "MEDIUM"
    }
  ],
  "data_quality": {
    "n_quarters": 11,
    "coverage": {
      "revenue": [
        11,
        11
      ],
      "gross_profit": [
        0,
        11
      ],
      "op_income": [
        0,
        11
      ],
      "fcf": [
        11,
        11
      ]
    },
    "gaps": [
      [
        "2022-06 (Q2)",
        "2023-06 (Q2)",
        365
      ]
    ],
    "warnings": [
      "gross_profit: no data",
      "op_income: no data",
      "gap: 3Q missing between 2022-06 (Q2) and 2023-06 (Q2)"
    ]
  },
  "market_cap": null,
  "source": "SEC EDGAR",
  "last_updated": "2026-02-03T01:07:32.036248"
}