{
  "ticker": "MTCH",
  "name": "Match Group, Inc.",
  "quarters": [
    {
      "date": "2020-12-31T00:00:00",
      "quarter_label": "2020-12 (Q4)",
      "revenue": 651407000,
      "gross_profit": 478144000,
      "operating_income": 212582000,
      "net_income": null,
      "opex": 438825000,
      "cogs": 173263000,
      "rd": 44832000,
      "sga": null,
      "fcf": null,
      "ocf": null,
      "capex": -10000000,
      "gross_margin": 0.7340172887303944,
      "op_margin": 0.3263428240715866,
      "fcf_margin": null
    },
    {
      "date": "2021-03-31T00:00:00",
      "quarter_label": "2021-03 (Q1)",
      "revenue": 667612000,
      "gross_profit": 488157000,
      "operating_income": 189258000,
      "net_income": null,
      "opex": 478354000,
      "cogs": 179455000,
      "rd": 55576000,
      "sga": null,
      "fcf": 92018000,
      "ocf": 102308000,
      "capex": -10290000,
      "gross_margin": 0.731198660299695,
      "op_margin": 0.2834850182441298,
      "fcf_margin": 0.1378315548552153,
      "op_leverage_ratio": 0.27616723256140907
    },
    {
      "date": "2021-06-30T00:00:00",
      "quarter_label": "2021-06 (Q2)",
      "revenue": 707760000,
      "gross_profit": 514661000,
      "operating_income": 209914000,
      "net_income": null,
      "opex": 497846000,
      "cogs": 193099000,
      "rd": 52133000,
      "sga": null,
      "fcf": null,
      "ocf": null,
      "capex": -22102000,
      "gross_margin": 0.727168814287329,
      "op_margin": 0.29658923929015485,
      "fcf_margin": null,
      "op_leverage_ratio": 1.4758179503147277
    },
    {
      "date": "2021-09-30T00:00:00",
      "quarter_label": "2021-09 (Q3)",
      "revenue": 801835000,
      "gross_profit": 569624000,
      "operating_income": 220590000,
      "net_income": null,
      "opex": 581245000,
      "cogs": 232211000,
      "rd": 66974000,
      "sga": null,
      "fcf": null,
      "ocf": null,
      "capex": -20419000,
      "gross_margin": 0.7104005188099796,
      "op_margin": 0.27510647452406045,
      "fcf_margin": null,
      "op_leverage_ratio": 0.793455165095249
    },
    {
      "date": "2021-12-31T00:00:00",
      "quarter_label": "2021-12 (Q4)",
      "revenue": 806070000,
      "gross_profit": 571527000,
      "operating_income": 231917000,
      "net_income": null,
      "opex": 574153000,
      "cogs": 234543000,
      "rd": 66366000,
      "sga": null,
      "fcf": null,
      "ocf": null,
      "capex": -27160000,
      "gross_margin": 0.7090289925192601,
      "op_margin": 0.2877132258984952,
      "fcf_margin": null,
      "incr_op_margin_yoy": 0.12501373954986003,
      "rev_growth_yoy": 0.23742913416650419
    },
    {
      "date": "2022-03-31T00:00:00",
      "quarter_label": "2022-03 (Q1)",
      "revenue": 798631000,
      "gross_profit": 562395000,
      "operating_income": 207818000,
      "net_income": null,
      "opex": 590813000,
      "cogs": 236236000,
      "rd": 78794000,
      "sga": null,
      "fcf": 214860000,
      "ocf": 232517000,
      "capex": -17657000,
      "gross_margin": 0.7041988102139787,
      "op_margin": 0.26021779770632497,
      "fcf_margin": 0.2690353868056712,
      "incr_op_margin_yoy": 0.1416588433738618,
      "rev_growth_yoy": 0.1962502171920217,
      "rev_growth_yoy_accel": -0.04117891697448248
    },
    {
      "date": "2022-06-30T00:00:00",
      "quarter_label": "2022-06 (Q2)",
      "revenue": 794513000,
      "gross_profit": 553673000,
      "operating_income": -10081000,
      "net_income": null,
      "opex": 804594000,
      "cogs": 240840000,
      "rd": 86410000,
      "sga": null,
      "fcf": -222201000,
      "ocf": -212553000,
      "capex": -9648000,
      "gross_margin": 0.6968709133771254,
      "op_margin": -0.012688275711033047,
      "fcf_margin": -0.2796694327216798,
      "incr_op_margin_yoy": -2.5358777218078914,
      "rev_growth_yoy": 0.1225740363965186,
      "rev_growth_yoy_accel": -0.07367618079550312,
      "fcf_margin_change": -0.548704819527351
    },
    {
      "date": "2022-09-30T00:00:00",
      "quarter_label": "2022-09 (Q3)",
      "revenue": 809546000,
      "gross_profit": 562584000,
      "operating_income": 210635000,
      "net_income": null,
      "opex": 598911000,
      "cogs": 246962000,
      "rd": 87880000,
      "sga": null,
      "fcf": 269419000,
      "ocf": 280487000,
      "capex": -11068000,
      "gross_margin": 0.6949376564148301,
      "op_margin": 0.26018904422972877,
      "fcf_margin": 0.3328025831762494,
      "incr_op_margin_yoy": -1.291012838801712,
      "rev_growth_yoy": 0.00961669171338243,
      "rev_growth_yoy_accel": -0.11295734468313616,
      "op_leverage_ratio": Infinity,
      "fcf_margin_change": 0.6124720158979292
    },
    {
      "date": "2022-12-31T00:00:00",
      "quarter_label": "2022-12 (Q4)",
      "revenue": 786153000,
      "gross_profit": 550228000,
      "operating_income": 106633000,
      "net_income": null,
      "opex": 679520000,
      "cogs": 235925000,
      "rd": 80555000,
      "sga": null,
      "fcf": 214485000,
      "ocf": 225237000,
      "capex": -10752000,
      "gross_margin": 0.6998993834533481,
      "op_margin": 0.1356389913922608,
      "fcf_margin": 0.2728285715376015,
      "incr_op_margin_yoy": 6.290304764773811,
      "rev_growth_yoy": -0.02470877219100078,
      "rev_growth_yoy_accel": -0.03432546390438321,
      "fcf_margin_change": -0.059974011638647906
    },
    {
      "date": "2023-03-31T00:00:00",
      "quarter_label": "2023-03 (Q1)",
      "revenue": 787124000,
      "gross_profit": 547114000,
      "operating_income": 198289000,
      "net_income": null,
      "opex": 588835000,
      "cogs": 240010000,
      "rd": 98186000,
      "sga": null,
      "fcf": 100544000,
      "ocf": 120387000,
      "capex": -19843000,
      "gross_margin": 0.6950798095344571,
      "op_margin": 0.2519158353702847,
      "fcf_margin": 0.12773590946280383,
      "incr_op_margin_yoy": 0.8281046319631529,
      "rev_growth_yoy": -0.014408406385427062,
      "rev_growth_yoy_accel": 0.01030036580557372,
      "fcf_margin_change": -0.14509266207479765
    },
    {
      "date": "2023-06-30T00:00:00",
      "quarter_label": "2023-06 (Q2)",
      "revenue": 829552000,
      "gross_profit": 579258000,
      "operating_income": 214796000,
      "net_income": null,
      "opex": 614756000,
      "cogs": 250294000,
      "rd": 94287000,
      "sga": null,
      "fcf": 191864000,
      "ocf": 209478000,
      "capex": -17614000,
      "gross_margin": 0.6982781067371304,
      "op_margin": 0.2589301213184948,
      "fcf_margin": 0.2312862846452061,
      "incr_op_margin_yoy": 6.417905762150746,
      "rev_growth_yoy": 0.044101229306506,
      "rev_growth_yoy_accel": 0.058509635691933064,
      "op_leverage_ratio": 1.224478798538234,
      "fcf_margin_change": 0.10355037518240226
    },
    {
      "date": "2023-09-30T00:00:00",
      "quarter_label": "2023-09 (Q3)",
      "revenue": 881600000,
      "gross_profit": 626002000,
      "operating_income": 243559000,
      "net_income": null,
      "opex": 638041000,
      "cogs": 255598000,
      "rd": 94141000,
      "sga": null,
      "fcf": 278244000,
      "ocf": 290807000,
      "capex": -12563000,
      "gross_margin": 0.7100748638838476,
      "op_margin": 0.2762692831215971,
      "fcf_margin": 0.3156125226860254,
      "incr_op_margin_yoy": 0.456935076470425,
      "rev_growth_yoy": 0.08900544255669227,
      "rev_growth_yoy_accel": 0.044904213250186266,
      "op_leverage_ratio": 1.6564829308831859,
      "fcf_margin_change": 0.08432623804081932
    },
    {
      "date": "2023-12-31T00:00:00",
      "quarter_label": "2023-12 (Q4)",
      "revenue": 866228000,
      "gross_profit": 658116000,
      "operating_income": 260252000,
      "net_income": null,
      "opex": 605976000,
      "cogs": 208112000,
      "rd": 97571000,
      "sga": null,
      "fcf": 258727000,
      "ocf": 276119000,
      "capex": -17392000,
      "gross_margin": 0.7597491653467678,
      "op_margin": 0.3004428395295465,
      "fcf_margin": 0.2986823330578093,
      "incr_op_margin_yoy": 1.9184389634717451,
      "rev_growth_yoy": 0.10185676325091934,
      "rev_growth_yoy_accel": 0.012851320694227078,
      "fcf_margin_change": -0.01693018962821613
    },
    {
      "date": "2024-03-31T00:00:00",
      "quarter_label": "2024-03 (Q1)",
      "revenue": 859647000,
      "gross_profit": 602905000,
      "operating_income": 184738000,
      "net_income": null,
      "opex": 674909000,
      "cogs": 256742000,
      "rd": 115737000,
      "sga": null,
      "fcf": 266869000,
      "ocf": 284103000,
      "capex": -17234000,
      "gross_margin": 0.7013402012686603,
      "op_margin": 0.21489983679347452,
      "fcf_margin": 0.31044021557685886,
      "incr_op_margin_yoy": -0.18685106793706824,
      "rev_growth_yoy": 0.09213669002596796,
      "rev_growth_yoy_accel": -0.009720073224951387,
      "fcf_margin_change": 0.011757882519049578
    },
    {
      "date": "2024-06-30T00:00:00",
      "quarter_label": "2024-06 (Q2)",
      "revenue": 864066000,
      "gross_profit": 619078000,
      "operating_income": 204526000,
      "net_income": null,
      "opex": 659540000,
      "cogs": 244988000,
      "rd": 113576000,
      "sga": null,
      "fcf": 116294000,
      "ocf": 128965000,
      "capex": -12671000,
      "gross_margin": 0.7164707325597813,
      "op_margin": 0.23670182601791992,
      "fcf_margin": 0.13458925591332144,
      "incr_op_margin_yoy": -0.29756041026829694,
      "rev_growth_yoy": 0.041605589523019654,
      "rev_growth_yoy_accel": -0.0505311005029483,
      "fcf_margin_change": -0.17585095966353742
    },
    {
      "date": "2024-09-30T00:00:00",
      "quarter_label": "2024-09 (Q3)",
      "revenue": 895484000,
      "gross_profit": 642355000,
      "operating_income": 210660000,
      "net_income": null,
      "opex": 684824000,
      "cogs": 253129000,
      "rd": 103724000,
      "sga": null,
      "fcf": 251835000,
      "ocf": 264941000,
      "capex": -13106000,
      "gross_margin": 0.7173271660911864,
      "op_margin": 0.2352470842583452,
      "fcf_margin": 0.28122780529858715,
      "incr_op_margin_yoy": -2.369562085854221,
      "rev_growth_yoy": 0.0157486388384755,
      "rev_growth_yoy_accel": -0.025856950684544154,
      "op_leverage_ratio": 0.9484773781905154,
      "fcf_margin_change": 0.14663854938526572
    },
    {
      "date": "2024-12-31T00:00:00",
      "quarter_label": "2024-12 (Q4)",
      "revenue": 860176000,
      "gross_profit": 623762000,
      "operating_income": 223388000,
      "net_income": null,
      "opex": 636788000,
      "cogs": 236414000,
      "rd": 109138000,
      "sga": null,
      "fcf": 247143000,
      "ocf": 254710000,
      "capex": -7567000,
      "gross_margin": 0.725156247093618,
      "op_margin": 0.259700340395454,
      "fcf_margin": 0.28731678168188834,
      "incr_op_margin_yoy": 6.091209517514871,
      "rev_growth_yoy": -0.006986613224231958,
      "rev_growth_yoy_accel": -0.022735252062707458,
      "fcf_margin_change": 0.006088976383301192
    },
    {
      "date": "2025-03-31T00:00:00",
      "quarter_label": "2025-03 (Q1)",
      "revenue": 831178000,
      "gross_profit": 594270000,
      "operating_income": 172593000,
      "net_income": null,
      "opex": 658585000,
      "cogs": 236908000,
      "rd": 120854000,
      "sga": null,
      "fcf": 177690000,
      "ocf": 193117000,
      "capex": -15427000,
      "gross_margin": 0.7149732067018135,
      "op_margin": 0.20764866250069178,
      "fcf_margin": 0.21378092297919338,
      "incr_op_margin_yoy": 0.4266043766904352,
      "rev_growth_yoy": -0.03311708177891623,
      "rev_growth_yoy_accel": -0.02613046855468427,
      "fcf_margin_change": -0.07353585870269497
    },
    {
      "date": "2025-06-30T00:00:00",
      "quarter_label": "2025-06 (Q2)",
      "revenue": 863738000,
      "gross_profit": 621800000,
      "operating_income": 193921000,
      "net_income": null,
      "opex": 669817000,
      "cogs": 241938000,
      "rd": 114511000,
      "sga": null,
      "fcf": 230972000,
      "ocf": 243842000,
      "capex": -12870000,
      "gross_margin": 0.7198942271846324,
      "op_margin": 0.22451368354755724,
      "fcf_margin": 0.2674097932474894,
      "rev_growth_yoy": -0.0003796006323591022,
      "rev_growth_yoy_accel": 0.032737481146557126,
      "op_leverage_ratio": 2.2969159142608153,
      "fcf_margin_change": 0.05362887026829605
    },
    {
      "date": "2025-09-30T00:00:00",
      "quarter_label": "2025-09 (Q3)",
      "revenue": 914275000,
      "gross_profit": 667232000,
      "operating_income": 221334000,
      "net_income": null,
      "opex": 692941000,
      "cogs": 247043000,
      "rd": 104969000,
      "sga": null,
      "fcf": 306838000,
      "ocf": 320641000,
      "capex": -13803000,
      "gross_margin": 0.7297935522681906,
      "op_margin": 0.242086899455853,
      "fcf_margin": 0.3356079954061962,
      "incr_op_margin_yoy": 0.5680378904794848,
      "rev_growth_yoy": 0.020984182855305063,
      "rev_growth_yoy_accel": 0.021363783487664167,
      "op_leverage_ratio": 1.6948085095380168,
      "fcf_margin_change": 0.06819820215870676
    }
  ],
  "signals": [
    {
      "quarter": "2025-09 (Q3)",
      "signal": "FCF MARGIN EXPANSION",
      "detail": "FCF margin: +26.7% -> +33.6% (+6.8%)",
      "severity": "MEDIUM"
    },
    {
      "quarter": "2025-09 (Q3)",
      "signal": "OPERATING LEVERAGE",
      "detail": "Rev growth +5.9% vs OpEx growth +3.5% (leverage: 1.7x)",
      "severity": "MEDIUM"
    },
    {
      "quarter": "2025-09 (Q3)",
      "signal": "INCREMENTAL MARGIN (YoY)",
      "detail": "YoY Incr OPM: +56.8% vs year-ago OPM: +23.5%",
      "severity": "HIGH"
    },
    {
      "quarter": "2025-06 (Q2)",
      "signal": "FCF MARGIN EXPANSION",
      "detail": "FCF margin: +21.4% -> +26.7% (+5.4%)",
      "severity": "MEDIUM"
    },
    {
      "quarter": "2025-06 (Q2)",
      "signal": "OPERATING LEVERAGE",
      "detail": "Rev growth +3.9% vs OpEx growth +1.7% (leverage: 2.3x)",
      "severity": "MEDIUM"
    },
    {
      "quarter": "2025-03 (Q1)",
      "signal": "INCREMENTAL MARGIN (YoY)",
      "detail": "YoY Incr OPM: +42.7% vs year-ago OPM: +21.5%",
      "severity": "HIGH"
    },
    {
      "quarter": "2024-12 (Q4)",
      "signal": "INCREMENTAL MARGIN (YoY)",
      "detail": "YoY Incr OPM: +609.1% vs year-ago OPM: +30.0%",
      "severity": "HIGH"
    },
    {
      "quarter": "2024-09 (Q3)",
      "signal": "FCF MARGIN EXPANSION",
      "detail": "FCF margin: +13.5% -> +28.1% (+14.7%)",
      "severity": "MEDIUM"
    },
    {
      "quarter": "2024-06 (Q2)",
      "signal": "YoY REVENUE GROWTH DECELERATION",
      "detail": "YoY growth: +4.2% vs prior quarter YoY: +9.2% (decel: -5.1%)",
      "severity": "WARNING"
    },
    {
      "quarter": "2023-12 (Q4)",
      "signal": "INCREMENTAL MARGIN (YoY)",
      "detail": "YoY Incr OPM: +191.8% vs year-ago OPM: +13.6%",
      "severity": "HIGH"
    },
    {
      "quarter": "2023-09 (Q3)",
      "signal": "FCF MARGIN EXPANSION",
      "detail": "FCF margin: +23.1% -> +31.6% (+8.4%)",
      "severity": "MEDIUM"
    },
    {
      "quarter": "2023-09 (Q3)",
      "signal": "OPERATING LEVERAGE",
      "detail": "Rev growth +6.3% vs OpEx growth +3.8% (leverage: 1.7x)",
      "severity": "MEDIUM"
    },
    {
      "quarter": "2023-09 (Q3)",
      "signal": "INCREMENTAL MARGIN (YoY)",
      "detail": "YoY Incr OPM: +45.7% vs year-ago OPM: +26.0%",
      "severity": "MEDIUM"
    },
    {
      "quarter": "2023-06 (Q2)",
      "signal": "FCF MARGIN EXPANSION",
      "detail": "FCF margin: +12.8% -> +23.1% (+10.4%)",
      "severity": "MEDIUM"
    },
    {
      "quarter": "2023-06 (Q2)",
      "signal": "YoY REVENUE GROWTH ACCELERATION",
      "detail": "YoY growth: +4.4% vs prior quarter YoY: -1.4% (accel: +5.9%)",
      "severity": "MEDIUM"
    },
    {
      "quarter": "2023-06 (Q2)",
      "signal": "OP MARGIN TURNED POSITIVE (YoY)",
      "detail": "Op margin: -1.3% (year-ago) -> +25.9%",
      "severity": "HIGH"
    },
    {
      "quarter": "2023-03 (Q1)",
      "signal": "INCREMENTAL MARGIN (YoY)",
      "detail": "YoY Incr OPM: +82.8% vs year-ago OPM: +26.0%",
      "severity": "HIGH"
    },
    {
      "quarter": "2022-12 (Q4)",
      "signal": "INCREMENTAL MARGIN (YoY)",
      "detail": "YoY Incr OPM: +629.0% vs year-ago OPM: +28.8%",
      "severity": "HIGH"
    },
    {
      "quarter": "2022-09 (Q3)",
      "signal": "FCF TURNED POSITIVE",
      "detail": "FCF margin: -28.0% -> +33.3%",
      "severity": "HIGH"
    },
    {
      "quarter": "2022-09 (Q3)",
      "signal": "YoY REVENUE GROWTH DECELERATION",
      "detail": "YoY growth: +1.0% vs prior quarter YoY: +12.3% (decel: -11.3%)",
      "severity": "WARNING"
    },
    {
      "quarter": "2022-09 (Q3)",
      "signal": "OP MARGIN TURNED POSITIVE (QoQ)",
      "detail": "Op margin: -1.3% -> +26.0%",
      "severity": "HIGH"
    },
    {
      "quarter": "2022-06 (Q2)",
      "signal": "YoY REVENUE GROWTH DECELERATION",
      "detail": "YoY growth: +12.3% vs prior quarter YoY: +19.6% (decel: -7.4%)",
      "severity": "WARNING"
    }
  ],
  "data_quality": {
    "n_quarters": 20,
    "coverage": {
      "revenue": [
        20,
        20
      ],
      "gross_profit": [
        20,
        20
      ],
      "op_income": [
        20,
        20
      ],
      "fcf": [
        16,
        20
      ]
    },
    "gaps": [],
    "warnings": []
  },
  "market_cap": null,
  "source": "SEC EDGAR",
  "last_updated": "2026-02-02T20:48:02.450739"
}