{
  "ticker": "MTD",
  "name": "Mettler-Toledo International Inc",
  "quarters": [
    {
      "date": "2020-12-31T00:00:00",
      "quarter_label": "2020-12 (Q4)",
      "revenue": 937985000,
      "gross_profit": 559044000,
      "operating_income": null,
      "net_income": 216295000,
      "opex": null,
      "cogs": null,
      "rd": 39866000,
      "sga": 226369000,
      "fcf": 215803000,
      "ocf": 250869000,
      "capex": -35066000,
      "gross_margin": 0.5960052666087411,
      "op_margin": null,
      "fcf_margin": 0.2300708433503734
    },
    {
      "date": "2021-03-31T00:00:00",
      "quarter_label": "2021-03 (Q1)",
      "revenue": 804390000,
      "gross_profit": 471696000,
      "operating_income": null,
      "net_income": 149663000,
      "opex": null,
      "cogs": null,
      "rd": 39272000,
      "sga": 221752000,
      "fcf": 134272000,
      "ocf": 158877000,
      "capex": -24605000,
      "gross_margin": 0.5864021183754149,
      "op_margin": null,
      "fcf_margin": 0.16692400452516815,
      "fcf_margin_change": -0.06314683882520525
    },
    {
      "date": "2021-06-30T00:00:00",
      "quarter_label": "2021-06 (Q2)",
      "revenue": 924351000,
      "gross_profit": 536904000,
      "operating_income": null,
      "net_income": 184763000,
      "opex": null,
      "cogs": null,
      "rd": 42603000,
      "sga": 239045000,
      "fcf": 222777000,
      "ocf": 245535000,
      "capex": -22758000,
      "gross_margin": 0.5808442896691841,
      "op_margin": null,
      "fcf_margin": 0.24100909719359853,
      "fcf_margin_change": 0.07408509266843039
    },
    {
      "date": "2021-09-30T00:00:00",
      "quarter_label": "2021-09 (Q3)",
      "revenue": 951950000,
      "gross_profit": 555820000,
      "operating_income": null,
      "net_income": 203688000,
      "opex": null,
      "cogs": null,
      "rd": 42276000,
      "sga": 240734000,
      "fcf": 240874000,
      "ocf": 263307000,
      "capex": -22433000,
      "gross_margin": 0.5838752035295971,
      "op_margin": null,
      "fcf_margin": 0.2530321970691738,
      "fcf_margin_change": 0.01202309987557526
    },
    {
      "date": "2021-12-31T00:00:00",
      "quarter_label": "2021-12 (Q4)",
      "revenue": 1037239000,
      "gross_profit": 607133000,
      "operating_income": null,
      "net_income": 174001000,
      "opex": null,
      "cogs": null,
      "rd": 45615000,
      "sga": 242445000,
      "fcf": 203322000,
      "ocf": 241106000,
      "capex": -37784000,
      "gross_margin": 0.5853356844468826,
      "op_margin": null,
      "fcf_margin": 0.19602232465227398,
      "rev_growth_yoy": 0.10581619109047587,
      "fcf_margin_change": -0.05700987241689981
    },
    {
      "date": "2022-03-31T00:00:00",
      "quarter_label": "2022-03 (Q1)",
      "revenue": 897791000,
      "gross_profit": 519585000,
      "operating_income": null,
      "net_income": 174001000,
      "opex": null,
      "cogs": null,
      "rd": 43028000,
      "sga": 235312000,
      "fcf": 71686000,
      "ocf": 90837000,
      "capex": -19151000,
      "gross_margin": 0.5787371448366045,
      "op_margin": null,
      "fcf_margin": 0.07984709136090694,
      "rev_growth_yoy": 0.11611407401882172,
      "rev_growth_yoy_accel": 0.010297882928345853,
      "fcf_margin_change": -0.11617523329136704
    },
    {
      "date": "2022-06-30T00:00:00",
      "quarter_label": "2022-06 (Q2)",
      "revenue": 978387000,
      "gross_profit": 571661000,
      "operating_income": null,
      "net_income": 212070000,
      "opex": null,
      "cogs": null,
      "rd": 44023000,
      "sga": 242206000,
      "fcf": 175916000,
      "ocf": 219156000,
      "capex": -43240000,
      "gross_margin": 0.584289243417993,
      "op_margin": null,
      "fcf_margin": 0.17980206196525506,
      "rev_growth_yoy": 0.058458312913601,
      "rev_growth_yoy_accel": -0.05765576110522072,
      "fcf_margin_change": 0.09995497060434812
    },
    {
      "date": "2022-09-30T00:00:00",
      "quarter_label": "2022-09 (Q3)",
      "revenue": 985846000,
      "gross_profit": 584656000,
      "operating_income": null,
      "net_income": 220597000,
      "opex": null,
      "cogs": null,
      "rd": 44129000,
      "sga": 233357000,
      "fcf": 218609000,
      "ocf": 245431000,
      "capex": -26822000,
      "gross_margin": 0.5930500301264092,
      "op_margin": null,
      "fcf_margin": 0.22174761575337323,
      "rev_growth_yoy": 0.035606912127737804,
      "rev_growth_yoy_accel": -0.022851400785863195,
      "fcf_margin_change": 0.04194555378811818
    },
    {
      "date": "2022-12-31T00:00:00",
      "quarter_label": "2022-12 (Q4)",
      "revenue": 1057685000,
      "gross_profit": 632140000,
      "operating_income": null,
      "net_income": 188426000,
      "opex": null,
      "cogs": null,
      "rd": 45942000,
      "sga": 227586000,
      "fcf": 271615000,
      "ocf": 303643000,
      "capex": -32028000,
      "gross_margin": 0.5976637656769265,
      "op_margin": null,
      "fcf_margin": 0.256801410627928,
      "rev_growth_yoy": 0.019711946812643953,
      "rev_growth_yoy_accel": -0.01589496531509385,
      "fcf_margin_change": 0.03505379487455476
    },
    {
      "date": "2023-03-31T00:00:00",
      "quarter_label": "2023-03 (Q1)",
      "revenue": 928738000,
      "gross_profit": 546566000,
      "operating_income": null,
      "net_income": 188426000,
      "opex": null,
      "cogs": null,
      "rd": 45477000,
      "sga": 234638000,
      "fcf": 130066000,
      "ocf": 153262000,
      "capex": -23196000,
      "gross_margin": 0.588503969903245,
      "op_margin": null,
      "fcf_margin": 0.140045954833333,
      "rev_growth_yoy": 0.03447016064986171,
      "rev_growth_yoy_accel": 0.01475821383721776,
      "fcf_margin_change": -0.11675545579459501
    },
    {
      "date": "2023-06-30T00:00:00",
      "quarter_label": "2023-06 (Q2)",
      "revenue": 982117000,
      "gross_profit": 583543000,
      "operating_income": null,
      "net_income": 213927000,
      "opex": null,
      "cogs": null,
      "rd": 47245000,
      "sga": 228594000,
      "fcf": 238060000,
      "ocf": 266811000,
      "capex": -28751000,
      "gross_margin": 0.5941685155638279,
      "op_margin": null,
      "fcf_margin": 0.24239474522892893,
      "rev_growth_yoy": 0.003812397343791363,
      "rev_growth_yoy_accel": -0.03065776330607035,
      "fcf_margin_change": 0.10234879039559594
    },
    {
      "date": "2023-09-30T00:00:00",
      "quarter_label": "2023-09 (Q3)",
      "revenue": 942462000,
      "gross_profit": 559539000,
      "operating_income": null,
      "net_income": 201631000,
      "opex": null,
      "cogs": null,
      "rd": 46127000,
      "sga": 217447000,
      "fcf": 243336000,
      "ocf": 264296000,
      "capex": -20960000,
      "gross_margin": 0.5936992685116217,
      "op_margin": null,
      "fcf_margin": 0.2581918422175112,
      "rev_growth_yoy": -0.04400687328446837,
      "rev_growth_yoy_accel": -0.04781927062825973,
      "fcf_margin_change": 0.015797096988582254
    },
    {
      "date": "2023-12-31T00:00:00",
      "quarter_label": "2023-12 (Q4)",
      "revenue": 934992000,
      "gross_profit": 551638000,
      "operating_income": null,
      "net_income": 184794000,
      "opex": null,
      "cogs": null,
      "rd": 46435000,
      "sga": 223427000,
      "fcf": 249089000,
      "ocf": 281505000,
      "capex": -32416000,
      "gross_margin": 0.5899922138371237,
      "op_margin": null,
      "fcf_margin": 0.26640762701712956,
      "rev_growth_yoy": -0.1160014560100597,
      "rev_growth_yoy_accel": -0.07199458272559134,
      "fcf_margin_change": 0.008215784799618375
    },
    {
      "date": "2024-03-31T00:00:00",
      "quarter_label": "2024-03 (Q1)",
      "revenue": 925949000,
      "gross_profit": 548133000,
      "operating_income": null,
      "net_income": 177509000,
      "opex": null,
      "cogs": null,
      "rd": 46415000,
      "sga": 234390000,
      "fcf": 172596000,
      "ocf": 189987000,
      "capex": -17391000,
      "gross_margin": 0.5919688881353077,
      "op_margin": null,
      "fcf_margin": 0.1863990349360494,
      "rev_growth_yoy": -0.0030029997695797954,
      "rev_growth_yoy_accel": 0.11299845624047991,
      "fcf_margin_change": -0.08000859208108016
    },
    {
      "date": "2024-06-30T00:00:00",
      "quarter_label": "2024-06 (Q2)",
      "revenue": 946750000,
      "gross_profit": 565668000,
      "operating_income": null,
      "net_income": 221814000,
      "opex": null,
      "cogs": null,
      "rd": 45771000,
      "sga": 235796000,
      "fcf": 233696000,
      "ocf": 257506000,
      "capex": -23810000,
      "gross_margin": 0.5974840242936361,
      "op_margin": null,
      "fcf_margin": 0.24684024293636123,
      "rev_growth_yoy": -0.036010984434644754,
      "rev_growth_yoy_accel": -0.03300798466506496,
      "fcf_margin_change": 0.06044120800031183
    },
    {
      "date": "2024-09-30T00:00:00",
      "quarter_label": "2024-09 (Q3)",
      "revenue": 954535000,
      "gross_profit": 572467000,
      "operating_income": null,
      "net_income": 211516000,
      "opex": null,
      "cogs": null,
      "rd": 47117000,
      "sga": 228777000,
      "fcf": 233245000,
      "ocf": 254666000,
      "capex": -21421000,
      "gross_margin": 0.5997339018474964,
      "op_margin": null,
      "fcf_margin": 0.24435458102636362,
      "rev_growth_yoy": 0.012810065551714551,
      "rev_growth_yoy_accel": 0.048821049986359305,
      "fcf_margin_change": -0.002485661909997605
    },
    {
      "date": "2024-12-31T00:00:00",
      "quarter_label": "2024-12 (Q4)",
      "revenue": 1045127000,
      "gross_profit": 639315000,
      "operating_income": null,
      "net_income": 252301000,
      "opex": null,
      "cogs": null,
      "rd": 50054000,
      "sga": 237340000,
      "fcf": 224911000,
      "ocf": 266187000,
      "capex": -41276000,
      "gross_margin": 0.6117103471635504,
      "op_margin": null,
      "fcf_margin": 0.21519968386617128,
      "rev_growth_yoy": 0.1177924517001215,
      "rev_growth_yoy_accel": 0.10498238614840694,
      "fcf_margin_change": -0.029154897160192345
    },
    {
      "date": "2025-03-31T00:00:00",
      "quarter_label": "2025-03 (Q1)",
      "revenue": 883744000,
      "gross_profit": 525879000,
      "operating_income": null,
      "net_income": 163587000,
      "opex": null,
      "cogs": null,
      "rd": 46346000,
      "sga": 242799000,
      "fcf": 177194000,
      "ocf": 194449000,
      "capex": -17255000,
      "gross_margin": 0.5950580711156171,
      "op_margin": null,
      "fcf_margin": 0.20050376579642973,
      "rev_growth_yoy": -0.04558026413981764,
      "rev_growth_yoy_accel": -0.16337271583993912,
      "fcf_margin_change": -0.014695918069741548
    },
    {
      "date": "2025-06-30T00:00:00",
      "quarter_label": "2025-06 (Q2)",
      "revenue": 983221000,
      "gross_profit": 579876000,
      "operating_income": null,
      "net_income": 202348000,
      "opex": null,
      "cogs": null,
      "rd": 49285000,
      "sga": 247298000,
      "fcf": 212489000,
      "ocf": 236366000,
      "capex": -23877000,
      "gross_margin": 0.5897717807085081,
      "op_margin": null,
      "fcf_margin": 0.2161151968885937,
      "rev_growth_yoy": 0.03852231317665698,
      "rev_growth_yoy_accel": 0.08410257731647462,
      "fcf_margin_change": 0.01561143109216398
    },
    {
      "date": "2025-09-30T00:00:00",
      "quarter_label": "2025-09 (Q3)",
      "revenue": 1029699000,
      "gross_profit": 609456000,
      "operating_income": null,
      "net_income": 217493000,
      "opex": null,
      "cogs": null,
      "rd": 51143000,
      "sga": 248391000,
      "fcf": 274884000,
      "ocf": 299372000,
      "capex": -24488000,
      "gross_margin": 0.5918778206058275,
      "op_margin": null,
      "fcf_margin": 0.266955683165663,
      "rev_growth_yoy": 0.07874410053062486,
      "rev_growth_yoy_accel": 0.04022178735396788,
      "fcf_margin_change": 0.050840486277069274
    }
  ],
  "signals": [
    {
      "quarter": "2025-09 (Q3)",
      "signal": "FCF MARGIN EXPANSION",
      "detail": "FCF margin: +21.6% -> +26.7% (+5.1%)",
      "severity": "MEDIUM"
    },
    {
      "quarter": "2025-06 (Q2)",
      "signal": "YoY REVENUE GROWTH ACCELERATION",
      "detail": "YoY growth: +3.9% vs prior quarter YoY: -4.6% (accel: +8.4%)",
      "severity": "MEDIUM"
    },
    {
      "quarter": "2025-03 (Q1)",
      "signal": "YoY REVENUE GROWTH DECELERATION",
      "detail": "YoY growth: -4.6% vs prior quarter YoY: +11.8% (decel: -16.3%)",
      "severity": "WARNING"
    },
    {
      "quarter": "2024-12 (Q4)",
      "signal": "YoY REVENUE GROWTH ACCELERATION",
      "detail": "YoY growth: +11.8% vs prior quarter YoY: +1.3% (accel: +10.5%)",
      "severity": "MEDIUM"
    },
    {
      "quarter": "2024-06 (Q2)",
      "signal": "FCF MARGIN EXPANSION",
      "detail": "FCF margin: +18.6% -> +24.7% (+6.0%)",
      "severity": "MEDIUM"
    },
    {
      "quarter": "2024-03 (Q1)",
      "signal": "YoY REVENUE GROWTH ACCELERATION",
      "detail": "YoY growth: -0.3% vs prior quarter YoY: -11.6% (accel: +11.3%)",
      "severity": "MEDIUM"
    },
    {
      "quarter": "2023-12 (Q4)",
      "signal": "YoY REVENUE GROWTH DECELERATION",
      "detail": "YoY growth: -11.6% vs prior quarter YoY: -4.4% (decel: -7.2%)",
      "severity": "WARNING"
    },
    {
      "quarter": "2023-06 (Q2)",
      "signal": "FCF MARGIN EXPANSION",
      "detail": "FCF margin: +14.0% -> +24.2% (+10.2%)",
      "severity": "MEDIUM"
    },
    {
      "quarter": "2022-06 (Q2)",
      "signal": "FCF MARGIN EXPANSION",
      "detail": "FCF margin: +8.0% -> +18.0% (+10.0%)",
      "severity": "MEDIUM"
    },
    {
      "quarter": "2022-06 (Q2)",
      "signal": "YoY REVENUE GROWTH DECELERATION",
      "detail": "YoY growth: +5.8% vs prior quarter YoY: +11.6% (decel: -5.8%)",
      "severity": "WARNING"
    },
    {
      "quarter": "2021-06 (Q2)",
      "signal": "FCF MARGIN EXPANSION",
      "detail": "FCF margin: +16.7% -> +24.1% (+7.4%)",
      "severity": "MEDIUM"
    }
  ],
  "data_quality": {
    "n_quarters": 20,
    "coverage": {
      "revenue": [
        20,
        20
      ],
      "gross_profit": [
        20,
        20
      ],
      "op_income": [
        0,
        20
      ],
      "fcf": [
        20,
        20
      ]
    },
    "gaps": [],
    "warnings": [
      "op_income: no data"
    ]
  },
  "market_cap": null,
  "source": "SEC EDGAR",
  "last_updated": "2026-02-02T20:09:23.366728",
  "sector": "Healthcare",
  "industry": "Diagnostics & Research"
}