{
  "ticker": "MTDR",
  "name": "Matador Resources Company",
  "quarters": [
    {
      "date": "2020-12-31T00:00:00",
      "quarter_label": "2020-12 (Q4)",
      "revenue": 224235000,
      "gross_profit": null,
      "operating_income": -58580000,
      "net_income": -89454000,
      "opex": 282815000,
      "cogs": null,
      "rd": null,
      "sga": null,
      "fcf": 157623000,
      "ocf": 157623000,
      "capex": null,
      "gross_margin": null,
      "op_margin": -0.2612437844225924,
      "fcf_margin": 0.7029366512810221
    },
    {
      "date": "2021-03-31T00:00:00",
      "quarter_label": "2021-03 (Q1)",
      "revenue": 266845000,
      "gross_profit": null,
      "operating_income": 92663000,
      "net_income": 60645000,
      "opex": 174182000,
      "cogs": null,
      "rd": null,
      "sga": null,
      "fcf": 169395000,
      "ocf": 169395000,
      "capex": null,
      "gross_margin": null,
      "op_margin": 0.3472540238715359,
      "fcf_margin": 0.6348067230039911,
      "op_leverage_ratio": Infinity,
      "fcf_margin_change": -0.06812992827703102
    },
    {
      "date": "2021-06-30T00:00:00",
      "quarter_label": "2021-06 (Q2)",
      "revenue": 357427000,
      "gross_profit": null,
      "operating_income": 145106000,
      "net_income": 105905000,
      "opex": 212321000,
      "cogs": null,
      "rd": null,
      "sga": null,
      "fcf": 258200000,
      "ocf": 258200000,
      "capex": null,
      "gross_margin": null,
      "op_margin": 0.4059738072389607,
      "fcf_margin": 0.722385270278966,
      "op_leverage_ratio": 1.5503037837821794,
      "fcf_margin_change": 0.08757854727497494
    },
    {
      "date": "2021-09-30T00:00:00",
      "quarter_label": "2021-09 (Q3)",
      "revenue": 472351000,
      "gross_profit": null,
      "operating_income": 230186000,
      "net_income": 203628000,
      "opex": 242165000,
      "cogs": null,
      "rd": null,
      "sga": null,
      "fcf": 291231000,
      "ocf": 291231000,
      "capex": null,
      "gross_margin": null,
      "op_margin": 0.4873198109033325,
      "fcf_margin": 0.6165563320496834,
      "op_leverage_ratio": 2.2874904897758235,
      "fcf_margin_change": -0.10582893822928263
    },
    {
      "date": "2021-12-31T00:00:00",
      "quarter_label": "2021-12 (Q4)",
      "revenue": 566358000,
      "gross_profit": null,
      "operating_income": 325121000,
      "net_income": 214790000,
      "opex": 241237000,
      "cogs": null,
      "rd": null,
      "sga": null,
      "fcf": 334529000,
      "ocf": 334529000,
      "capex": null,
      "gross_margin": null,
      "op_margin": 0.5740556326563764,
      "fcf_margin": 0.5906670339255382,
      "incr_op_margin_yoy": 1.121529391476165,
      "rev_growth_yoy": 1.5257341628202556,
      "op_leverage_ratio": Infinity,
      "fcf_margin_change": -0.0258892981241452
    },
    {
      "date": "2022-03-31T00:00:00",
      "quarter_label": "2022-03 (Q1)",
      "revenue": 565692000,
      "gross_profit": null,
      "operating_income": 309307000,
      "net_income": 207124000,
      "opex": 256385000,
      "cogs": null,
      "rd": null,
      "sga": null,
      "fcf": 328954000,
      "ocf": 328954000,
      "capex": null,
      "gross_margin": null,
      "op_margin": 0.5467763376537056,
      "fcf_margin": 0.5815072512957581,
      "incr_op_margin_yoy": 0.724932825158024,
      "rev_growth_yoy": 1.1199272986190485,
      "rev_growth_yoy_accel": -0.40580686420120715,
      "fcf_margin_change": -0.009159782629780122
    },
    {
      "date": "2022-06-30T00:00:00",
      "quarter_label": "2022-06 (Q2)",
      "revenue": 943930000,
      "gross_profit": null,
      "operating_income": 594989000,
      "net_income": 415718000,
      "opex": 348941000,
      "cogs": null,
      "rd": null,
      "sga": null,
      "fcf": 646302000,
      "ocf": 646302000,
      "capex": null,
      "gross_margin": null,
      "op_margin": 0.6303316983250876,
      "fcf_margin": 0.6846927208585383,
      "incr_op_margin_yoy": 0.7670600150382862,
      "rev_growth_yoy": 1.640902897654626,
      "rev_growth_yoy_accel": 0.5209755990355776,
      "op_leverage_ratio": 1.8521372098895557,
      "fcf_margin_change": 0.10318546956278019
    },
    {
      "date": "2022-09-30T00:00:00",
      "quarter_label": "2022-09 (Q3)",
      "revenue": 840928000,
      "gross_profit": null,
      "operating_income": 483274000,
      "net_income": 337572000,
      "opex": 357654000,
      "cogs": null,
      "rd": null,
      "sga": null,
      "fcf": 556960000,
      "ocf": 556960000,
      "capex": null,
      "gross_margin": null,
      "op_margin": 0.5746912934282127,
      "fcf_margin": 0.6623159176528787,
      "incr_op_margin_yoy": 0.6866624884352523,
      "rev_growth_yoy": 0.7803032067255071,
      "rev_growth_yoy_accel": -0.8605996909291189,
      "fcf_margin_change": -0.0223768032056596
    },
    {
      "date": "2022-12-31T00:00:00",
      "quarter_label": "2022-12 (Q4)",
      "revenue": 707475000,
      "gross_profit": null,
      "operating_income": 371700000,
      "net_income": 253792000,
      "opex": -710353000,
      "cogs": null,
      "rd": null,
      "sga": null,
      "fcf": 446523000,
      "ocf": 446523000,
      "capex": null,
      "gross_margin": null,
      "op_margin": 0.5253895897381533,
      "fcf_margin": 0.6311502173221668,
      "incr_op_margin_yoy": 0.33007362684864333,
      "rev_growth_yoy": 0.2491657220344729,
      "rev_growth_yoy_accel": -0.5311374846910342,
      "fcf_margin_change": -0.031165700330711865
    },
    {
      "date": "2023-03-31T00:00:00",
      "quarter_label": "2023-03 (Q1)",
      "revenue": 560276000,
      "gross_profit": null,
      "operating_income": 251433000,
      "net_income": 163130000,
      "opex": 308843000,
      "cogs": null,
      "rd": null,
      "sga": null,
      "fcf": 339500000,
      "ocf": 339500000,
      "capex": null,
      "gross_margin": null,
      "op_margin": 0.4487663223125745,
      "fcf_margin": 0.605951352547673,
      "incr_op_margin_yoy": 10.685745937961595,
      "rev_growth_yoy": -0.009574114535825148,
      "rev_growth_yoy_accel": -0.25873983657029803,
      "fcf_margin_change": -0.025198864774493845
    },
    {
      "date": "2023-06-30T00:00:00",
      "quarter_label": "2023-06 (Q2)",
      "revenue": 638083000,
      "gross_profit": null,
      "operating_income": 252268000,
      "net_income": 164666000,
      "opex": 385815000,
      "cogs": null,
      "rd": null,
      "sga": null,
      "fcf": 449011000,
      "ocf": 449011000,
      "capex": null,
      "gross_margin": null,
      "op_margin": 0.3953529556499703,
      "fcf_margin": 0.703687451319029,
      "incr_op_margin_yoy": 1.1205635497487305,
      "rev_growth_yoy": -0.32401449260008686,
      "rev_growth_yoy_accel": -0.3144403780642617,
      "op_leverage_ratio": 0.5572135160815038,
      "fcf_margin_change": 0.09773609877135603
    },
    {
      "date": "2023-09-30T00:00:00",
      "quarter_label": "2023-09 (Q3)",
      "revenue": 772294000,
      "gross_profit": null,
      "operating_income": 340010000,
      "net_income": 263739000,
      "opex": 432284000,
      "cogs": null,
      "rd": null,
      "sga": null,
      "fcf": 460970000,
      "ocf": 460970000,
      "capex": null,
      "gross_margin": null,
      "op_margin": 0.4402597974346557,
      "fcf_margin": 0.5968840881840335,
      "incr_op_margin_yoy": 2.087361948888306,
      "rev_growth_yoy": -0.08161697553179345,
      "rev_growth_yoy_accel": 0.2423975170682934,
      "op_leverage_ratio": 1.7463316290271327,
      "fcf_margin_change": -0.1068033631349955
    },
    {
      "date": "2023-12-31T00:00:00",
      "quarter_label": "2023-12 (Q4)",
      "revenue": 836132000,
      "gross_profit": null,
      "operating_income": 365611000,
      "net_income": 254539000,
      "opex": -754377000,
      "cogs": null,
      "rd": null,
      "sga": null,
      "fcf": 618347000,
      "ocf": 618347000,
      "capex": null,
      "gross_margin": null,
      "op_margin": 0.43726469026421666,
      "fcf_margin": 0.7395327532016476,
      "incr_op_margin_yoy": -0.04732738988162323,
      "rev_growth_yoy": 0.18185377575179335,
      "rev_growth_yoy_accel": 0.26347075128358677,
      "op_leverage_ratio": Infinity,
      "fcf_margin_change": 0.14264866501761408
    },
    {
      "date": "2024-03-31T00:00:00",
      "quarter_label": "2024-03 (Q1)",
      "revenue": 787693000,
      "gross_profit": null,
      "operating_income": 318953000,
      "net_income": 193729000,
      "opex": 115918000,
      "cogs": null,
      "rd": null,
      "sga": null,
      "fcf": 468562000,
      "ocf": 468562000,
      "capex": null,
      "gross_margin": null,
      "op_margin": 0.40492044489414025,
      "fcf_margin": 0.5948535787419718,
      "incr_op_margin_yoy": 0.29689952817951165,
      "rev_growth_yoy": 0.4059017341453141,
      "rev_growth_yoy_accel": 0.22404795839352076,
      "fcf_margin_change": -0.14467917445967582
    },
    {
      "date": "2024-06-30T00:00:00",
      "quarter_label": "2024-06 (Q2)",
      "revenue": 847136000,
      "gross_profit": null,
      "operating_income": 363620000,
      "net_income": 228769000,
      "opex": 116288000,
      "cogs": null,
      "rd": null,
      "sga": null,
      "fcf": 592927000,
      "ocf": 592927000,
      "capex": null,
      "gross_margin": null,
      "op_margin": 0.4292345030786084,
      "fcf_margin": 0.6999194934461527,
      "incr_op_margin_yoy": 0.5326496151693589,
      "rev_growth_yoy": 0.32762665672020724,
      "rev_growth_yoy_accel": -0.07827507742510686,
      "op_leverage_ratio": 23.64247229533553,
      "fcf_margin_change": 0.10506591470418092
    },
    {
      "date": "2024-09-30T00:00:00",
      "quarter_label": "2024-09 (Q3)",
      "revenue": 899783000,
      "gross_profit": null,
      "operating_income": 392056000,
      "net_income": 248291000,
      "opex": 130503000,
      "cogs": null,
      "rd": null,
      "sga": null,
      "fcf": 610437000,
      "ocf": 610437000,
      "capex": null,
      "gross_margin": null,
      "op_margin": 0.4357228353947563,
      "fcf_margin": 0.6784269095993145,
      "incr_op_margin_yoy": 0.40823914220050356,
      "rev_growth_yoy": 0.16507832509381143,
      "rev_growth_yoy_accel": -0.16254833162639581,
      "op_leverage_ratio": 0.5084034956527426,
      "fcf_margin_change": -0.021492583846838165
    },
    {
      "date": "2024-12-31T00:00:00",
      "quarter_label": "2024-12 (Q4)",
      "revenue": 970369000,
      "gross_profit": null,
      "operating_income": 360069000,
      "net_income": 214533000,
      "opex": 150327000,
      "cogs": null,
      "rd": null,
      "sga": null,
      "fcf": 574959000,
      "ocf": 574959000,
      "capex": null,
      "gross_margin": null,
      "op_margin": 0.3710639973041183,
      "fcf_margin": 0.5925158367590061,
      "incr_op_margin_yoy": -0.04128518962730097,
      "rev_growth_yoy": 0.16054522491663994,
      "rev_growth_yoy_accel": -0.004533100177171484,
      "op_leverage_ratio": 0.5164282538109626,
      "fcf_margin_change": -0.08591107284030841
    },
    {
      "date": "2025-03-31T00:00:00",
      "quarter_label": "2025-03 (Q1)",
      "revenue": 1013958000,
      "gross_profit": null,
      "operating_income": 389151000,
      "net_income": 240085000,
      "opex": 159479000,
      "cogs": null,
      "rd": null,
      "sga": null,
      "fcf": 727879000,
      "ocf": 727879000,
      "capex": null,
      "gross_margin": null,
      "op_margin": 0.38379400330191193,
      "fcf_margin": 0.7178591223699601,
      "incr_op_margin_yoy": 0.3102468344640134,
      "rev_growth_yoy": 0.2872502358152224,
      "rev_growth_yoy_accel": 0.12670501089858247,
      "op_leverage_ratio": 0.73783791942456,
      "fcf_margin_change": 0.12534328561095398
    },
    {
      "date": "2025-06-30T00:00:00",
      "quarter_label": "2025-06 (Q2)",
      "revenue": 895312000,
      "gross_profit": null,
      "operating_income": 288664000,
      "net_income": 150225000,
      "opex": 151365000,
      "cogs": null,
      "rd": null,
      "sga": null,
      "fcf": 501027000,
      "ocf": 501027000,
      "capex": null,
      "gross_margin": null,
      "op_margin": 0.32241721321729183,
      "fcf_margin": 0.5596116214235931,
      "incr_op_margin_yoy": -1.5558784456991033,
      "rev_growth_yoy": 0.05686926302270238,
      "rev_growth_yoy_accel": -0.23038097279252004,
      "fcf_margin_change": -0.15824750094636697
    },
    {
      "date": "2025-09-30T00:00:00",
      "quarter_label": "2025-09 (Q3)",
      "revenue": 939015000,
      "gross_profit": null,
      "operating_income": 305979000,
      "net_income": 176364000,
      "opex": 158008000,
      "cogs": null,
      "rd": null,
      "sga": null,
      "fcf": 721660000,
      "ocf": 721660000,
      "capex": null,
      "gross_margin": null,
      "op_margin": 0.3258510247440137,
      "fcf_margin": 0.7685287242482814,
      "incr_op_margin_yoy": -2.1940507748776508,
      "rev_growth_yoy": 0.043601623947107246,
      "rev_growth_yoy_accel": -0.013267639075595132,
      "op_leverage_ratio": 1.112238841907841,
      "fcf_margin_change": 0.20891710282468834
    }
  ],
  "signals": [
    {
      "quarter": "2025-09 (Q3)",
      "signal": "FCF MARGIN EXPANSION",
      "detail": "FCF margin: +56.0% -> +76.9% (+20.9%)",
      "severity": "MEDIUM"
    },
    {
      "quarter": "2025-06 (Q2)",
      "signal": "YoY REVENUE GROWTH DECELERATION",
      "detail": "YoY growth: +5.7% vs prior quarter YoY: +28.7% (decel: -23.0%)",
      "severity": "WARNING"
    },
    {
      "quarter": "2025-03 (Q1)",
      "signal": "FCF MARGIN EXPANSION",
      "detail": "FCF margin: +59.3% -> +71.8% (+12.5%)",
      "severity": "MEDIUM"
    },
    {
      "quarter": "2025-03 (Q1)",
      "signal": "YoY REVENUE GROWTH ACCELERATION",
      "detail": "YoY growth: +28.7% vs prior quarter YoY: +16.1% (accel: +12.7%)",
      "severity": "MEDIUM"
    },
    {
      "quarter": "2024-09 (Q3)",
      "signal": "YoY REVENUE GROWTH DECELERATION",
      "detail": "YoY growth: +16.5% vs prior quarter YoY: +32.8% (decel: -16.3%)",
      "severity": "WARNING"
    },
    {
      "quarter": "2024-06 (Q2)",
      "signal": "FCF MARGIN EXPANSION",
      "detail": "FCF margin: +59.5% -> +70.0% (+10.5%)",
      "severity": "MEDIUM"
    },
    {
      "quarter": "2024-06 (Q2)",
      "signal": "OPERATING LEVERAGE",
      "detail": "Rev growth +7.5% vs OpEx growth +0.3% (leverage: 23.6x)",
      "severity": "MEDIUM"
    },
    {
      "quarter": "2024-06 (Q2)",
      "signal": "YoY REVENUE GROWTH DECELERATION",
      "detail": "YoY growth: +32.8% vs prior quarter YoY: +40.6% (decel: -7.8%)",
      "severity": "WARNING"
    },
    {
      "quarter": "2024-06 (Q2)",
      "signal": "INCREMENTAL MARGIN (YoY)",
      "detail": "YoY Incr OPM: +53.3% vs year-ago OPM: +39.5%",
      "severity": "MEDIUM"
    },
    {
      "quarter": "2024-03 (Q1)",
      "signal": "YoY REVENUE GROWTH ACCELERATION",
      "detail": "YoY growth: +40.6% vs prior quarter YoY: +18.2% (accel: +22.4%)",
      "severity": "HIGH"
    },
    {
      "quarter": "2023-12 (Q4)",
      "signal": "FCF MARGIN EXPANSION",
      "detail": "FCF margin: +59.7% -> +74.0% (+14.3%)",
      "severity": "MEDIUM"
    },
    {
      "quarter": "2023-12 (Q4)",
      "signal": "YoY REVENUE GROWTH ACCELERATION",
      "detail": "YoY growth: +18.2% vs prior quarter YoY: -8.2% (accel: +26.3%)",
      "severity": "HIGH"
    },
    {
      "quarter": "2023-09 (Q3)",
      "signal": "OPERATING LEVERAGE",
      "detail": "Rev growth +21.0% vs OpEx growth +12.0% (leverage: 1.7x)",
      "severity": "MEDIUM"
    },
    {
      "quarter": "2023-09 (Q3)",
      "signal": "YoY REVENUE GROWTH ACCELERATION",
      "detail": "YoY growth: -8.2% vs prior quarter YoY: -32.4% (accel: +24.2%)",
      "severity": "HIGH"
    },
    {
      "quarter": "2023-09 (Q3)",
      "signal": "INCREMENTAL MARGIN (YoY)",
      "detail": "YoY Incr OPM: +208.7% vs year-ago OPM: +57.5%",
      "severity": "HIGH"
    },
    {
      "quarter": "2023-06 (Q2)",
      "signal": "FCF MARGIN EXPANSION",
      "detail": "FCF margin: +60.6% -> +70.4% (+9.8%)",
      "severity": "MEDIUM"
    },
    {
      "quarter": "2023-06 (Q2)",
      "signal": "YoY REVENUE GROWTH DECELERATION",
      "detail": "YoY growth: -32.4% vs prior quarter YoY: -1.0% (decel: -31.4%)",
      "severity": "WARNING"
    },
    {
      "quarter": "2023-06 (Q2)",
      "signal": "INCREMENTAL MARGIN (YoY)",
      "detail": "YoY Incr OPM: +112.1% vs year-ago OPM: +63.0%",
      "severity": "HIGH"
    },
    {
      "quarter": "2023-03 (Q1)",
      "signal": "YoY REVENUE GROWTH DECELERATION",
      "detail": "YoY growth: -1.0% vs prior quarter YoY: +24.9% (decel: -25.9%)",
      "severity": "WARNING"
    },
    {
      "quarter": "2023-03 (Q1)",
      "signal": "INCREMENTAL MARGIN (YoY)",
      "detail": "YoY Incr OPM: +1068.6% vs year-ago OPM: +54.7%",
      "severity": "HIGH"
    },
    {
      "quarter": "2022-12 (Q4)",
      "signal": "YoY REVENUE GROWTH DECELERATION",
      "detail": "YoY growth: +24.9% vs prior quarter YoY: +78.0% (decel: -53.1%)",
      "severity": "WARNING"
    },
    {
      "quarter": "2022-09 (Q3)",
      "signal": "YoY REVENUE GROWTH DECELERATION",
      "detail": "YoY growth: +78.0% vs prior quarter YoY: +164.1% (decel: -86.1%)",
      "severity": "WARNING"
    },
    {
      "quarter": "2022-09 (Q3)",
      "signal": "INCREMENTAL MARGIN (YoY)",
      "detail": "YoY Incr OPM: +68.7% vs year-ago OPM: +48.7%",
      "severity": "MEDIUM"
    },
    {
      "quarter": "2022-06 (Q2)",
      "signal": "FCF MARGIN EXPANSION",
      "detail": "FCF margin: +58.2% -> +68.5% (+10.3%)",
      "severity": "MEDIUM"
    },
    {
      "quarter": "2022-06 (Q2)",
      "signal": "OPERATING LEVERAGE",
      "detail": "Rev growth +66.9% vs OpEx growth +36.1% (leverage: 1.9x)",
      "severity": "MEDIUM"
    },
    {
      "quarter": "2022-06 (Q2)",
      "signal": "YoY REVENUE GROWTH ACCELERATION",
      "detail": "YoY growth: +164.1% vs prior quarter YoY: +112.0% (accel: +52.1%)",
      "severity": "HIGH"
    },
    {
      "quarter": "2022-06 (Q2)",
      "signal": "INCREMENTAL MARGIN (YoY)",
      "detail": "YoY Incr OPM: +76.7% vs year-ago OPM: +40.6%",
      "severity": "HIGH"
    },
    {
      "quarter": "2022-03 (Q1)",
      "signal": "YoY REVENUE GROWTH DECELERATION",
      "detail": "YoY growth: +112.0% vs prior quarter YoY: +152.6% (decel: -40.6%)",
      "severity": "WARNING"
    },
    {
      "quarter": "2022-03 (Q1)",
      "signal": "INCREMENTAL MARGIN (YoY)",
      "detail": "YoY Incr OPM: +72.5% vs year-ago OPM: +34.7%",
      "severity": "HIGH"
    },
    {
      "quarter": "2021-12 (Q4)",
      "signal": "OP MARGIN TURNED POSITIVE (YoY)",
      "detail": "Op margin: -26.1% (year-ago) -> +57.4%",
      "severity": "HIGH"
    },
    {
      "quarter": "2021-09 (Q3)",
      "signal": "OPERATING LEVERAGE",
      "detail": "Rev growth +32.2% vs OpEx growth +14.1% (leverage: 2.3x)",
      "severity": "MEDIUM"
    },
    {
      "quarter": "2021-06 (Q2)",
      "signal": "FCF MARGIN EXPANSION",
      "detail": "FCF margin: +63.5% -> +72.2% (+8.8%)",
      "severity": "MEDIUM"
    },
    {
      "quarter": "2021-06 (Q2)",
      "signal": "OPERATING LEVERAGE",
      "detail": "Rev growth +33.9% vs OpEx growth +21.9% (leverage: 1.6x)",
      "severity": "MEDIUM"
    },
    {
      "quarter": "2021-03 (Q1)",
      "signal": "OP MARGIN TURNED POSITIVE (QoQ)",
      "detail": "Op margin: -26.1% -> +34.7%",
      "severity": "HIGH"
    }
  ],
  "data_quality": {
    "n_quarters": 20,
    "coverage": {
      "revenue": [
        20,
        20
      ],
      "gross_profit": [
        0,
        20
      ],
      "op_income": [
        20,
        20
      ],
      "fcf": [
        20,
        20
      ]
    },
    "gaps": [],
    "warnings": [
      "gross_profit: no data"
    ]
  },
  "market_cap": null,
  "source": "SEC EDGAR",
  "last_updated": "2026-02-02T21:00:50.121476"
}