{
  "ticker": "MTG",
  "name": "MGIC Investment Corp",
  "quarters": [
    {
      "date": "2020-12-31T00:00:00",
      "quarter_label": "2020-12 (Q4)",
      "revenue": 302281000,
      "gross_profit": null,
      "operating_income": null,
      "net_income": 151430000,
      "opex": null,
      "cogs": null,
      "rd": null,
      "sga": null,
      "fcf": 222359000,
      "ocf": 223456000,
      "capex": -1097000,
      "gross_margin": null,
      "op_margin": null,
      "fcf_margin": 0.7356036270887022
    },
    {
      "date": "2021-03-31T00:00:00",
      "quarter_label": "2021-03 (Q1)",
      "revenue": 297957000,
      "gross_profit": null,
      "operating_income": null,
      "net_income": 150021000,
      "opex": null,
      "cogs": null,
      "rd": null,
      "sga": null,
      "fcf": 197592000,
      "ocf": 198033000,
      "capex": -441000,
      "gross_margin": null,
      "op_margin": null,
      "fcf_margin": 0.6631560929932843,
      "fcf_margin_change": -0.07244753409541793
    },
    {
      "date": "2021-06-30T00:00:00",
      "quarter_label": "2021-06 (Q2)",
      "revenue": 297852000,
      "gross_profit": null,
      "operating_income": null,
      "net_income": 153051000,
      "opex": null,
      "cogs": null,
      "rd": null,
      "sga": null,
      "fcf": 150425000,
      "ocf": 151389000,
      "capex": -964000,
      "gross_margin": null,
      "op_margin": null,
      "fcf_margin": 0.5050327008044263,
      "fcf_margin_change": -0.15812339218885796
    },
    {
      "date": "2021-09-30T00:00:00",
      "quarter_label": "2021-09 (Q3)",
      "revenue": 295746000,
      "gross_profit": null,
      "operating_income": null,
      "net_income": 157977000,
      "opex": null,
      "cogs": null,
      "rd": null,
      "sga": null,
      "fcf": 162005000,
      "ocf": 162988000,
      "capex": -983000,
      "gross_margin": null,
      "op_margin": null,
      "fcf_margin": 0.5477842472932855,
      "fcf_margin_change": 0.04275154648885915
    },
    {
      "date": "2021-12-31T00:00:00",
      "quarter_label": "2021-12 (Q4)",
      "revenue": 294120000,
      "gross_profit": null,
      "operating_income": null,
      "net_income": 173934000,
      "opex": null,
      "cogs": null,
      "rd": null,
      "sga": null,
      "fcf": 182180000,
      "ocf": 183907000,
      "capex": -1727000,
      "gross_margin": null,
      "op_margin": null,
      "fcf_margin": 0.619407044743642,
      "rev_growth_yoy": -0.026998058098259566,
      "fcf_margin_change": 0.0716227974503566
    },
    {
      "date": "2022-03-31T00:00:00",
      "quarter_label": "2022-03 (Q1)",
      "revenue": 294616000,
      "gross_profit": null,
      "operating_income": null,
      "net_income": 175013000,
      "opex": null,
      "cogs": null,
      "rd": null,
      "sga": null,
      "fcf": 227123000,
      "ocf": 228011000,
      "capex": -888000,
      "gross_margin": null,
      "op_margin": null,
      "fcf_margin": 0.7709119667635159,
      "rev_growth_yoy": -0.01121302738314589,
      "rev_growth_yoy_accel": 0.015785030715113675,
      "fcf_margin_change": 0.15150492201987387
    },
    {
      "date": "2022-06-30T00:00:00",
      "quarter_label": "2022-06 (Q2)",
      "revenue": 293116000,
      "gross_profit": null,
      "operating_income": null,
      "net_income": 249268000,
      "opex": null,
      "cogs": null,
      "rd": null,
      "sga": null,
      "fcf": 132410000,
      "ocf": 133668000,
      "capex": -1258000,
      "gross_margin": null,
      "op_margin": null,
      "fcf_margin": 0.45173241992931124,
      "rev_growth_yoy": -0.01590051434940843,
      "rev_growth_yoy_accel": -0.00468748696626254,
      "fcf_margin_change": -0.3191795468342047
    },
    {
      "date": "2022-09-30T00:00:00",
      "quarter_label": "2022-09 (Q3)",
      "revenue": 292799000,
      "gross_profit": null,
      "operating_income": null,
      "net_income": 249625000,
      "opex": null,
      "cogs": null,
      "rd": null,
      "sga": null,
      "fcf": 121858000,
      "ocf": 122114000,
      "capex": -256000,
      "gross_margin": null,
      "op_margin": null,
      "fcf_margin": 0.41618311537949243,
      "rev_growth_yoy": -0.009964631812433643,
      "rev_growth_yoy_accel": 0.0059358825369747875,
      "fcf_margin_change": -0.035549304549818805
    },
    {
      "date": "2022-12-31T00:00:00",
      "quarter_label": "2022-12 (Q4)",
      "revenue": 292254000,
      "gross_profit": null,
      "operating_income": null,
      "net_income": 191443000,
      "opex": null,
      "cogs": null,
      "rd": null,
      "sga": null,
      "fcf": 165367000,
      "ocf": 166219000,
      "capex": -852000,
      "gross_margin": null,
      "op_margin": null,
      "fcf_margin": 0.5658331451408706,
      "rev_growth_yoy": -0.006344349245206039,
      "rev_growth_yoy_accel": 0.003620282567227604,
      "fcf_margin_change": 0.14965002976137814
    },
    {
      "date": "2023-03-31T00:00:00",
      "quarter_label": "2023-03 (Q1)",
      "revenue": 283965000,
      "gross_profit": null,
      "operating_income": null,
      "net_income": 154547000,
      "opex": null,
      "cogs": null,
      "rd": null,
      "sga": null,
      "fcf": 211923000,
      "ocf": 212286000,
      "capex": -363000,
      "gross_margin": null,
      "op_margin": null,
      "fcf_margin": 0.7462997200359199,
      "rev_growth_yoy": -0.03615214380753252,
      "rev_growth_yoy_accel": -0.02980779456232648,
      "fcf_margin_change": 0.18046657489504936
    },
    {
      "date": "2023-06-30T00:00:00",
      "quarter_label": "2023-06 (Q2)",
      "revenue": 290675000,
      "gross_profit": null,
      "operating_income": null,
      "net_income": 191054000,
      "opex": null,
      "cogs": null,
      "rd": null,
      "sga": null,
      "fcf": 144354000,
      "ocf": 144662000,
      "capex": -308000,
      "gross_margin": null,
      "op_margin": null,
      "fcf_margin": 0.4966164960866948,
      "rev_growth_yoy": -0.008327761022939724,
      "rev_growth_yoy_accel": 0.027824382784592795,
      "fcf_margin_change": -0.24968322394922515
    },
    {
      "date": "2023-09-30T00:00:00",
      "quarter_label": "2023-09 (Q3)",
      "revenue": 296505000,
      "gross_profit": null,
      "operating_income": null,
      "net_income": 182844000,
      "opex": null,
      "cogs": null,
      "rd": null,
      "sga": null,
      "fcf": 168984000,
      "ocf": 169768000,
      "capex": -784000,
      "gross_margin": null,
      "op_margin": null,
      "fcf_margin": 0.5699195629078767,
      "rev_growth_yoy": 0.012657147053097858,
      "rev_growth_yoy_accel": 0.020984908076037583,
      "fcf_margin_change": 0.07330306682118193
    },
    {
      "date": "2023-12-31T00:00:00",
      "quarter_label": "2023-12 (Q4)",
      "revenue": 283957000,
      "gross_profit": null,
      "operating_income": null,
      "net_income": 184504000,
      "opex": null,
      "cogs": null,
      "rd": null,
      "sga": null,
      "fcf": 185702000,
      "ocf": 186246000,
      "capex": -544000,
      "gross_margin": null,
      "op_margin": null,
      "fcf_margin": 0.6539792996826984,
      "rev_growth_yoy": -0.028389688421715357,
      "rev_growth_yoy_accel": -0.04104683547481321,
      "fcf_margin_change": 0.0840597367748217
    },
    {
      "date": "2024-03-31T00:00:00",
      "quarter_label": "2024-03 (Q1)",
      "revenue": 294361000,
      "gross_profit": null,
      "operating_income": null,
      "net_income": 174097000,
      "opex": null,
      "cogs": null,
      "rd": null,
      "sga": null,
      "fcf": 190537000,
      "ocf": 190537000,
      "capex": null,
      "gross_margin": null,
      "op_margin": null,
      "fcf_margin": 0.6472902320619919,
      "rev_growth_yoy": 0.03661014561653725,
      "rev_growth_yoy_accel": 0.0649998340382526,
      "fcf_margin_change": -0.006689067620706535
    },
    {
      "date": "2024-06-30T00:00:00",
      "quarter_label": "2024-06 (Q2)",
      "revenue": 305277000,
      "gross_profit": null,
      "operating_income": null,
      "net_income": 204228000,
      "opex": null,
      "cogs": null,
      "rd": null,
      "sga": null,
      "fcf": 168959000,
      "ocf": 169238000,
      "capex": -279000,
      "gross_margin": null,
      "op_margin": null,
      "fcf_margin": 0.5534612827039049,
      "rev_growth_yoy": 0.05023479831426851,
      "rev_growth_yoy_accel": 0.013624652697731263,
      "fcf_margin_change": -0.09382894935808694
    },
    {
      "date": "2024-09-30T00:00:00",
      "quarter_label": "2024-09 (Q3)",
      "revenue": 306649000,
      "gross_profit": null,
      "operating_income": null,
      "net_income": 199969000,
      "opex": null,
      "cogs": null,
      "rd": null,
      "sga": null,
      "fcf": 182498000,
      "ocf": 182879000,
      "capex": -381000,
      "gross_margin": null,
      "op_margin": null,
      "fcf_margin": 0.5951364589481786,
      "rev_growth_yoy": 0.03421190199153471,
      "rev_growth_yoy_accel": -0.0160228963227338,
      "fcf_margin_change": 0.04167517624427364
    },
    {
      "date": "2024-12-31T00:00:00",
      "quarter_label": "2024-12 (Q4)",
      "revenue": 301444000,
      "gross_profit": null,
      "operating_income": null,
      "net_income": 184700000,
      "opex": null,
      "cogs": null,
      "rd": null,
      "sga": null,
      "fcf": 181864000,
      "ocf": 182378000,
      "capex": -514000,
      "gross_margin": null,
      "op_margin": null,
      "fcf_margin": 0.6033094040684174,
      "rev_growth_yoy": 0.06158326788915223,
      "rev_growth_yoy_accel": 0.027371365897617517,
      "fcf_margin_change": 0.008172945120238806
    },
    {
      "date": "2025-03-31T00:00:00",
      "quarter_label": "2025-03 (Q1)",
      "revenue": 306234000,
      "gross_profit": null,
      "operating_income": null,
      "net_income": 185460000,
      "opex": null,
      "cogs": null,
      "rd": null,
      "sga": null,
      "fcf": 223529000,
      "ocf": 223654000,
      "capex": -125000,
      "gross_margin": null,
      "op_margin": null,
      "fcf_margin": 0.729928747297818,
      "rev_growth_yoy": 0.040334826964169845,
      "rev_growth_yoy_accel": -0.021248440924982383,
      "fcf_margin_change": 0.1266193432294006
    },
    {
      "date": "2025-06-30T00:00:00",
      "quarter_label": "2025-06 (Q2)",
      "revenue": 304245000,
      "gross_profit": null,
      "operating_income": null,
      "net_income": 192482000,
      "opex": null,
      "cogs": null,
      "rd": null,
      "sga": null,
      "fcf": 182973000,
      "ocf": 182993000,
      "capex": -20000,
      "gross_margin": null,
      "op_margin": null,
      "fcf_margin": 0.6014001873490115,
      "rev_growth_yoy": -0.003380536365333779,
      "rev_growth_yoy_accel": -0.043715363329503626,
      "fcf_margin_change": -0.12852855994880652
    },
    {
      "date": "2025-09-30T00:00:00",
      "quarter_label": "2025-09 (Q3)",
      "revenue": 304505000,
      "gross_profit": null,
      "operating_income": null,
      "net_income": 191095000,
      "opex": null,
      "cogs": null,
      "rd": null,
      "sga": null,
      "fcf": 215120000,
      "ocf": 215399000,
      "capex": -279000,
      "gross_margin": null,
      "op_margin": null,
      "fcf_margin": 0.7064580220357629,
      "rev_growth_yoy": -0.006991707130954284,
      "rev_growth_yoy_accel": -0.003611170765620505,
      "fcf_margin_change": 0.10505783468675145
    }
  ],
  "signals": [
    {
      "quarter": "2025-09 (Q3)",
      "signal": "FCF MARGIN EXPANSION",
      "detail": "FCF margin: +60.1% -> +70.6% (+10.5%)",
      "severity": "MEDIUM"
    },
    {
      "quarter": "2025-03 (Q1)",
      "signal": "FCF MARGIN EXPANSION",
      "detail": "FCF margin: +60.3% -> +73.0% (+12.7%)",
      "severity": "MEDIUM"
    },
    {
      "quarter": "2024-03 (Q1)",
      "signal": "YoY REVENUE GROWTH ACCELERATION",
      "detail": "YoY growth: +3.7% vs prior quarter YoY: -2.8% (accel: +6.5%)",
      "severity": "MEDIUM"
    },
    {
      "quarter": "2023-12 (Q4)",
      "signal": "FCF MARGIN EXPANSION",
      "detail": "FCF margin: +57.0% -> +65.4% (+8.4%)",
      "severity": "MEDIUM"
    },
    {
      "quarter": "2023-09 (Q3)",
      "signal": "FCF MARGIN EXPANSION",
      "detail": "FCF margin: +49.7% -> +57.0% (+7.3%)",
      "severity": "MEDIUM"
    },
    {
      "quarter": "2023-03 (Q1)",
      "signal": "FCF MARGIN EXPANSION",
      "detail": "FCF margin: +56.6% -> +74.6% (+18.0%)",
      "severity": "MEDIUM"
    },
    {
      "quarter": "2022-12 (Q4)",
      "signal": "FCF MARGIN EXPANSION",
      "detail": "FCF margin: +41.6% -> +56.6% (+15.0%)",
      "severity": "MEDIUM"
    },
    {
      "quarter": "2022-03 (Q1)",
      "signal": "FCF MARGIN EXPANSION",
      "detail": "FCF margin: +61.9% -> +77.1% (+15.2%)",
      "severity": "MEDIUM"
    },
    {
      "quarter": "2021-12 (Q4)",
      "signal": "FCF MARGIN EXPANSION",
      "detail": "FCF margin: +54.8% -> +61.9% (+7.2%)",
      "severity": "MEDIUM"
    }
  ],
  "data_quality": {
    "n_quarters": 20,
    "coverage": {
      "revenue": [
        20,
        20
      ],
      "gross_profit": [
        0,
        20
      ],
      "op_income": [
        0,
        20
      ],
      "fcf": [
        20,
        20
      ]
    },
    "gaps": [],
    "warnings": [
      "gross_profit: no data",
      "op_income: no data"
    ]
  },
  "market_cap": null,
  "source": "SEC EDGAR",
  "last_updated": "2026-02-02T20:55:47.429382"
}