{
  "ticker": "MTN",
  "name": "Vail Resorts, Inc.",
  "quarters": [
    {
      "date": "2021-01-31T00:00:00",
      "quarter_label": "2021-01 (Q1)",
      "revenue": 684644000,
      "gross_profit": null,
      "operating_income": 207716000,
      "net_income": 147798000,
      "opex": null,
      "cogs": null,
      "rd": null,
      "sga": null,
      "fcf": 347076000,
      "ocf": 347076000,
      "capex": null,
      "gross_margin": null,
      "op_margin": 0.30339271212484153,
      "fcf_margin": 0.5069437547104773
    },
    {
      "date": "2021-04-30T00:00:00",
      "quarter_label": "2021-04 (Q2)",
      "revenue": 889078000,
      "gross_profit": null,
      "operating_income": 387705000,
      "net_income": 274629000,
      "opex": null,
      "cogs": null,
      "rd": null,
      "sga": null,
      "fcf": 92068000,
      "ocf": 92068000,
      "capex": null,
      "gross_margin": null,
      "op_margin": 0.43607534996929403,
      "fcf_margin": 0.10355446878676562,
      "fcf_margin_change": -0.40338928592371165
    },
    {
      "date": "2021-07-31T00:00:00",
      "quarter_label": "2021-07 (Q3)",
      "revenue": 204202000,
      "gross_profit": null,
      "operating_income": -170444000,
      "net_income": -140811000,
      "opex": null,
      "cogs": null,
      "rd": null,
      "sga": null,
      "fcf": -25887000,
      "ocf": -25887000,
      "capex": null,
      "gross_margin": null,
      "op_margin": -0.8346833037874262,
      "fcf_margin": -0.12677153015151663,
      "fcf_margin_change": -0.23032599893828226
    },
    {
      "date": "2021-10-31T00:00:00",
      "quarter_label": "2021-10 (Q4)",
      "revenue": 175576000,
      "gross_profit": null,
      "operating_income": -165673000,
      "net_income": -139332000,
      "opex": null,
      "cogs": null,
      "rd": null,
      "sga": null,
      "fcf": 349021000,
      "ocf": 349021000,
      "capex": null,
      "gross_margin": null,
      "op_margin": -0.9435970747710393,
      "fcf_margin": 1.987862805850458,
      "fcf_margin_change": 2.1146343360019744
    },
    {
      "date": "2022-01-31T00:00:00",
      "quarter_label": "2022-01 (Q1)",
      "revenue": 906535000,
      "gross_profit": null,
      "operating_income": 325140000,
      "net_income": 223391000,
      "opex": null,
      "cogs": null,
      "rd": null,
      "sga": null,
      "fcf": 262308000,
      "ocf": 262308000,
      "capex": null,
      "gross_margin": null,
      "op_margin": 0.35866237927934386,
      "fcf_margin": 0.2893523140308979,
      "incr_op_margin_yoy": 0.5291967677823797,
      "rev_growth_yoy": 0.324096902915968,
      "fcf_margin_change": -1.69851049181956
    },
    {
      "date": "2022-04-30T00:00:00",
      "quarter_label": "2022-04 (Q2)",
      "revenue": 1176665000,
      "gross_profit": null,
      "operating_income": 540379000,
      "net_income": 372550000,
      "opex": null,
      "cogs": null,
      "rd": null,
      "sga": null,
      "fcf": 161655000,
      "ocf": 161655000,
      "capex": null,
      "gross_margin": null,
      "op_margin": 0.45924625955560844,
      "fcf_margin": 0.13738404728618595,
      "incr_op_margin_yoy": 0.5308793512919568,
      "rev_growth_yoy": 0.323466557489894,
      "rev_growth_yoy_accel": -0.000630345426073986,
      "fcf_margin_change": -0.15196826674471195
    },
    {
      "date": "2022-07-31T00:00:00",
      "quarter_label": "2022-07 (Q3)",
      "revenue": 267136000,
      "gross_profit": null,
      "operating_income": -98118000,
      "net_income": -108686000,
      "opex": null,
      "cogs": null,
      "rd": null,
      "sga": null,
      "fcf": -62485000,
      "ocf": -62485000,
      "capex": null,
      "gross_margin": null,
      "op_margin": -0.36729605893627215,
      "fcf_margin": -0.23390707355055104,
      "incr_op_margin_yoy": 1.149235707248864,
      "rev_growth_yoy": 0.3081948266912175,
      "rev_growth_yoy_accel": -0.015271730798676497,
      "fcf_margin_change": -0.371291120836737
    },
    {
      "date": "2022-10-31T00:00:00",
      "quarter_label": "2022-10 (Q4)",
      "revenue": 279447000,
      "gross_profit": null,
      "operating_income": -163361000,
      "net_income": -136971000,
      "opex": null,
      "cogs": null,
      "rd": null,
      "sga": null,
      "fcf": 332991000,
      "ocf": 332991000,
      "capex": null,
      "gross_margin": null,
      "op_margin": -0.5845867015927886,
      "fcf_margin": 1.1916069952441788,
      "incr_op_margin_yoy": 0.022258378180627893,
      "rev_growth_yoy": 0.5916013578165581,
      "rev_growth_yoy_accel": 0.2834065311253406,
      "fcf_margin_change": 1.4255140687947299
    },
    {
      "date": "2023-01-31T00:00:00",
      "quarter_label": "2023-01 (Q1)",
      "revenue": 1101718000,
      "gross_profit": null,
      "operating_income": 328033000,
      "net_income": 208679000,
      "opex": null,
      "cogs": null,
      "rd": null,
      "sga": null,
      "fcf": 272502000,
      "ocf": 272502000,
      "capex": null,
      "gross_margin": null,
      "op_margin": 0.297746791828762,
      "fcf_margin": 0.24734278644807473,
      "incr_op_margin_yoy": 0.014821987570638837,
      "rev_growth_yoy": 0.21530663460318686,
      "rev_growth_yoy_accel": -0.3762947232133712,
      "fcf_margin_change": -0.9442642087961041
    },
    {
      "date": "2023-04-30T00:00:00",
      "quarter_label": "2023-04 (Q2)",
      "revenue": 1238431000,
      "gross_profit": null,
      "operating_income": 500526000,
      "net_income": 325006000,
      "opex": null,
      "cogs": null,
      "rd": null,
      "sga": null,
      "fcf": 121390000,
      "ocf": 121390000,
      "capex": null,
      "gross_margin": null,
      "op_margin": 0.4041613945387349,
      "fcf_margin": 0.09801918718119944,
      "incr_op_margin_yoy": -0.645225528607972,
      "rev_growth_yoy": 0.052492425626665194,
      "rev_growth_yoy_accel": -0.16281420897652166,
      "fcf_margin_change": -0.14932359926687527
    },
    {
      "date": "2023-07-31T00:00:00",
      "quarter_label": "2023-07 (Q3)",
      "revenue": 269768000,
      "gross_profit": null,
      "operating_income": -160101000,
      "net_income": -128566000,
      "opex": null,
      "cogs": null,
      "rd": null,
      "sga": null,
      "fcf": -89028000,
      "ocf": -89028000,
      "capex": null,
      "gross_margin": null,
      "op_margin": -0.5934766169449305,
      "fcf_margin": -0.3300169034133033,
      "incr_op_margin_yoy": -23.549772036474163,
      "rev_growth_yoy": 0.009852659319597508,
      "rev_growth_yoy_accel": -0.042639766307067686,
      "fcf_margin_change": -0.42803609059450276
    },
    {
      "date": "2023-10-31T00:00:00",
      "quarter_label": "2023-10 (Q4)",
      "revenue": 258565000,
      "gross_profit": null,
      "operating_income": -207055000,
      "net_income": -175512000,
      "opex": null,
      "cogs": null,
      "rd": null,
      "sga": null,
      "fcf": 328499000,
      "ocf": 328499000,
      "capex": null,
      "gross_margin": null,
      "op_margin": -0.8007851023920485,
      "fcf_margin": 1.2704697078104152,
      "incr_op_margin_yoy": 2.0924240973086867,
      "rev_growth_yoy": -0.0747261555858535,
      "rev_growth_yoy_accel": -0.084578814905451,
      "fcf_margin_change": 1.6004866112237186
    },
    {
      "date": "2024-01-31T00:00:00",
      "quarter_label": "2024-01 (Q1)",
      "revenue": 1077958000,
      "gross_profit": null,
      "operating_income": 350552000,
      "net_income": 219299000,
      "opex": null,
      "cogs": null,
      "rd": null,
      "sga": null,
      "fcf": 242662000,
      "ocf": 242662000,
      "capex": null,
      "gross_margin": null,
      "op_margin": 0.3252000541765078,
      "fcf_margin": 0.2251126667272751,
      "incr_op_margin_yoy": -0.9477693602693603,
      "rev_growth_yoy": -0.02156631733347372,
      "rev_growth_yoy_accel": 0.05315983825237977,
      "fcf_margin_change": -1.04535704108314
    },
    {
      "date": "2024-04-30T00:00:00",
      "quarter_label": "2024-04 (Q2)",
      "revenue": 1283282000,
      "gross_profit": null,
      "operating_income": 546632000,
      "net_income": 361995000,
      "opex": null,
      "cogs": null,
      "rd": null,
      "sga": null,
      "fcf": 109853000,
      "ocf": 109853000,
      "capex": null,
      "gross_margin": null,
      "op_margin": 0.42596405154907496,
      "fcf_margin": 0.08560316438631571,
      "incr_op_margin_yoy": 1.0279815388731577,
      "rev_growth_yoy": 0.036215986195436,
      "rev_growth_yoy_accel": 0.057782303528909715,
      "fcf_margin_change": -0.13950950234095938
    },
    {
      "date": "2024-07-31T00:00:00",
      "quarter_label": "2024-07 (Q3)",
      "revenue": 265386000,
      "gross_profit": null,
      "operating_income": -198700000,
      "net_income": -175377000,
      "opex": null,
      "cogs": null,
      "rd": null,
      "sga": null,
      "fcf": -91992000,
      "ocf": -91992000,
      "capex": null,
      "gross_margin": null,
      "op_margin": -0.7487207313121265,
      "fcf_margin": -0.34663471321019196,
      "incr_op_margin_yoy": 8.80853491556367,
      "rev_growth_yoy": -0.016243587082233623,
      "rev_growth_yoy_accel": -0.05245957327766962,
      "fcf_margin_change": -0.43223787759650767
    },
    {
      "date": "2024-10-31T00:00:00",
      "quarter_label": "2024-10 (Q4)",
      "revenue": 260275000,
      "gross_profit": null,
      "operating_income": -202019000,
      "net_income": -172836000,
      "opex": null,
      "cogs": null,
      "rd": null,
      "sga": null,
      "fcf": 282748000,
      "ocf": 282748000,
      "capex": null,
      "gross_margin": null,
      "op_margin": -0.7761751993084238,
      "fcf_margin": 1.086343290750168,
      "incr_op_margin_yoy": 2.945029239766082,
      "rev_growth_yoy": 0.006613424090654188,
      "rev_growth_yoy_accel": 0.02285701117288781,
      "fcf_margin_change": 1.43297800396036
    },
    {
      "date": "2025-01-31T00:00:00",
      "quarter_label": "2025-01 (Q1)",
      "revenue": 1137225000,
      "gross_profit": null,
      "operating_income": 384417000,
      "net_income": 245548000,
      "opex": null,
      "cogs": null,
      "rd": null,
      "sga": null,
      "fcf": 325933000,
      "ocf": 325933000,
      "capex": null,
      "gross_margin": null,
      "op_margin": 0.3380307327046099,
      "fcf_margin": 0.2866037943239025,
      "incr_op_margin_yoy": 0.5713972362360167,
      "rev_growth_yoy": 0.05498080630228636,
      "rev_growth_yoy_accel": 0.04836738221163218,
      "fcf_margin_change": -0.7997394964262655
    },
    {
      "date": "2025-04-30T00:00:00",
      "quarter_label": "2025-04 (Q2)",
      "revenue": 1295558000,
      "gross_profit": null,
      "operating_income": 581165000,
      "net_income": 392752000,
      "opex": null,
      "cogs": null,
      "rd": null,
      "sga": null,
      "fcf": 117749000,
      "ocf": 117749000,
      "capex": null,
      "gross_margin": null,
      "op_margin": 0.44858277282838743,
      "fcf_margin": 0.09088670673177117,
      "incr_op_margin_yoy": 2.813049853372434,
      "rev_growth_yoy": 0.00956609692959147,
      "rev_growth_yoy_accel": -0.04541470937269489,
      "fcf_margin_change": -0.1957170875921313
    },
    {
      "date": "2025-07-31T00:00:00",
      "quarter_label": "2025-07 (Q3)",
      "revenue": 271289000,
      "gross_profit": null,
      "operating_income": -203603000,
      "net_income": -185460000,
      "opex": null,
      "cogs": null,
      "rd": null,
      "sga": null,
      "fcf": -171560000,
      "ocf": -171560000,
      "capex": null,
      "gross_margin": null,
      "op_margin": -0.7505022319371593,
      "fcf_margin": -0.6323883386351824,
      "incr_op_margin_yoy": -0.8305946129086905,
      "rev_growth_yoy": 0.022243072354984815,
      "rev_growth_yoy_accel": 0.012676975425393346,
      "fcf_margin_change": -0.7232750453669535
    },
    {
      "date": "2025-10-31T00:00:00",
      "quarter_label": "2025-10 (Q4)",
      "revenue": 271029000,
      "gross_profit": null,
      "operating_income": -209821000,
      "net_income": -186752000,
      "opex": null,
      "cogs": null,
      "rd": null,
      "sga": null,
      "fcf": 315943000,
      "ocf": 315943000,
      "capex": null,
      "gross_margin": null,
      "op_margin": -0.7741643883126897,
      "fcf_margin": 1.1657165838342023,
      "incr_op_margin_yoy": -0.7254974893063046,
      "rev_growth_yoy": 0.04131783690327538,
      "rev_growth_yoy_accel": 0.019074764548290567,
      "fcf_margin_change": 1.7981049224693848
    }
  ],
  "signals": [
    {
      "quarter": "2025-10 (Q4)",
      "signal": "FCF TURNED POSITIVE",
      "detail": "FCF margin: -63.2% -> +116.6%",
      "severity": "HIGH"
    },
    {
      "quarter": "2025-04 (Q2)",
      "signal": "INCREMENTAL MARGIN (YoY)",
      "detail": "YoY Incr OPM: +281.3% vs year-ago OPM: +42.6%",
      "severity": "HIGH"
    },
    {
      "quarter": "2025-01 (Q1)",
      "signal": "INCREMENTAL MARGIN (YoY)",
      "detail": "YoY Incr OPM: +57.1% vs year-ago OPM: +32.5%",
      "severity": "HIGH"
    },
    {
      "quarter": "2025-01 (Q1)",
      "signal": "OP MARGIN TURNED POSITIVE (QoQ)",
      "detail": "Op margin: -77.6% -> +33.8%",
      "severity": "HIGH"
    },
    {
      "quarter": "2024-10 (Q4)",
      "signal": "FCF TURNED POSITIVE",
      "detail": "FCF margin: -34.7% -> +108.6%",
      "severity": "HIGH"
    },
    {
      "quarter": "2024-07 (Q3)",
      "signal": "YoY REVENUE GROWTH DECELERATION",
      "detail": "YoY growth: -1.6% vs prior quarter YoY: +3.6% (decel: -5.2%)",
      "severity": "WARNING"
    },
    {
      "quarter": "2024-04 (Q2)",
      "signal": "YoY REVENUE GROWTH ACCELERATION",
      "detail": "YoY growth: +3.6% vs prior quarter YoY: -2.2% (accel: +5.8%)",
      "severity": "MEDIUM"
    },
    {
      "quarter": "2024-04 (Q2)",
      "signal": "INCREMENTAL MARGIN (YoY)",
      "detail": "YoY Incr OPM: +102.8% vs year-ago OPM: +40.4%",
      "severity": "HIGH"
    },
    {
      "quarter": "2024-01 (Q1)",
      "signal": "YoY REVENUE GROWTH ACCELERATION",
      "detail": "YoY growth: -2.2% vs prior quarter YoY: -7.5% (accel: +5.3%)",
      "severity": "MEDIUM"
    },
    {
      "quarter": "2024-01 (Q1)",
      "signal": "OP MARGIN TURNED POSITIVE (QoQ)",
      "detail": "Op margin: -80.1% -> +32.5%",
      "severity": "HIGH"
    },
    {
      "quarter": "2023-10 (Q4)",
      "signal": "FCF TURNED POSITIVE",
      "detail": "FCF margin: -33.0% -> +127.0%",
      "severity": "HIGH"
    },
    {
      "quarter": "2023-10 (Q4)",
      "signal": "YoY REVENUE GROWTH DECELERATION",
      "detail": "YoY growth: -7.5% vs prior quarter YoY: +1.0% (decel: -8.5%)",
      "severity": "WARNING"
    },
    {
      "quarter": "2023-04 (Q2)",
      "signal": "YoY REVENUE GROWTH DECELERATION",
      "detail": "YoY growth: +5.2% vs prior quarter YoY: +21.5% (decel: -16.3%)",
      "severity": "WARNING"
    },
    {
      "quarter": "2023-01 (Q1)",
      "signal": "YoY REVENUE GROWTH DECELERATION",
      "detail": "YoY growth: +21.5% vs prior quarter YoY: +59.2% (decel: -37.6%)",
      "severity": "WARNING"
    },
    {
      "quarter": "2023-01 (Q1)",
      "signal": "OP MARGIN TURNED POSITIVE (QoQ)",
      "detail": "Op margin: -58.5% -> +29.8%",
      "severity": "HIGH"
    },
    {
      "quarter": "2022-10 (Q4)",
      "signal": "FCF TURNED POSITIVE",
      "detail": "FCF margin: -23.4% -> +119.2%",
      "severity": "HIGH"
    },
    {
      "quarter": "2022-10 (Q4)",
      "signal": "YoY REVENUE GROWTH ACCELERATION",
      "detail": "YoY growth: +59.2% vs prior quarter YoY: +30.8% (accel: +28.3%)",
      "severity": "HIGH"
    },
    {
      "quarter": "2022-01 (Q1)",
      "signal": "INCREMENTAL MARGIN (YoY)",
      "detail": "YoY Incr OPM: +52.9% vs year-ago OPM: +30.3%",
      "severity": "HIGH"
    },
    {
      "quarter": "2022-01 (Q1)",
      "signal": "OP MARGIN TURNED POSITIVE (QoQ)",
      "detail": "Op margin: -94.4% -> +35.9%",
      "severity": "HIGH"
    },
    {
      "quarter": "2021-10 (Q4)",
      "signal": "FCF TURNED POSITIVE",
      "detail": "FCF margin: -12.7% -> +198.8%",
      "severity": "HIGH"
    }
  ],
  "data_quality": {
    "n_quarters": 20,
    "coverage": {
      "revenue": [
        20,
        20
      ],
      "gross_profit": [
        0,
        20
      ],
      "op_income": [
        20,
        20
      ],
      "fcf": [
        20,
        20
      ]
    },
    "gaps": [],
    "warnings": [
      "gross_profit: no data"
    ]
  },
  "market_cap": null,
  "source": "SEC EDGAR",
  "last_updated": "2026-02-02T21:06:08.820312",
  "sector": "Consumer Cyclical",
  "industry": "Resorts & Casinos"
}