{
  "ticker": "MTUS",
  "name": "METALLUS INC.",
  "sector": "Basic Materials",
  "industry": "Steel",
  "quarters": [
    {
      "date": "2021-03-31T00:00:00",
      "quarter_label": "2021-03 (Q1)",
      "revenue": 273600000,
      "gross_profit": 30700000,
      "operating_income": null,
      "net_income": 9800000,
      "opex": null,
      "cogs": 242900000,
      "rd": null,
      "sga": 19500000,
      "fcf": 13200000,
      "ocf": 13200000,
      "capex": null,
      "gross_margin": 0.11220760233918128,
      "op_margin": null,
      "fcf_margin": 0.04824561403508772
    },
    {
      "date": "2021-06-30T00:00:00",
      "quarter_label": "2021-06 (Q2)",
      "revenue": 327300000,
      "gross_profit": 67200000,
      "operating_income": null,
      "net_income": 54000000,
      "opex": null,
      "cogs": 260100000,
      "rd": null,
      "sga": 21000000,
      "fcf": 39200000,
      "ocf": 39200000,
      "capex": null,
      "gross_margin": 0.20531622364802934,
      "op_margin": null,
      "fcf_margin": 0.1197677971280171,
      "fcf_margin_change": 0.07152218309292939
    },
    {
      "date": "2021-09-30T00:00:00",
      "quarter_label": "2021-09 (Q3)",
      "revenue": 343700000,
      "gross_profit": 66700000,
      "operating_income": null,
      "net_income": 50100000,
      "opex": null,
      "cogs": 277000000,
      "rd": null,
      "sga": 19900000,
      "fcf": 53800000,
      "ocf": 53800000,
      "capex": null,
      "gross_margin": 0.19406459121326738,
      "op_margin": null,
      "fcf_margin": 0.156531859179517,
      "fcf_margin_change": 0.0367640620514999
    },
    {
      "date": "2021-12-31T00:00:00",
      "quarter_label": "2021-12 (Q4)",
      "revenue": 338300000,
      "gross_profit": 55400000,
      "operating_income": null,
      "net_income": 57100000,
      "opex": null,
      "cogs": 282900000,
      "rd": null,
      "sga": 16800000,
      "fcf": 90700000,
      "ocf": 90700000,
      "capex": null,
      "gross_margin": 0.16375997635234998,
      "op_margin": null,
      "fcf_margin": 0.26810523204256576,
      "fcf_margin_change": 0.11157337286304875
    },
    {
      "date": "2022-03-31T00:00:00",
      "quarter_label": "2022-03 (Q1)",
      "revenue": 352000000,
      "gross_profit": 60000000,
      "operating_income": null,
      "net_income": 37100000,
      "opex": null,
      "cogs": 292000000,
      "rd": null,
      "sga": 18500000,
      "fcf": 13300000,
      "ocf": 13300000,
      "capex": null,
      "gross_margin": 0.17045454545454544,
      "op_margin": null,
      "fcf_margin": 0.037784090909090906,
      "rev_growth_yoy": 0.28654970760233917,
      "fcf_margin_change": -0.23032114113347485
    },
    {
      "date": "2022-06-30T00:00:00",
      "quarter_label": "2022-06 (Q2)",
      "revenue": 415700000,
      "gross_profit": 81400000,
      "operating_income": null,
      "net_income": 74500000,
      "opex": null,
      "cogs": 334300000,
      "rd": null,
      "sga": 21700000,
      "fcf": 50700000,
      "ocf": 50700000,
      "capex": null,
      "gross_margin": 0.19581428915082993,
      "op_margin": null,
      "fcf_margin": 0.12196295405340389,
      "rev_growth_yoy": 0.2700886037274672,
      "rev_growth_yoy_accel": -0.016461103874871985,
      "fcf_margin_change": 0.08417886314431298
    },
    {
      "date": "2022-09-30T00:00:00",
      "quarter_label": "2022-09 (Q3)",
      "revenue": 316800000,
      "gross_profit": 5600000,
      "operating_income": null,
      "net_income": -13300000,
      "opex": null,
      "cogs": 311200000,
      "rd": null,
      "sga": 16200000,
      "fcf": 46800000,
      "ocf": 46800000,
      "capex": null,
      "gross_margin": 0.017676767676767676,
      "op_margin": null,
      "fcf_margin": 0.14772727272727273,
      "rev_growth_yoy": -0.0782659295897585,
      "rev_growth_yoy_accel": -0.34835453331722566,
      "fcf_margin_change": 0.025764318673868844
    },
    {
      "date": "2022-12-31T00:00:00",
      "quarter_label": "2022-12 (Q4)",
      "revenue": 245400000,
      "gross_profit": -20300000,
      "operating_income": null,
      "net_income": -33200000,
      "opex": null,
      "cogs": 265700000,
      "rd": null,
      "sga": 17400000,
      "fcf": 23700000,
      "ocf": 23700000,
      "capex": null,
      "gross_margin": -0.08272208638956806,
      "op_margin": null,
      "fcf_margin": 0.09657701711491443,
      "rev_growth_yoy": -0.2746083357966302,
      "rev_growth_yoy_accel": -0.19634240620687168,
      "fcf_margin_change": -0.05115025561235831
    },
    {
      "date": "2023-03-31T00:00:00",
      "quarter_label": "2023-03 (Q1)",
      "revenue": 323500000,
      "gross_profit": 40400000,
      "operating_income": null,
      "net_income": 14400000,
      "opex": null,
      "cogs": 283100000,
      "rd": null,
      "sga": 21000000,
      "fcf": 9800000,
      "ocf": 9800000,
      "capex": null,
      "gross_margin": 0.12488408037094281,
      "op_margin": null,
      "fcf_margin": 0.030293663060278208,
      "rev_growth_yoy": -0.08096590909090909,
      "rev_growth_yoy_accel": 0.1936424267057211,
      "fcf_margin_change": -0.06628335405463621
    },
    {
      "date": "2023-06-30T00:00:00",
      "quarter_label": "2023-06 (Q2)",
      "revenue": 356600000,
      "gross_profit": 53700000,
      "operating_income": null,
      "net_income": 28900000,
      "opex": null,
      "cogs": 302900000,
      "rd": null,
      "sga": 20400000,
      "fcf": 13300000,
      "ocf": 13300000,
      "capex": null,
      "gross_margin": 0.1505888951205833,
      "op_margin": null,
      "fcf_margin": 0.03729669097027482,
      "rev_growth_yoy": -0.1421698340149146,
      "rev_growth_yoy_accel": -0.061203924924005504,
      "fcf_margin_change": 0.007003027909996611
    },
    {
      "date": "2023-09-30T00:00:00",
      "quarter_label": "2023-09 (Q3)",
      "revenue": 354200000,
      "gross_profit": 51000000,
      "operating_income": null,
      "net_income": 24800000,
      "opex": null,
      "cogs": 303200000,
      "rd": null,
      "sga": 20500000,
      "fcf": 28100000,
      "ocf": 28100000,
      "capex": null,
      "gross_margin": 0.14398644833427443,
      "op_margin": null,
      "fcf_margin": 0.07933370976849238,
      "rev_growth_yoy": 0.11805555555555555,
      "rev_growth_yoy_accel": 0.26022538957047014,
      "fcf_margin_change": 0.042037018798217564
    },
    {
      "date": "2023-12-31T00:00:00",
      "quarter_label": "2023-12 (Q4)",
      "revenue": 328100000,
      "gross_profit": 41400000,
      "operating_income": null,
      "net_income": 1300000,
      "opex": null,
      "cogs": 286700000,
      "rd": null,
      "sga": 22700000,
      "fcf": 74100000,
      "ocf": 74100000,
      "capex": null,
      "gross_margin": 0.12618104236513258,
      "op_margin": null,
      "fcf_margin": 0.22584577872599818,
      "rev_growth_yoy": 0.33700081499592505,
      "rev_growth_yoy_accel": 0.2189452594403695,
      "fcf_margin_change": 0.1465120689575058
    },
    {
      "date": "2024-03-31T00:00:00",
      "quarter_label": "2024-03 (Q1)",
      "revenue": 321600000,
      "gross_profit": 50600000,
      "operating_income": null,
      "net_income": 24000000,
      "opex": null,
      "cogs": 271000000,
      "rd": null,
      "sga": 24100000,
      "fcf": 33400000,
      "ocf": 33400000,
      "capex": null,
      "gross_margin": 0.15733830845771143,
      "op_margin": null,
      "fcf_margin": 0.10385572139303482,
      "rev_growth_yoy": -0.005873261205564142,
      "rev_growth_yoy_accel": -0.3428740762014892,
      "fcf_margin_change": -0.12199005733296335
    },
    {
      "date": "2024-06-30T00:00:00",
      "quarter_label": "2024-06 (Q2)",
      "revenue": 294700000,
      "gross_profit": 24100000,
      "operating_income": null,
      "net_income": 4600000,
      "opex": null,
      "cogs": 270600000,
      "rd": null,
      "sga": 20700000,
      "fcf": 8300000,
      "ocf": 8300000,
      "capex": null,
      "gross_margin": 0.08177807940278249,
      "op_margin": null,
      "fcf_margin": 0.02816423481506617,
      "rev_growth_yoy": -0.17358384744812114,
      "rev_growth_yoy_accel": -0.167710586242557,
      "fcf_margin_change": -0.07569148657796865
    },
    {
      "date": "2024-09-30T00:00:00",
      "quarter_label": "2024-09 (Q3)",
      "revenue": 227200000,
      "gross_profit": 12100000,
      "operating_income": null,
      "net_income": -5900000,
      "opex": null,
      "cogs": 215100000,
      "rd": null,
      "sga": 22500000,
      "fcf": -15300000,
      "ocf": -15300000,
      "capex": null,
      "gross_margin": 0.053257042253521125,
      "op_margin": null,
      "fcf_margin": -0.06734154929577464,
      "rev_growth_yoy": -0.3585544889892716,
      "rev_growth_yoy_accel": -0.18497064154115048,
      "fcf_margin_change": -0.09550578411084082
    },
    {
      "date": "2024-12-31T00:00:00",
      "quarter_label": "2024-12 (Q4)",
      "revenue": 240500000,
      "gross_profit": 10900000,
      "operating_income": null,
      "net_income": -21400000,
      "opex": null,
      "cogs": 229600000,
      "rd": null,
      "sga": 20400000,
      "fcf": 13900000,
      "ocf": 13900000,
      "capex": null,
      "gross_margin": 0.045322245322245325,
      "op_margin": null,
      "fcf_margin": 0.0577962577962578,
      "rev_growth_yoy": -0.26699177080158487,
      "rev_growth_yoy_accel": 0.09156271818768674,
      "fcf_margin_change": 0.12513780709203243
    },
    {
      "date": "2025-03-31T00:00:00",
      "quarter_label": "2025-03 (Q1)",
      "revenue": 280500000,
      "gross_profit": 21900000,
      "operating_income": null,
      "net_income": 1300000,
      "opex": null,
      "cogs": 258600000,
      "rd": null,
      "sga": 24300000,
      "fcf": -38900000,
      "ocf": -38900000,
      "capex": null,
      "gross_margin": 0.07807486631016043,
      "op_margin": null,
      "fcf_margin": -0.13868092691622103,
      "rev_growth_yoy": -0.12779850746268656,
      "rev_growth_yoy_accel": 0.1391932633388983,
      "fcf_margin_change": -0.19647718471247883
    },
    {
      "date": "2025-06-30T00:00:00",
      "quarter_label": "2025-06 (Q2)",
      "revenue": 304600000,
      "gross_profit": 32200000,
      "operating_income": null,
      "net_income": 3700000,
      "opex": null,
      "cogs": 272400000,
      "rd": null,
      "sga": 22900000,
      "fcf": 34800000,
      "ocf": 34800000,
      "capex": null,
      "gross_margin": 0.1057124097176625,
      "op_margin": null,
      "fcf_margin": 0.11424819435325016,
      "rev_growth_yoy": 0.033593484899898204,
      "rev_growth_yoy_accel": 0.16139199236258478,
      "fcf_margin_change": 0.2529291212694712
    },
    {
      "date": "2025-09-30T00:00:00",
      "quarter_label": "2025-09 (Q3)",
      "revenue": 305900000,
      "gross_profit": 35000000,
      "operating_income": null,
      "net_income": 8100000,
      "opex": null,
      "cogs": 270900000,
      "rd": null,
      "sga": 24500000,
      "fcf": 22000000,
      "ocf": 22000000,
      "capex": null,
      "gross_margin": 0.11441647597254005,
      "op_margin": null,
      "fcf_margin": 0.07191892775416803,
      "rev_growth_yoy": 0.34639084507042256,
      "rev_growth_yoy_accel": 0.31279736017052434,
      "fcf_margin_change": -0.042329266599082135
    },
    {
      "date": "2025-12-31T00:00:00",
      "quarter_label": "2025-12 (Q4)",
      "revenue": 267300000,
      "gross_profit": 6000000,
      "operating_income": null,
      "net_income": -14300000,
      "opex": null,
      "cogs": 261300000,
      "rd": null,
      "sga": 22300000,
      "fcf": -1900000,
      "ocf": -1900000,
      "capex": null,
      "gross_margin": 0.02244668911335578,
      "op_margin": null,
      "fcf_margin": -0.00710811821922933,
      "rev_growth_yoy": 0.11143451143451144,
      "rev_growth_yoy_accel": -0.23495633363591112,
      "fcf_margin_change": -0.07902704597339735
    }
  ],
  "signals": [
    {
      "quarter": "2025-12 (Q4)",
      "signal": "YoY REVENUE GROWTH DECELERATION",
      "detail": "YoY growth: +11.1% vs prior quarter YoY: +34.6% (decel: -23.5%)",
      "severity": "WARNING"
    },
    {
      "quarter": "2025-09 (Q3)",
      "signal": "YoY REVENUE GROWTH ACCELERATION",
      "detail": "YoY growth: +34.6% vs prior quarter YoY: +3.4% (accel: +31.3%)",
      "severity": "HIGH"
    },
    {
      "quarter": "2025-06 (Q2)",
      "signal": "FCF TURNED POSITIVE",
      "detail": "FCF margin: -13.9% -> +11.4%",
      "severity": "HIGH"
    },
    {
      "quarter": "2025-06 (Q2)",
      "signal": "YoY REVENUE GROWTH ACCELERATION",
      "detail": "YoY growth: +3.4% vs prior quarter YoY: -12.8% (accel: +16.1%)",
      "severity": "HIGH"
    },
    {
      "quarter": "2025-03 (Q1)",
      "signal": "GROSS MARGIN INFLECTION",
      "detail": "GM: +5.3% -> +4.5% -> +7.8% (reversal +3.3%)",
      "severity": "MEDIUM"
    },
    {
      "quarter": "2025-03 (Q1)",
      "signal": "YoY REVENUE GROWTH ACCELERATION",
      "detail": "YoY growth: -12.8% vs prior quarter YoY: -26.7% (accel: +13.9%)",
      "severity": "MEDIUM"
    },
    {
      "quarter": "2024-12 (Q4)",
      "signal": "FCF TURNED POSITIVE",
      "detail": "FCF margin: -6.7% -> +5.8%",
      "severity": "HIGH"
    },
    {
      "quarter": "2024-12 (Q4)",
      "signal": "YoY REVENUE GROWTH ACCELERATION",
      "detail": "YoY growth: -26.7% vs prior quarter YoY: -35.9% (accel: +9.2%)",
      "severity": "MEDIUM"
    },
    {
      "quarter": "2024-09 (Q3)",
      "signal": "YoY REVENUE GROWTH DECELERATION",
      "detail": "YoY growth: -35.9% vs prior quarter YoY: -17.4% (decel: -18.5%)",
      "severity": "WARNING"
    },
    {
      "quarter": "2024-06 (Q2)",
      "signal": "YoY REVENUE GROWTH DECELERATION",
      "detail": "YoY growth: -17.4% vs prior quarter YoY: -0.6% (decel: -16.8%)",
      "severity": "WARNING"
    },
    {
      "quarter": "2024-03 (Q1)",
      "signal": "GROSS MARGIN INFLECTION",
      "detail": "GM: +14.4% -> +12.6% -> +15.7% (reversal +3.1%)",
      "severity": "MEDIUM"
    },
    {
      "quarter": "2024-03 (Q1)",
      "signal": "YoY REVENUE GROWTH DECELERATION",
      "detail": "YoY growth: -0.6% vs prior quarter YoY: +33.7% (decel: -34.3%)",
      "severity": "WARNING"
    },
    {
      "quarter": "2023-12 (Q4)",
      "signal": "FCF MARGIN EXPANSION",
      "detail": "FCF margin: +7.9% -> +22.6% (+14.7%)",
      "severity": "MEDIUM"
    },
    {
      "quarter": "2023-12 (Q4)",
      "signal": "YoY REVENUE GROWTH ACCELERATION",
      "detail": "YoY growth: +33.7% vs prior quarter YoY: +11.8% (accel: +21.9%)",
      "severity": "HIGH"
    },
    {
      "quarter": "2023-09 (Q3)",
      "signal": "YoY REVENUE GROWTH ACCELERATION",
      "detail": "YoY growth: +11.8% vs prior quarter YoY: -14.2% (accel: +26.0%)",
      "severity": "HIGH"
    },
    {
      "quarter": "2023-06 (Q2)",
      "signal": "YoY REVENUE GROWTH DECELERATION",
      "detail": "YoY growth: -14.2% vs prior quarter YoY: -8.1% (decel: -6.1%)",
      "severity": "WARNING"
    },
    {
      "quarter": "2023-03 (Q1)",
      "signal": "GROSS MARGIN INFLECTION",
      "detail": "GM: +1.8% -> -8.3% -> +12.5% (reversal +20.8%)",
      "severity": "HIGH"
    },
    {
      "quarter": "2023-03 (Q1)",
      "signal": "YoY REVENUE GROWTH ACCELERATION",
      "detail": "YoY growth: -8.1% vs prior quarter YoY: -27.5% (accel: +19.4%)",
      "severity": "HIGH"
    },
    {
      "quarter": "2022-12 (Q4)",
      "signal": "YoY REVENUE GROWTH DECELERATION",
      "detail": "YoY growth: -27.5% vs prior quarter YoY: -7.8% (decel: -19.6%)",
      "severity": "WARNING"
    },
    {
      "quarter": "2022-09 (Q3)",
      "signal": "YoY REVENUE GROWTH DECELERATION",
      "detail": "YoY growth: -7.8% vs prior quarter YoY: +27.0% (decel: -34.8%)",
      "severity": "WARNING"
    },
    {
      "quarter": "2022-06 (Q2)",
      "signal": "FCF MARGIN EXPANSION",
      "detail": "FCF margin: +3.8% -> +12.2% (+8.4%)",
      "severity": "MEDIUM"
    },
    {
      "quarter": "2021-12 (Q4)",
      "signal": "FCF MARGIN EXPANSION",
      "detail": "FCF margin: +15.7% -> +26.8% (+11.2%)",
      "severity": "MEDIUM"
    },
    {
      "quarter": "2021-06 (Q2)",
      "signal": "FCF MARGIN EXPANSION",
      "detail": "FCF margin: +4.8% -> +12.0% (+7.2%)",
      "severity": "MEDIUM"
    }
  ],
  "data_quality": {
    "n_quarters": 20,
    "coverage": {
      "revenue": [
        20,
        20
      ],
      "gross_profit": [
        20,
        20
      ],
      "op_income": [
        0,
        20
      ],
      "fcf": [
        20,
        20
      ]
    },
    "gaps": [],
    "warnings": [
      "op_income: no data"
    ]
  },
  "market_cap": null,
  "source": "SEC EDGAR",
  "last_updated": "2026-02-24T10:11:03.240828"
}