{
  "ticker": "MTZ",
  "name": "MasTec, Inc.",
  "quarters": [
    {
      "date": "2020-12-31T00:00:00",
      "quarter_label": "2020-12 (Q4)",
      "revenue": 1636800000,
      "gross_profit": 314600000,
      "operating_income": null,
      "net_income": 113100000,
      "opex": null,
      "cogs": 1322200000,
      "rd": null,
      "sga": null,
      "fcf": 254078000,
      "ocf": 254078000,
      "capex": null,
      "gross_margin": 0.1922043010752688,
      "op_margin": null,
      "fcf_margin": 0.15522849462365593
    },
    {
      "date": "2021-03-31T00:00:00",
      "quarter_label": "2021-03 (Q1)",
      "revenue": 1775424000,
      "gross_profit": 261565000,
      "operating_income": null,
      "net_income": 65649000,
      "opex": null,
      "cogs": 1513859000,
      "rd": null,
      "sga": null,
      "fcf": 257164000,
      "ocf": 257164000,
      "capex": null,
      "gross_margin": 0.14732537129159007,
      "op_margin": null,
      "fcf_margin": 0.14484652680148516,
      "fcf_margin_change": -0.010381967822170768
    },
    {
      "date": "2021-06-30T00:00:00",
      "quarter_label": "2021-06 (Q2)",
      "revenue": 1962658000,
      "gross_profit": 287426000,
      "operating_income": null,
      "net_income": 75451000,
      "opex": null,
      "cogs": 1675232000,
      "rd": null,
      "sga": null,
      "fcf": 92178000,
      "ocf": 92178000,
      "capex": null,
      "gross_margin": 0.1464473178719879,
      "op_margin": null,
      "fcf_margin": 0.04696590032496747,
      "fcf_margin_change": -0.09788062647651768
    },
    {
      "date": "2021-09-30T00:00:00",
      "quarter_label": "2021-09 (Q3)",
      "revenue": 2404332000,
      "gross_profit": 346996000,
      "operating_income": null,
      "net_income": 111087000,
      "opex": null,
      "cogs": 2057336000,
      "rd": null,
      "sga": null,
      "fcf": 149755000,
      "ocf": 149755000,
      "capex": null,
      "gross_margin": 0.1443211669603033,
      "op_margin": null,
      "fcf_margin": 0.0622854913547713,
      "fcf_margin_change": 0.015319591029803833
    },
    {
      "date": "2021-12-31T00:00:00",
      "quarter_label": "2021-12 (Q4)",
      "revenue": 1809367000,
      "gross_profit": 250059000,
      "operating_income": null,
      "net_income": 76644000,
      "opex": null,
      "cogs": 1559308000,
      "rd": null,
      "sga": null,
      "fcf": 293977000,
      "ocf": 293977000,
      "capex": null,
      "gross_margin": 0.13820247633564667,
      "op_margin": null,
      "fcf_margin": 0.16247505343028806,
      "rev_growth_yoy": 0.10542949657869012,
      "fcf_margin_change": 0.10018956207551677
    },
    {
      "date": "2022-03-31T00:00:00",
      "quarter_label": "2022-03 (Q1)",
      "revenue": 1954400000,
      "gross_profit": 221084000,
      "operating_income": null,
      "net_income": -34978000,
      "opex": null,
      "cogs": 1733316000,
      "rd": null,
      "sga": null,
      "fcf": 131518000,
      "ocf": 131518000,
      "capex": null,
      "gross_margin": 0.11312116250511665,
      "op_margin": null,
      "fcf_margin": 0.06729328694228408,
      "rev_growth_yoy": 0.10080746908907394,
      "rev_growth_yoy_accel": -0.004622027489616182,
      "fcf_margin_change": -0.09518176648800399
    },
    {
      "date": "2022-06-30T00:00:00",
      "quarter_label": "2022-06 (Q2)",
      "revenue": 2301792000,
      "gross_profit": 273681000,
      "operating_income": null,
      "net_income": 16212000,
      "opex": null,
      "cogs": 2028111000,
      "rd": null,
      "sga": null,
      "fcf": -129977000,
      "ocf": -129977000,
      "capex": null,
      "gross_margin": 0.11889910122200442,
      "op_margin": null,
      "fcf_margin": -0.05646774339297382,
      "rev_growth_yoy": 0.1727932222526798,
      "rev_growth_yoy_accel": 0.07198575316360585,
      "fcf_margin_change": -0.1237610303352579
    },
    {
      "date": "2022-09-30T00:00:00",
      "quarter_label": "2022-09 (Q3)",
      "revenue": 2513484000,
      "gross_profit": 325649000,
      "operating_income": null,
      "net_income": 48896000,
      "opex": null,
      "cogs": 2187835000,
      "rd": null,
      "sga": null,
      "fcf": 117130000,
      "ocf": 117130000,
      "capex": null,
      "gross_margin": 0.12956080086445745,
      "op_margin": null,
      "fcf_margin": 0.04660065470876282,
      "rev_growth_yoy": 0.045398056508003055,
      "rev_growth_yoy_accel": -0.12739516574467674,
      "fcf_margin_change": 0.10306839810173664
    },
    {
      "date": "2022-12-31T00:00:00",
      "quarter_label": "2022-12 (Q4)",
      "revenue": 3008361000,
      "gross_profit": 371290000,
      "operating_income": null,
      "net_income": 3224000,
      "opex": null,
      "cogs": 2637071000,
      "rd": null,
      "sga": null,
      "fcf": 233626000,
      "ocf": 233626000,
      "capex": null,
      "gross_margin": 0.12341936356707191,
      "op_margin": null,
      "fcf_margin": 0.07765889798465012,
      "rev_growth_yoy": 0.6626593720345292,
      "rev_growth_yoy_accel": 0.6172613155265261,
      "fcf_margin_change": 0.0310582432758873
    },
    {
      "date": "2023-03-31T00:00:00",
      "quarter_label": "2023-03 (Q1)",
      "revenue": 2584659000,
      "gross_profit": 225165000,
      "operating_income": null,
      "net_income": -80540000,
      "opex": null,
      "cogs": 2359494000,
      "rd": null,
      "sga": null,
      "fcf": -86371000,
      "ocf": -86371000,
      "capex": null,
      "gross_margin": 0.08711594063278753,
      "op_margin": null,
      "fcf_margin": -0.0334167872821908,
      "rev_growth_yoy": 0.3224820916905444,
      "rev_growth_yoy_accel": -0.34017728034398476,
      "fcf_margin_change": -0.11107568526684092
    },
    {
      "date": "2023-06-30T00:00:00",
      "quarter_label": "2023-06 (Q2)",
      "revenue": 2874115000,
      "gross_profit": 389335000,
      "operating_income": null,
      "net_income": 15542000,
      "opex": null,
      "cogs": 2484780000,
      "rd": null,
      "sga": null,
      "fcf": -11539000,
      "ocf": -11539000,
      "capex": null,
      "gross_margin": 0.13546256847760094,
      "op_margin": null,
      "fcf_margin": -0.004014801077897022,
      "rev_growth_yoy": 0.24864236212481405,
      "rev_growth_yoy_accel": -0.07383972956573037,
      "fcf_margin_change": 0.02940198620429378
    },
    {
      "date": "2023-09-30T00:00:00",
      "quarter_label": "2023-09 (Q3)",
      "revenue": 3257077000,
      "gross_profit": 399959000,
      "operating_income": null,
      "net_income": 14296000,
      "opex": null,
      "cogs": 2857118000,
      "rd": null,
      "sga": null,
      "fcf": 294482000,
      "ocf": 294482000,
      "capex": null,
      "gross_margin": 0.12279691269196276,
      "op_margin": null,
      "fcf_margin": 0.0904129684376513,
      "rev_growth_yoy": 0.29584154902119925,
      "rev_growth_yoy_accel": 0.04719918689638519,
      "fcf_margin_change": 0.09442776951554832
    },
    {
      "date": "2023-12-31T00:00:00",
      "quarter_label": "2023-12 (Q4)",
      "revenue": 3280083000,
      "gross_profit": 367713000,
      "operating_income": null,
      "net_income": 753000,
      "opex": null,
      "cogs": 2912370000,
      "rd": null,
      "sga": null,
      "fcf": 490705000,
      "ocf": 490705000,
      "capex": null,
      "gross_margin": 0.11210478515330252,
      "op_margin": null,
      "fcf_margin": 0.14960139728171512,
      "rev_growth_yoy": 0.09032227182841421,
      "rev_growth_yoy_accel": -0.20551927719278504,
      "fcf_margin_change": 0.05918842884406382
    },
    {
      "date": "2024-03-31T00:00:00",
      "quarter_label": "2024-03 (Q1)",
      "revenue": 2686849000,
      "gross_profit": 307177000,
      "operating_income": null,
      "net_income": -41180000,
      "opex": null,
      "cogs": 2379672000,
      "rd": null,
      "sga": null,
      "fcf": 107750000,
      "ocf": 107750000,
      "capex": null,
      "gross_margin": 0.11432611211125002,
      "op_margin": null,
      "fcf_margin": 0.04010273744449353,
      "rev_growth_yoy": 0.03953713042997161,
      "rev_growth_yoy_accel": -0.0507851413984426,
      "fcf_margin_change": -0.1094986598372216
    },
    {
      "date": "2024-06-30T00:00:00",
      "quarter_label": "2024-06 (Q2)",
      "revenue": 2961086000,
      "gross_profit": 420639000,
      "operating_income": null,
      "net_income": 33988000,
      "opex": null,
      "cogs": 2540447000,
      "rd": null,
      "sga": null,
      "fcf": 264449000,
      "ocf": 264449000,
      "capex": null,
      "gross_margin": 0.14205565120364622,
      "op_margin": null,
      "fcf_margin": 0.08930811195622147,
      "rev_growth_yoy": 0.03026009745608648,
      "rev_growth_yoy_accel": -0.00927703297388513,
      "fcf_margin_change": 0.04920537451172794
    },
    {
      "date": "2024-09-30T00:00:00",
      "quarter_label": "2024-09 (Q3)",
      "revenue": 3252427000,
      "gross_profit": 463153000,
      "operating_income": null,
      "net_income": 95240000,
      "opex": null,
      "cogs": 2789274000,
      "rd": null,
      "sga": null,
      "fcf": 277727000,
      "ocf": 277727000,
      "capex": null,
      "gross_margin": 0.14240227374818867,
      "op_margin": null,
      "fcf_margin": 0.08539069439529312,
      "rev_growth_yoy": -0.0014276604452397041,
      "rev_growth_yoy_accel": -0.031687757901326184,
      "fcf_margin_change": -0.003917417560928352
    },
    {
      "date": "2024-12-31T00:00:00",
      "quarter_label": "2024-12 (Q4)",
      "revenue": 3403102000,
      "gross_profit": 436508000,
      "operating_income": null,
      "net_income": 74740000,
      "opex": null,
      "cogs": 2966594000,
      "rd": null,
      "sga": null,
      "fcf": 471699000,
      "ocf": 471699000,
      "capex": null,
      "gross_margin": 0.12826768048680293,
      "op_margin": null,
      "fcf_margin": 0.138608540090776,
      "rev_growth_yoy": 0.0375048436274326,
      "rev_growth_yoy_accel": 0.038932504072672305,
      "fcf_margin_change": 0.05321784569548288
    },
    {
      "date": "2025-03-31T00:00:00",
      "quarter_label": "2025-03 (Q1)",
      "revenue": 2847718000,
      "gross_profit": 311100000,
      "operating_income": null,
      "net_income": 9903000,
      "opex": null,
      "cogs": 2536618000,
      "rd": null,
      "sga": null,
      "fcf": 78365000,
      "ocf": 78365000,
      "capex": null,
      "gross_margin": 0.10924536769441356,
      "op_margin": null,
      "fcf_margin": 0.027518525359603724,
      "rev_growth_yoy": 0.0598727356840671,
      "rev_growth_yoy_accel": 0.022367892056634496,
      "fcf_margin_change": -0.11109001473117228
    },
    {
      "date": "2025-06-30T00:00:00",
      "quarter_label": "2025-06 (Q2)",
      "revenue": 3544705000,
      "gross_profit": 435542000,
      "operating_income": null,
      "net_income": 85766000,
      "opex": null,
      "cogs": 3109163000,
      "rd": null,
      "sga": null,
      "fcf": 5646000,
      "ocf": 5646000,
      "capex": null,
      "gross_margin": 0.1228711557097135,
      "op_margin": null,
      "fcf_margin": 0.0015927982723527064,
      "rev_growth_yoy": 0.1970962680584083,
      "rev_growth_yoy_accel": 0.1372235323743412,
      "fcf_margin_change": -0.025925727087251018
    },
    {
      "date": "2025-09-30T00:00:00",
      "quarter_label": "2025-09 (Q3)",
      "revenue": 3966948000,
      "gross_profit": 537749000,
      "operating_income": null,
      "net_income": 160660000,
      "opex": null,
      "cogs": 3429199000,
      "rd": null,
      "sga": null,
      "fcf": 88965000,
      "ocf": 88965000,
      "capex": null,
      "gross_margin": 0.13555736046955996,
      "op_margin": null,
      "fcf_margin": 0.02242656067082301,
      "rev_growth_yoy": 0.21968855872860482,
      "rev_growth_yoy_accel": 0.022592290670196524,
      "fcf_margin_change": 0.020833762398470304
    }
  ],
  "signals": [
    {
      "quarter": "2025-06 (Q2)",
      "signal": "YoY REVENUE GROWTH ACCELERATION",
      "detail": "YoY growth: +19.7% vs prior quarter YoY: +6.0% (accel: +13.7%)",
      "severity": "MEDIUM"
    },
    {
      "quarter": "2024-12 (Q4)",
      "signal": "FCF MARGIN EXPANSION",
      "detail": "FCF margin: +8.5% -> +13.9% (+5.3%)",
      "severity": "MEDIUM"
    },
    {
      "quarter": "2024-03 (Q1)",
      "signal": "YoY REVENUE GROWTH DECELERATION",
      "detail": "YoY growth: +4.0% vs prior quarter YoY: +9.0% (decel: -5.1%)",
      "severity": "WARNING"
    },
    {
      "quarter": "2023-12 (Q4)",
      "signal": "FCF MARGIN EXPANSION",
      "detail": "FCF margin: +9.0% -> +15.0% (+5.9%)",
      "severity": "MEDIUM"
    },
    {
      "quarter": "2023-12 (Q4)",
      "signal": "YoY REVENUE GROWTH DECELERATION",
      "detail": "YoY growth: +9.0% vs prior quarter YoY: +29.6% (decel: -20.6%)",
      "severity": "WARNING"
    },
    {
      "quarter": "2023-09 (Q3)",
      "signal": "FCF TURNED POSITIVE",
      "detail": "FCF margin: -0.4% -> +9.0%",
      "severity": "HIGH"
    },
    {
      "quarter": "2023-06 (Q2)",
      "signal": "GROSS MARGIN INFLECTION",
      "detail": "GM: +12.3% -> +8.7% -> +13.5% (reversal +4.8%)",
      "severity": "MEDIUM"
    },
    {
      "quarter": "2023-06 (Q2)",
      "signal": "YoY REVENUE GROWTH DECELERATION",
      "detail": "YoY growth: +24.9% vs prior quarter YoY: +32.2% (decel: -7.4%)",
      "severity": "WARNING"
    },
    {
      "quarter": "2023-03 (Q1)",
      "signal": "YoY REVENUE GROWTH DECELERATION",
      "detail": "YoY growth: +32.2% vs prior quarter YoY: +66.3% (decel: -34.0%)",
      "severity": "WARNING"
    },
    {
      "quarter": "2022-12 (Q4)",
      "signal": "YoY REVENUE GROWTH ACCELERATION",
      "detail": "YoY growth: +66.3% vs prior quarter YoY: +4.5% (accel: +61.7%)",
      "severity": "HIGH"
    },
    {
      "quarter": "2022-09 (Q3)",
      "signal": "FCF TURNED POSITIVE",
      "detail": "FCF margin: -5.6% -> +4.7%",
      "severity": "HIGH"
    },
    {
      "quarter": "2022-09 (Q3)",
      "signal": "YoY REVENUE GROWTH DECELERATION",
      "detail": "YoY growth: +4.5% vs prior quarter YoY: +17.3% (decel: -12.7%)",
      "severity": "WARNING"
    },
    {
      "quarter": "2022-06 (Q2)",
      "signal": "YoY REVENUE GROWTH ACCELERATION",
      "detail": "YoY growth: +17.3% vs prior quarter YoY: +10.1% (accel: +7.2%)",
      "severity": "MEDIUM"
    },
    {
      "quarter": "2021-12 (Q4)",
      "signal": "FCF MARGIN EXPANSION",
      "detail": "FCF margin: +6.2% -> +16.2% (+10.0%)",
      "severity": "MEDIUM"
    }
  ],
  "data_quality": {
    "n_quarters": 20,
    "coverage": {
      "revenue": [
        20,
        20
      ],
      "gross_profit": [
        20,
        20
      ],
      "op_income": [
        0,
        20
      ],
      "fcf": [
        20,
        20
      ]
    },
    "gaps": [],
    "warnings": [
      "op_income: no data"
    ]
  },
  "market_cap": null,
  "source": "SEC EDGAR",
  "last_updated": "2026-02-02T20:19:08.805140",
  "sector": "Industrials",
  "industry": "Engineering & Construction"
}