{
  "ticker": "MUR",
  "name": "MURPHY OIL CORPORATION",
  "quarters": [
    {
      "date": "2020-12-31T00:00:00",
      "quarter_label": "2020-12 (Q4)",
      "revenue": 440100000,
      "gross_profit": null,
      "operating_income": -155600000,
      "net_income": -171900000,
      "opex": 485806000,
      "cogs": null,
      "rd": null,
      "sga": 35862000,
      "fcf": 224677000,
      "ocf": 224677000,
      "capex": null,
      "gross_margin": null,
      "op_margin": -0.3535560099977278,
      "fcf_margin": 0.510513519654624
    },
    {
      "date": "2021-03-31T00:00:00",
      "quarter_label": "2021-03 (Q1)",
      "revenue": 379985000,
      "gross_profit": 379985000,
      "operating_income": -261750000,
      "net_income": -287438000,
      "opex": 641735000,
      "cogs": 0,
      "rd": null,
      "sga": 29503000,
      "fcf": 237766000,
      "ocf": 237766000,
      "capex": null,
      "gross_margin": 1.0,
      "op_margin": -0.6888429806439728,
      "fcf_margin": 0.6257246996591971,
      "fcf_margin_change": 0.11521118000457309
    },
    {
      "date": "2021-06-30T00:00:00",
      "quarter_label": "2021-06 (Q2)",
      "revenue": 549643000,
      "gross_profit": 549643000,
      "operating_income": 9784000,
      "net_income": -63082000,
      "opex": 539859000,
      "cogs": 0,
      "rd": null,
      "sga": 29113000,
      "fcf": 448516000,
      "ocf": 448516000,
      "capex": null,
      "gross_margin": 1.0,
      "op_margin": 0.017800645146031153,
      "fcf_margin": 0.816013303180428,
      "op_leverage_ratio": Infinity,
      "fcf_margin_change": 0.1902886035212309
    },
    {
      "date": "2021-09-30T00:00:00",
      "quarter_label": "2021-09 (Q3)",
      "revenue": 630700000,
      "gross_profit": 630700000,
      "operating_income": 223371000,
      "net_income": 108456000,
      "opex": 407329000,
      "cogs": 0,
      "rd": null,
      "sga": 27210000,
      "fcf": 405001000,
      "ocf": 405001000,
      "capex": null,
      "gross_margin": 1.0,
      "op_margin": 0.354163627715237,
      "fcf_margin": 0.6421452354526717,
      "op_leverage_ratio": Infinity,
      "fcf_margin_change": -0.17386806772775631
    },
    {
      "date": "2021-12-31T00:00:00",
      "quarter_label": "2021-12 (Q4)",
      "revenue": 762300000,
      "gross_profit": 762300000,
      "operating_income": 310030000,
      "net_income": 168400000,
      "opex": 428923000,
      "cogs": 0,
      "rd": null,
      "sga": 36124000,
      "fcf": 330880000,
      "ocf": 330880000,
      "capex": null,
      "gross_margin": 1.0,
      "op_margin": 0.4067033976124885,
      "fcf_margin": 0.4340548340548341,
      "incr_op_margin_yoy": 1.4451582867783985,
      "rev_growth_yoy": 0.7321063394683026,
      "op_leverage_ratio": 3.935911206477485,
      "fcf_margin_change": -0.20809040139783758
    },
    {
      "date": "2022-03-31T00:00:00",
      "quarter_label": "2022-03 (Q1)",
      "revenue": 552961000,
      "gross_profit": 519296000,
      "operating_income": -42124000,
      "net_income": -113336000,
      "opex": 595085000,
      "cogs": 33665000,
      "rd": null,
      "sga": 33529000,
      "fcf": 338330000,
      "ocf": 338330000,
      "capex": null,
      "gross_margin": 0.9391186720220775,
      "op_margin": -0.07617897103050668,
      "fcf_margin": 0.6118514687292594,
      "incr_op_margin_yoy": 1.269690592914624,
      "rev_growth_yoy": 0.4552179691303604,
      "rev_growth_yoy_accel": -0.2768883703379422,
      "fcf_margin_change": 0.17779663467442536
    },
    {
      "date": "2022-06-30T00:00:00",
      "quarter_label": "2022-06 (Q2)",
      "revenue": 1101057000,
      "gross_profit": 1053086000,
      "operating_income": 551608000,
      "net_income": 350557000,
      "opex": 549449000,
      "cogs": 47971000,
      "rd": null,
      "sga": 27130000,
      "fcf": 620911000,
      "ocf": 620911000,
      "capex": null,
      "gross_margin": 0.9564318650169792,
      "op_margin": 0.5009804215403926,
      "fcf_margin": 0.5639226670372197,
      "incr_op_margin_yoy": 0.9826083487180232,
      "rev_growth_yoy": 1.0032220914302556,
      "rev_growth_yoy_accel": 0.5480041222998953,
      "op_leverage_ratio": Infinity,
      "fcf_margin_change": -0.047928801692039724
    },
    {
      "date": "2022-09-30T00:00:00",
      "quarter_label": "2022-09 (Q3)",
      "revenue": 1303425000,
      "gross_profit": 1259803000,
      "operating_income": 753088000,
      "net_income": 528428000,
      "opex": 550337000,
      "cogs": 43622000,
      "rd": null,
      "sga": 29348000,
      "fcf": null,
      "ocf": null,
      "capex": null,
      "gross_margin": 0.9665327886146114,
      "op_margin": 0.577776243358843,
      "fcf_margin": null,
      "incr_op_margin_yoy": 0.7874198223642648,
      "rev_growth_yoy": 1.0666323133026796,
      "rev_growth_yoy_accel": 0.06341022187242396,
      "op_leverage_ratio": 113.72251582625434
    },
    {
      "date": "2022-12-31T00:00:00",
      "quarter_label": "2022-12 (Q4)",
      "revenue": 986100000,
      "gross_profit": 939367000,
      "operating_income": 324138000,
      "net_income": 199400000,
      "opex": 651081000,
      "cogs": 46733000,
      "rd": null,
      "sga": 41114000,
      "fcf": null,
      "ocf": null,
      "capex": null,
      "gross_margin": 0.9526082547408985,
      "op_margin": 0.32870702768481896,
      "fcf_margin": null,
      "incr_op_margin_yoy": 0.0630384271671135,
      "rev_growth_yoy": 0.29358520267611177,
      "rev_growth_yoy_accel": -0.7730471106265678
    },
    {
      "date": "2023-03-31T00:00:00",
      "quarter_label": "2023-03 (Q1)",
      "revenue": 841716000,
      "gross_profit": 809447000,
      "operating_income": 296796000,
      "net_income": 191644000,
      "opex": 544920000,
      "cogs": 32269000,
      "rd": null,
      "sga": 18308000,
      "fcf": null,
      "ocf": null,
      "capex": null,
      "gross_margin": 0.9616628411483208,
      "op_margin": 0.3526082431604009,
      "fcf_margin": null,
      "incr_op_margin_yoy": 1.1737285934442694,
      "rev_growth_yoy": 0.5221977680161892,
      "rev_growth_yoy_accel": 0.22861256534007746
    },
    {
      "date": "2023-06-30T00:00:00",
      "quarter_label": "2023-06 (Q2)",
      "revenue": 814588000,
      "gross_profit": 804931000,
      "operating_income": 164877000,
      "net_income": 98286000,
      "opex": 649711000,
      "cogs": 9657000,
      "rd": null,
      "sga": 25345000,
      "fcf": null,
      "ocf": null,
      "capex": null,
      "gross_margin": 0.9881449272515677,
      "op_margin": 0.20240538775430034,
      "fcf_margin": null,
      "incr_op_margin_yoy": 1.34999249482492,
      "rev_growth_yoy": -0.26017635780890547,
      "rev_growth_yoy_accel": -0.7823741258250947
    },
    {
      "date": "2023-09-30T00:00:00",
      "quarter_label": "2023-09 (Q3)",
      "revenue": 959645000,
      "gross_profit": 954178000,
      "operating_income": 377509000,
      "net_income": 255342000,
      "opex": 582136000,
      "cogs": 5467000,
      "rd": null,
      "sga": 30745000,
      "fcf": null,
      "ocf": null,
      "capex": null,
      "gross_margin": 0.9943031016678042,
      "op_margin": 0.3933840117960287,
      "fcf_margin": null,
      "incr_op_margin_yoy": 1.0924981092559194,
      "rev_growth_yoy": -0.26375127069068033,
      "rev_growth_yoy_accel": -0.003574912881774861,
      "op_leverage_ratio": Infinity
    },
    {
      "date": "2023-12-31T00:00:00",
      "quarter_label": "2023-12 (Q4)",
      "revenue": 842200000,
      "gross_profit": 837911000,
      "operating_income": 202847000,
      "net_income": 116400000,
      "opex": 641351000,
      "cogs": 4289000,
      "rd": null,
      "sga": 42908000,
      "fcf": null,
      "ocf": null,
      "capex": null,
      "gross_margin": 0.9949073854191404,
      "op_margin": 0.2408537164568986,
      "fcf_margin": null,
      "incr_op_margin_yoy": 0.8428839471855455,
      "rev_growth_yoy": -0.14592840482709665,
      "rev_growth_yoy_accel": 0.11782286586358368
    },
    {
      "date": "2024-03-31T00:00:00",
      "quarter_label": "2024-03 (Q1)",
      "revenue": 796412000,
      "gross_profit": 796252000,
      "operating_income": 154057000,
      "net_income": 90002000,
      "opex": 642355000,
      "cogs": 160000,
      "rd": null,
      "sga": 31161000,
      "fcf": null,
      "ocf": null,
      "capex": null,
      "gross_margin": 0.9997990989588303,
      "op_margin": 0.19343882312170083,
      "fcf_margin": null,
      "incr_op_margin_yoy": 3.1506930955324033,
      "rev_growth_yoy": -0.05382337985733906,
      "rev_growth_yoy_accel": 0.09210502496975759
    },
    {
      "date": "2024-06-30T00:00:00",
      "quarter_label": "2024-06 (Q2)",
      "revenue": 802771000,
      "gross_profit": 799784000,
      "operating_income": 184322000,
      "net_income": 127739000,
      "opex": 618449000,
      "cogs": 2987000,
      "rd": null,
      "sga": 22893000,
      "fcf": null,
      "ocf": null,
      "capex": null,
      "gross_margin": 0.9962791381352839,
      "op_margin": 0.22960719806769303,
      "fcf_margin": null,
      "incr_op_margin_yoy": -1.6455107049166455,
      "rev_growth_yoy": -0.014506719961502011,
      "rev_growth_yoy_accel": 0.03931665989583705
    },
    {
      "date": "2024-09-30T00:00:00",
      "quarter_label": "2024-09 (Q3)",
      "revenue": 758331000,
      "gross_profit": 758331000,
      "operating_income": 179026000,
      "net_income": 139094000,
      "opex": 579305000,
      "cogs": 0,
      "rd": null,
      "sga": 24871000,
      "fcf": null,
      "ocf": null,
      "capex": null,
      "gross_margin": 1.0,
      "op_margin": 0.23607896815506685,
      "fcf_margin": null,
      "incr_op_margin_yoy": 0.9859373913389035,
      "rev_growth_yoy": -0.2097796581027359,
      "rev_growth_yoy_accel": -0.1952729381412339
    },
    {
      "date": "2024-12-31T00:00:00",
      "quarter_label": "2024-12 (Q4)",
      "revenue": 669600000,
      "gross_profit": 669600000,
      "operating_income": 85188000,
      "net_income": 50300000,
      "opex": 585772000,
      "cogs": 0,
      "rd": null,
      "sga": 31160000,
      "fcf": null,
      "ocf": null,
      "capex": null,
      "gross_margin": 1.0,
      "op_margin": 0.1272222222222222,
      "fcf_margin": null,
      "incr_op_margin_yoy": 0.681685979142526,
      "rev_growth_yoy": -0.20493944431251485,
      "rev_growth_yoy_accel": 0.004840213790221065
    },
    {
      "date": "2025-03-31T00:00:00",
      "quarter_label": "2025-03 (Q1)",
      "revenue": 665711000,
      "gross_profit": 665711000,
      "operating_income": 143894000,
      "net_income": 73036000,
      "opex": 521817000,
      "cogs": 0,
      "rd": null,
      "sga": 30915000,
      "fcf": null,
      "ocf": null,
      "capex": null,
      "gross_margin": 1.0,
      "op_margin": 0.21615085224669564,
      "fcf_margin": null,
      "incr_op_margin_yoy": 0.07775763001048194,
      "rev_growth_yoy": -0.16411229363696178,
      "rev_growth_yoy_accel": 0.040827150675553064
    },
    {
      "date": "2025-06-30T00:00:00",
      "quarter_label": "2025-06 (Q2)",
      "revenue": 695570000,
      "gross_profit": 695570000,
      "operating_income": 92211000,
      "net_income": 22280000,
      "opex": 603359000,
      "cogs": 0,
      "rd": null,
      "sga": 36919000,
      "fcf": null,
      "ocf": null,
      "capex": null,
      "gross_margin": 1.0,
      "op_margin": 0.1325689722098423,
      "fcf_margin": null,
      "incr_op_margin_yoy": 0.8592363877202638,
      "rev_growth_yoy": -0.13353870530948428,
      "rev_growth_yoy_accel": 0.030573588327477502,
      "op_leverage_ratio": 0.28702940451259373
    },
    {
      "date": "2025-09-30T00:00:00",
      "quarter_label": "2025-09 (Q3)",
      "revenue": 732985000,
      "gross_profit": 732985000,
      "operating_income": 5793000,
      "net_income": -2973000,
      "opex": 727192000,
      "cogs": 0,
      "rd": null,
      "sga": 30858000,
      "fcf": null,
      "ocf": null,
      "capex": null,
      "gross_margin": 1.0,
      "op_margin": 0.007903299521818319,
      "fcf_margin": null,
      "incr_op_margin_yoy": 6.834727373155528,
      "rev_growth_yoy": -0.03342339954452607,
      "rev_growth_yoy_accel": 0.10011530576495821,
      "op_leverage_ratio": 0.2620862928683691
    }
  ],
  "signals": [
    {
      "quarter": "2025-09 (Q3)",
      "signal": "YoY REVENUE GROWTH ACCELERATION",
      "detail": "YoY growth: -3.3% vs prior quarter YoY: -13.4% (accel: +10.0%)",
      "severity": "MEDIUM"
    },
    {
      "quarter": "2025-09 (Q3)",
      "signal": "INCREMENTAL MARGIN (YoY)",
      "detail": "YoY Incr OPM: +683.5% vs year-ago OPM: +23.6%",
      "severity": "HIGH"
    },
    {
      "quarter": "2025-06 (Q2)",
      "signal": "INCREMENTAL MARGIN (YoY)",
      "detail": "YoY Incr OPM: +85.9% vs year-ago OPM: +23.0%",
      "severity": "HIGH"
    },
    {
      "quarter": "2024-12 (Q4)",
      "signal": "INCREMENTAL MARGIN (YoY)",
      "detail": "YoY Incr OPM: +68.2% vs year-ago OPM: +24.1%",
      "severity": "HIGH"
    },
    {
      "quarter": "2024-09 (Q3)",
      "signal": "YoY REVENUE GROWTH DECELERATION",
      "detail": "YoY growth: -21.0% vs prior quarter YoY: -1.5% (decel: -19.5%)",
      "severity": "WARNING"
    },
    {
      "quarter": "2024-09 (Q3)",
      "signal": "INCREMENTAL MARGIN (YoY)",
      "detail": "YoY Incr OPM: +98.6% vs year-ago OPM: +39.3%",
      "severity": "HIGH"
    },
    {
      "quarter": "2024-03 (Q1)",
      "signal": "YoY REVENUE GROWTH ACCELERATION",
      "detail": "YoY growth: -5.4% vs prior quarter YoY: -14.6% (accel: +9.2%)",
      "severity": "MEDIUM"
    },
    {
      "quarter": "2024-03 (Q1)",
      "signal": "INCREMENTAL MARGIN (YoY)",
      "detail": "YoY Incr OPM: +315.1% vs year-ago OPM: +35.3%",
      "severity": "HIGH"
    },
    {
      "quarter": "2023-12 (Q4)",
      "signal": "YoY REVENUE GROWTH ACCELERATION",
      "detail": "YoY growth: -14.6% vs prior quarter YoY: -26.4% (accel: +11.8%)",
      "severity": "MEDIUM"
    },
    {
      "quarter": "2023-12 (Q4)",
      "signal": "INCREMENTAL MARGIN (YoY)",
      "detail": "YoY Incr OPM: +84.3% vs year-ago OPM: +32.9%",
      "severity": "HIGH"
    },
    {
      "quarter": "2023-09 (Q3)",
      "signal": "INCREMENTAL MARGIN (YoY)",
      "detail": "YoY Incr OPM: +109.2% vs year-ago OPM: +57.8%",
      "severity": "HIGH"
    },
    {
      "quarter": "2023-06 (Q2)",
      "signal": "YoY REVENUE GROWTH DECELERATION",
      "detail": "YoY growth: -26.0% vs prior quarter YoY: +52.2% (decel: -78.2%)",
      "severity": "WARNING"
    },
    {
      "quarter": "2023-06 (Q2)",
      "signal": "INCREMENTAL MARGIN (YoY)",
      "detail": "YoY Incr OPM: +135.0% vs year-ago OPM: +50.1%",
      "severity": "HIGH"
    },
    {
      "quarter": "2023-03 (Q1)",
      "signal": "YoY REVENUE GROWTH ACCELERATION",
      "detail": "YoY growth: +52.2% vs prior quarter YoY: +29.4% (accel: +22.9%)",
      "severity": "HIGH"
    },
    {
      "quarter": "2023-03 (Q1)",
      "signal": "OP MARGIN TURNED POSITIVE (YoY)",
      "detail": "Op margin: -7.6% (year-ago) -> +35.3%",
      "severity": "HIGH"
    },
    {
      "quarter": "2022-12 (Q4)",
      "signal": "YoY REVENUE GROWTH DECELERATION",
      "detail": "YoY growth: +29.4% vs prior quarter YoY: +106.7% (decel: -77.3%)",
      "severity": "WARNING"
    },
    {
      "quarter": "2022-09 (Q3)",
      "signal": "OPERATING LEVERAGE",
      "detail": "Rev growth +18.4% vs OpEx growth +0.2% (leverage: 113.7x)",
      "severity": "MEDIUM"
    },
    {
      "quarter": "2022-09 (Q3)",
      "signal": "YoY REVENUE GROWTH ACCELERATION",
      "detail": "YoY growth: +106.7% vs prior quarter YoY: +100.3% (accel: +6.3%)",
      "severity": "MEDIUM"
    },
    {
      "quarter": "2022-09 (Q3)",
      "signal": "INCREMENTAL MARGIN (YoY)",
      "detail": "YoY Incr OPM: +78.7% vs year-ago OPM: +35.4%",
      "severity": "HIGH"
    },
    {
      "quarter": "2022-06 (Q2)",
      "signal": "YoY REVENUE GROWTH ACCELERATION",
      "detail": "YoY growth: +100.3% vs prior quarter YoY: +45.5% (accel: +54.8%)",
      "severity": "HIGH"
    },
    {
      "quarter": "2022-06 (Q2)",
      "signal": "INCREMENTAL MARGIN (YoY)",
      "detail": "YoY Incr OPM: +98.3% vs year-ago OPM: +1.8%",
      "severity": "HIGH"
    },
    {
      "quarter": "2022-06 (Q2)",
      "signal": "OP MARGIN TURNED POSITIVE (QoQ)",
      "detail": "Op margin: -7.6% -> +50.1%",
      "severity": "HIGH"
    },
    {
      "quarter": "2022-03 (Q1)",
      "signal": "FCF MARGIN EXPANSION",
      "detail": "FCF margin: +43.4% -> +61.2% (+17.8%)",
      "severity": "MEDIUM"
    },
    {
      "quarter": "2022-03 (Q1)",
      "signal": "YoY REVENUE GROWTH DECELERATION",
      "detail": "YoY growth: +45.5% vs prior quarter YoY: +73.2% (decel: -27.7%)",
      "severity": "WARNING"
    },
    {
      "quarter": "2021-12 (Q4)",
      "signal": "OPERATING LEVERAGE",
      "detail": "Rev growth +20.9% vs OpEx growth +5.3% (leverage: 3.9x)",
      "severity": "MEDIUM"
    },
    {
      "quarter": "2021-12 (Q4)",
      "signal": "OP MARGIN TURNED POSITIVE (YoY)",
      "detail": "Op margin: -35.4% (year-ago) -> +40.7%",
      "severity": "HIGH"
    },
    {
      "quarter": "2021-06 (Q2)",
      "signal": "FCF MARGIN EXPANSION",
      "detail": "FCF margin: +62.6% -> +81.6% (+19.0%)",
      "severity": "MEDIUM"
    },
    {
      "quarter": "2021-06 (Q2)",
      "signal": "OP MARGIN TURNED POSITIVE (QoQ)",
      "detail": "Op margin: -68.9% -> +1.8%",
      "severity": "HIGH"
    },
    {
      "quarter": "2021-03 (Q1)",
      "signal": "FCF MARGIN EXPANSION",
      "detail": "FCF margin: +51.1% -> +62.6% (+11.5%)",
      "severity": "MEDIUM"
    }
  ],
  "data_quality": {
    "n_quarters": 20,
    "coverage": {
      "revenue": [
        20,
        20
      ],
      "gross_profit": [
        19,
        20
      ],
      "op_income": [
        20,
        20
      ],
      "fcf": [
        7,
        20
      ]
    },
    "gaps": [],
    "warnings": [
      "fcf: 7/20Q"
    ]
  },
  "market_cap": null,
  "source": "SEC EDGAR",
  "last_updated": "2026-02-02T21:08:51.851200"
}