{
  "ticker": "MUSA",
  "name": "MURPHY USA INC.",
  "quarters": [
    {
      "date": "2020-12-31T00:00:00",
      "quarter_label": "2020-12 (Q4)",
      "revenue": 2860900000,
      "gross_profit": null,
      "operating_income": 92400000,
      "net_income": 61000000,
      "opex": 2768400000,
      "cogs": null,
      "rd": null,
      "sga": 41100000,
      "fcf": 95900000,
      "ocf": 95900000,
      "capex": null,
      "gross_margin": null,
      "op_margin": 0.03229752874969415,
      "fcf_margin": 0.03352091999021287
    },
    {
      "date": "2021-03-31T00:00:00",
      "quarter_label": "2021-03 (Q1)",
      "revenue": 3537100000,
      "gross_profit": null,
      "operating_income": 94600000,
      "net_income": 55300000,
      "opex": 3442700000,
      "cogs": null,
      "rd": null,
      "sga": 44300000,
      "fcf": 229800000,
      "ocf": 229800000,
      "capex": null,
      "gross_margin": null,
      "op_margin": 0.02674507364790365,
      "fcf_margin": 0.06496847700093297,
      "op_leverage_ratio": 0.9703941496970042,
      "fcf_margin_change": 0.0314475570107201
    },
    {
      "date": "2021-06-30T00:00:00",
      "quarter_label": "2021-06 (Q2)",
      "revenue": 4456000000,
      "gross_profit": null,
      "operating_income": 190200000,
      "net_income": 128800000,
      "opex": 4265700000,
      "cogs": null,
      "rd": null,
      "sga": 48500000,
      "fcf": 101000000,
      "ocf": 101000000,
      "capex": null,
      "gross_margin": null,
      "op_margin": 0.04268402154398564,
      "fcf_margin": 0.022666068222621186,
      "op_leverage_ratio": 1.0867265001743538,
      "fcf_margin_change": -0.04230240877831179
    },
    {
      "date": "2021-09-30T00:00:00",
      "quarter_label": "2021-09 (Q3)",
      "revenue": 4600400000,
      "gross_profit": null,
      "operating_income": 158300000,
      "net_income": 104000000,
      "opex": 4442400000,
      "cogs": null,
      "rd": null,
      "sga": 47200000,
      "fcf": 256200000,
      "ocf": 256200000,
      "capex": null,
      "gross_margin": null,
      "op_margin": 0.034410051299886966,
      "fcf_margin": 0.055690809494826535,
      "op_leverage_ratio": 0.7823043956680373,
      "fcf_margin_change": 0.03302474127220535
    },
    {
      "date": "2021-12-31T00:00:00",
      "quarter_label": "2021-12 (Q4)",
      "revenue": 4767000000,
      "gross_profit": null,
      "operating_income": 160900000,
      "net_income": 108800000,
      "opex": 4607200000,
      "cogs": null,
      "rd": null,
      "sga": 53600000,
      "fcf": 150400000,
      "ocf": 150400000,
      "capex": null,
      "gross_margin": null,
      "op_margin": 0.03375288441367737,
      "fcf_margin": 0.031550241241871196,
      "incr_op_margin_yoy": 0.035937254079009495,
      "rev_growth_yoy": 0.6662588695864937,
      "op_leverage_ratio": 0.9762023648429051,
      "fcf_margin_change": -0.02414056825295534
    },
    {
      "date": "2022-03-31T00:00:00",
      "quarter_label": "2022-03 (Q1)",
      "revenue": 5118400000,
      "gross_profit": null,
      "operating_income": 220700000,
      "net_income": 152400000,
      "opex": 4897700000,
      "cogs": null,
      "rd": null,
      "sga": 46200000,
      "fcf": 339200000,
      "ocf": 339200000,
      "capex": null,
      "gross_margin": null,
      "op_margin": 0.043118943419818694,
      "fcf_margin": 0.06627070959674898,
      "incr_op_margin_yoy": 0.07974451400746221,
      "rev_growth_yoy": 0.44706115179101524,
      "rev_growth_yoy_accel": -0.21919771779547848,
      "op_leverage_ratio": 1.1690888917532938,
      "fcf_margin_change": 0.034720468354877784
    },
    {
      "date": "2022-06-30T00:00:00",
      "quarter_label": "2022-06 (Q2)",
      "revenue": 6766700000,
      "gross_profit": null,
      "operating_income": 262300000,
      "net_income": 183300000,
      "opex": 6506300000,
      "cogs": null,
      "rd": null,
      "sga": 52200000,
      "fcf": 177300000,
      "ocf": 177300000,
      "capex": null,
      "gross_margin": null,
      "op_margin": 0.03876335584553771,
      "fcf_margin": 0.026201841370239554,
      "incr_op_margin_yoy": 0.031202665858830657,
      "rev_growth_yoy": 0.5185592459605027,
      "rev_growth_yoy_accel": 0.07149809416948749,
      "op_leverage_ratio": 0.9804967335329557,
      "fcf_margin_change": -0.04006886822650943
    },
    {
      "date": "2022-09-30T00:00:00",
      "quarter_label": "2022-09 (Q3)",
      "revenue": 6194700000,
      "gross_profit": null,
      "operating_income": 311900000,
      "net_income": 219500000,
      "opex": 5883100000,
      "cogs": null,
      "rd": null,
      "sga": 52400000,
      "fcf": 255000000,
      "ocf": 255000000,
      "capex": null,
      "gross_margin": null,
      "op_margin": 0.05034949230794066,
      "fcf_margin": 0.04116422102765267,
      "incr_op_margin_yoy": 0.09634322273097912,
      "rev_growth_yoy": 0.3465568211459873,
      "rev_growth_yoy_accel": -0.17200242481451544,
      "fcf_margin_change": 0.014962379657413118
    },
    {
      "date": "2022-12-31T00:00:00",
      "quarter_label": "2022-12 (Q4)",
      "revenue": 5366300000,
      "gross_profit": null,
      "operating_income": 173500000,
      "net_income": 117700000,
      "opex": 5192700000,
      "cogs": null,
      "rd": null,
      "sga": 81700000,
      "fcf": 223200000,
      "ocf": 223200000,
      "capex": null,
      "gross_margin": null,
      "op_margin": 0.03233140152432775,
      "fcf_margin": 0.04159290386299685,
      "incr_op_margin_yoy": 0.021024528616719506,
      "rev_growth_yoy": 0.12571848122508916,
      "rev_growth_yoy_accel": -0.22083833992089813,
      "fcf_margin_change": 0.00042868283534417545
    },
    {
      "date": "2023-03-31T00:00:00",
      "quarter_label": "2023-03 (Q1)",
      "revenue": 5077200000,
      "gross_profit": null,
      "operating_income": 162800000,
      "net_income": 106300000,
      "opex": 4914200000,
      "cogs": null,
      "rd": null,
      "sga": 59000000,
      "fcf": 149700000,
      "ocf": 149700000,
      "capex": null,
      "gross_margin": null,
      "op_margin": 0.03206491767115733,
      "fcf_margin": 0.02948475537697944,
      "incr_op_margin_yoy": 1.4053398058252426,
      "rev_growth_yoy": -0.008049390434510785,
      "rev_growth_yoy_accel": -0.13376787165959994,
      "fcf_margin_change": -0.01210814848601741
    },
    {
      "date": "2023-06-30T00:00:00",
      "quarter_label": "2023-06 (Q2)",
      "revenue": 5585400000,
      "gross_profit": null,
      "operating_income": 198700000,
      "net_income": 132800000,
      "opex": 5386800000,
      "cogs": null,
      "rd": null,
      "sga": 59400000,
      "fcf": 171200000,
      "ocf": 171200000,
      "capex": null,
      "gross_margin": null,
      "op_margin": 0.035574891681884914,
      "fcf_margin": 0.03065134099616858,
      "incr_op_margin_yoy": 0.05383899094218234,
      "rev_growth_yoy": -0.17457549470199654,
      "rev_growth_yoy_accel": -0.16652610426748576,
      "op_leverage_ratio": 1.0408053109002502,
      "fcf_margin_change": 0.0011665856191891422
    },
    {
      "date": "2023-09-30T00:00:00",
      "quarter_label": "2023-09 (Q3)",
      "revenue": 5797900000,
      "gross_profit": null,
      "operating_income": 247300000,
      "net_income": 167700000,
      "opex": 5550100000,
      "cogs": null,
      "rd": null,
      "sga": 60000000,
      "fcf": 190000000,
      "ocf": 190000000,
      "capex": null,
      "gross_margin": null,
      "op_margin": 0.042653374497662946,
      "fcf_margin": 0.03277048586557202,
      "incr_op_margin_yoy": 0.16280241935483872,
      "rev_growth_yoy": -0.06405475648538267,
      "rev_growth_yoy_accel": 0.11052073821661387,
      "op_leverage_ratio": 1.255016167051396,
      "fcf_margin_change": 0.002119144869403438
    },
    {
      "date": "2023-12-31T00:00:00",
      "quarter_label": "2023-12 (Q4)",
      "revenue": 5068900000,
      "gross_profit": null,
      "operating_income": 217200000,
      "net_income": 150000000,
      "opex": 4851500000,
      "cogs": null,
      "rd": null,
      "sga": 62100000,
      "fcf": 273100000,
      "ocf": 273100000,
      "capex": null,
      "gross_margin": null,
      "op_margin": 0.042849533429343646,
      "fcf_margin": 0.05387756712501726,
      "incr_op_margin_yoy": -0.14694014794889038,
      "rev_growth_yoy": -0.055419935523545086,
      "rev_growth_yoy_accel": 0.008634820961837583,
      "fcf_margin_change": 0.021107081259445243
    },
    {
      "date": "2024-03-31T00:00:00",
      "quarter_label": "2024-03 (Q1)",
      "revenue": 4843700000,
      "gross_profit": null,
      "operating_income": 105200000,
      "net_income": 66000000,
      "opex": 4738900000,
      "cogs": null,
      "rd": null,
      "sga": 62100000,
      "fcf": 136000000,
      "ocf": 136000000,
      "capex": null,
      "gross_margin": null,
      "op_margin": 0.021718933872865786,
      "fcf_margin": 0.028077709189256148,
      "incr_op_margin_yoy": 0.24668094218415418,
      "rev_growth_yoy": -0.045989915701567796,
      "rev_growth_yoy_accel": 0.00943001982197729,
      "fcf_margin_change": -0.025799857935761113
    },
    {
      "date": "2024-06-30T00:00:00",
      "quarter_label": "2024-06 (Q2)",
      "revenue": 5451700000,
      "gross_profit": null,
      "operating_income": 217100000,
      "net_income": 144800000,
      "opex": 5233200000,
      "cogs": null,
      "rd": null,
      "sga": 59100000,
      "fcf": 260800000,
      "ocf": 260800000,
      "capex": null,
      "gross_margin": null,
      "op_margin": 0.039822440706568596,
      "fcf_margin": 0.04783828897408148,
      "incr_op_margin_yoy": -0.137621540762902,
      "rev_growth_yoy": -0.02393740824291904,
      "rev_growth_yoy_accel": 0.022052507458648757,
      "op_leverage_ratio": 1.2034090587818083,
      "fcf_margin_change": 0.019760579784825334
    },
    {
      "date": "2024-09-30T00:00:00",
      "quarter_label": "2024-09 (Q3)",
      "revenue": 5238500000,
      "gross_profit": null,
      "operating_income": 221600000,
      "net_income": 149200000,
      "opex": 5016500000,
      "cogs": null,
      "rd": null,
      "sga": 60000000,
      "fcf": 202100000,
      "ocf": 202100000,
      "capex": null,
      "gross_margin": null,
      "op_margin": 0.0423021857401928,
      "fcf_margin": 0.03857974611052782,
      "incr_op_margin_yoy": 0.045942080800858064,
      "rev_growth_yoy": -0.09648320943789992,
      "rev_growth_yoy_accel": -0.07254580119498089,
      "fcf_margin_change": -0.00925854286355366
    },
    {
      "date": "2024-12-31T00:00:00",
      "quarter_label": "2024-12 (Q4)",
      "revenue": 4710400000,
      "gross_profit": null,
      "operating_income": 199000000,
      "net_income": 142500000,
      "opex": 4508300000,
      "cogs": null,
      "rd": null,
      "sga": 54200000,
      "fcf": 248700000,
      "ocf": 248700000,
      "capex": null,
      "gross_margin": null,
      "op_margin": 0.04224694293478261,
      "fcf_margin": 0.052798063858695655,
      "incr_op_margin_yoy": 0.05076708507670851,
      "rev_growth_yoy": -0.07072540393379234,
      "rev_growth_yoy_accel": 0.025757805504107584,
      "fcf_margin_change": 0.014218317748167834
    },
    {
      "date": "2025-03-31T00:00:00",
      "quarter_label": "2025-03 (Q1)",
      "revenue": 4525400000,
      "gross_profit": null,
      "operating_income": 88000000,
      "net_income": 53200000,
      "opex": 4437100000,
      "cogs": null,
      "rd": null,
      "sga": 60100000,
      "fcf": 128500000,
      "ocf": 128500000,
      "capex": null,
      "gross_margin": null,
      "op_margin": 0.019445794846864366,
      "fcf_margin": 0.028395279975250806,
      "incr_op_margin_yoy": 0.05403707194470625,
      "rev_growth_yoy": -0.0657142267275017,
      "rev_growth_yoy_accel": 0.005011177206290643,
      "fcf_margin_change": -0.02440278388344485
    },
    {
      "date": "2025-06-30T00:00:00",
      "quarter_label": "2025-06 (Q2)",
      "revenue": 5005000000,
      "gross_profit": null,
      "operating_income": 219200000,
      "net_income": 145600000,
      "opex": 4785800000,
      "cogs": null,
      "rd": null,
      "sga": 50900000,
      "fcf": 255100000,
      "ocf": 255100000,
      "capex": null,
      "gross_margin": null,
      "op_margin": 0.043796203796203796,
      "fcf_margin": 0.05096903096903097,
      "incr_op_margin_yoy": -0.0047011417058428475,
      "rev_growth_yoy": -0.08193774418988573,
      "rev_growth_yoy_accel": -0.016223517462384027,
      "op_leverage_ratio": 1.3485575076480334,
      "fcf_margin_change": 0.022573750993780166
    },
    {
      "date": "2025-09-30T00:00:00",
      "quarter_label": "2025-09 (Q3)",
      "revenue": 5110000000,
      "gross_profit": null,
      "operating_income": 201800000,
      "net_income": 129900000,
      "opex": 4908300000,
      "cogs": null,
      "rd": null,
      "sga": 55300000,
      "fcf": 184800000,
      "ocf": 184800000,
      "capex": null,
      "gross_margin": null,
      "op_margin": 0.03949119373776908,
      "fcf_margin": 0.03616438356164384,
      "incr_op_margin_yoy": 0.15408560311284047,
      "rev_growth_yoy": -0.02452992268779231,
      "rev_growth_yoy_accel": 0.05740782150209342,
      "op_leverage_ratio": 0.8196032538889682,
      "fcf_margin_change": -0.014804647407387135
    }
  ],
  "signals": [
    {
      "quarter": "2025-09 (Q3)",
      "signal": "YoY REVENUE GROWTH ACCELERATION",
      "detail": "YoY growth: -2.5% vs prior quarter YoY: -8.2% (accel: +5.7%)",
      "severity": "MEDIUM"
    },
    {
      "quarter": "2025-09 (Q3)",
      "signal": "INCREMENTAL MARGIN (YoY)",
      "detail": "YoY Incr OPM: +15.4% vs year-ago OPM: +4.2%",
      "severity": "MEDIUM"
    },
    {
      "quarter": "2024-09 (Q3)",
      "signal": "YoY REVENUE GROWTH DECELERATION",
      "detail": "YoY growth: -9.6% vs prior quarter YoY: -2.4% (decel: -7.3%)",
      "severity": "WARNING"
    },
    {
      "quarter": "2024-03 (Q1)",
      "signal": "INCREMENTAL MARGIN (YoY)",
      "detail": "YoY Incr OPM: +24.7% vs year-ago OPM: +3.2%",
      "severity": "HIGH"
    },
    {
      "quarter": "2023-09 (Q3)",
      "signal": "YoY REVENUE GROWTH ACCELERATION",
      "detail": "YoY growth: -6.4% vs prior quarter YoY: -17.5% (accel: +11.1%)",
      "severity": "MEDIUM"
    },
    {
      "quarter": "2023-09 (Q3)",
      "signal": "INCREMENTAL MARGIN (YoY)",
      "detail": "YoY Incr OPM: +16.3% vs year-ago OPM: +5.0%",
      "severity": "MEDIUM"
    },
    {
      "quarter": "2023-06 (Q2)",
      "signal": "YoY REVENUE GROWTH DECELERATION",
      "detail": "YoY growth: -17.5% vs prior quarter YoY: -0.8% (decel: -16.7%)",
      "severity": "WARNING"
    },
    {
      "quarter": "2023-03 (Q1)",
      "signal": "YoY REVENUE GROWTH DECELERATION",
      "detail": "YoY growth: -0.8% vs prior quarter YoY: +12.6% (decel: -13.4%)",
      "severity": "WARNING"
    },
    {
      "quarter": "2023-03 (Q1)",
      "signal": "INCREMENTAL MARGIN (YoY)",
      "detail": "YoY Incr OPM: +140.5% vs year-ago OPM: +4.3%",
      "severity": "HIGH"
    },
    {
      "quarter": "2022-12 (Q4)",
      "signal": "YoY REVENUE GROWTH DECELERATION",
      "detail": "YoY growth: +12.6% vs prior quarter YoY: +34.7% (decel: -22.1%)",
      "severity": "WARNING"
    },
    {
      "quarter": "2022-09 (Q3)",
      "signal": "YoY REVENUE GROWTH DECELERATION",
      "detail": "YoY growth: +34.7% vs prior quarter YoY: +51.9% (decel: -17.2%)",
      "severity": "WARNING"
    },
    {
      "quarter": "2022-06 (Q2)",
      "signal": "YoY REVENUE GROWTH ACCELERATION",
      "detail": "YoY growth: +51.9% vs prior quarter YoY: +44.7% (accel: +7.1%)",
      "severity": "MEDIUM"
    },
    {
      "quarter": "2022-03 (Q1)",
      "signal": "YoY REVENUE GROWTH DECELERATION",
      "detail": "YoY growth: +44.7% vs prior quarter YoY: +66.6% (decel: -21.9%)",
      "severity": "WARNING"
    }
  ],
  "data_quality": {
    "n_quarters": 20,
    "coverage": {
      "revenue": [
        20,
        20
      ],
      "gross_profit": [
        0,
        20
      ],
      "op_income": [
        20,
        20
      ],
      "fcf": [
        20,
        20
      ]
    },
    "gaps": [],
    "warnings": [
      "gross_profit: no data"
    ]
  },
  "market_cap": null,
  "source": "SEC EDGAR",
  "last_updated": "2026-02-02T20:44:45.026395"
}