{
  "ticker": "MUX",
  "name": "McEWEN INC.",
  "quarters": [
    {
      "date": "2020-12-31T00:00:00",
      "quarter_label": "2020-12 (Q4)",
      "revenue": 27703000,
      "gross_profit": -13687000,
      "operating_income": -22620000,
      "net_income": -23542000,
      "opex": 8933000,
      "cogs": null,
      "rd": null,
      "sga": null,
      "fcf": -2600000,
      "ocf": -2600000,
      "capex": null,
      "gross_margin": -0.49406201494422985,
      "op_margin": -0.8165180666353824,
      "fcf_margin": -0.09385265133740028
    },
    {
      "date": "2021-03-31T00:00:00",
      "quarter_label": "2021-03 (Q1)",
      "revenue": 23740000,
      "gross_profit": -4986000,
      "operating_income": -15384000,
      "net_income": -12466000,
      "opex": 10398000,
      "cogs": null,
      "rd": 2236000,
      "sga": null,
      "fcf": -10143000,
      "ocf": -10143000,
      "capex": null,
      "gross_margin": -0.2100252737994945,
      "op_margin": -0.6480202190395956,
      "fcf_margin": -0.4272535804549284,
      "fcf_margin_change": -0.3334009291175281
    },
    {
      "date": "2021-06-30T00:00:00",
      "quarter_label": "2021-06 (Q2)",
      "revenue": 40706000,
      "gross_profit": 4059000,
      "operating_income": -8947000,
      "net_income": -5989000,
      "opex": 13006000,
      "cogs": null,
      "rd": null,
      "sga": null,
      "fcf": 2070000,
      "ocf": 2070000,
      "capex": null,
      "gross_margin": 0.09971502972534761,
      "op_margin": -0.2197956075271459,
      "fcf_margin": 0.05085245418365843,
      "op_leverage_ratio": 2.8493183439200744,
      "fcf_margin_change": 0.4781060346385868
    },
    {
      "date": "2021-09-30T00:00:00",
      "quarter_label": "2021-09 (Q3)",
      "revenue": 37129000,
      "gross_profit": 344000,
      "operating_income": -17434000,
      "net_income": -17401000,
      "opex": 17778000,
      "cogs": null,
      "rd": null,
      "sga": null,
      "fcf": -11003000,
      "ocf": -11003000,
      "capex": null,
      "gross_margin": 0.009264995017371866,
      "op_margin": -0.4695521021304102,
      "fcf_margin": -0.2963451749306472,
      "fcf_margin_change": -0.34719762911430563
    },
    {
      "date": "2021-12-31T00:00:00",
      "quarter_label": "2021-12 (Q4)",
      "revenue": 34966000,
      "gross_profit": -5897000,
      "operating_income": -22515000,
      "net_income": -20856000,
      "opex": 16618000,
      "cogs": null,
      "rd": null,
      "sga": null,
      "fcf": -987000,
      "ocf": -987000,
      "capex": null,
      "gross_margin": -0.16864954527255047,
      "op_margin": -0.6439112280501058,
      "fcf_margin": -0.02822742092318252,
      "incr_op_margin_yoy": 0.014456836018174308,
      "rev_growth_yoy": 0.2621737717936686,
      "fcf_margin_change": 0.2681177540074647
    },
    {
      "date": "2022-03-31T00:00:00",
      "quarter_label": "2022-03 (Q1)",
      "revenue": 25542000,
      "gross_profit": -5994000,
      "operating_income": -24109000,
      "net_income": -19327000,
      "opex": 18115000,
      "cogs": null,
      "rd": 1735000,
      "sga": null,
      "fcf": -15620000,
      "ocf": -15620000,
      "capex": null,
      "gross_margin": -0.2346723044397463,
      "op_margin": -0.9438963276172578,
      "fcf_margin": -0.611541774332472,
      "incr_op_margin_yoy": -4.841842397336293,
      "rev_growth_yoy": 0.07590564448188711,
      "rev_growth_yoy_accel": -0.18626812731178147,
      "fcf_margin_change": -0.5833143534092895
    },
    {
      "date": "2022-06-30T00:00:00",
      "quarter_label": "2022-06 (Q2)",
      "revenue": 30647000,
      "gross_profit": 4235000,
      "operating_income": -16569000,
      "net_income": -12452000,
      "opex": 20804000,
      "cogs": null,
      "rd": null,
      "sga": null,
      "fcf": -36715000,
      "ocf": -36715000,
      "capex": null,
      "gross_margin": 0.13818644565536595,
      "op_margin": -0.5406401931673573,
      "fcf_margin": -1.1979965412601559,
      "incr_op_margin_yoy": 0.7577293965602943,
      "rev_growth_yoy": -0.24711344764899523,
      "rev_growth_yoy_accel": -0.3230190921308823,
      "op_leverage_ratio": 1.3464442686207498,
      "fcf_margin_change": -0.5864547669276838
    },
    {
      "date": "2022-09-30T00:00:00",
      "quarter_label": "2022-09 (Q3)",
      "revenue": 25988000,
      "gross_profit": 1503000,
      "operating_income": -15577000,
      "net_income": -10530000,
      "opex": 17080000,
      "cogs": null,
      "rd": null,
      "sga": null,
      "fcf": -10287000,
      "ocf": -10287000,
      "capex": null,
      "gross_margin": 0.05783438510081576,
      "op_margin": -0.5993920270894258,
      "fcf_margin": -0.39583653994151147,
      "incr_op_margin_yoy": -0.16668162642491696,
      "rev_growth_yoy": -0.30006194618761617,
      "rev_growth_yoy_accel": -0.052948498538620936,
      "fcf_margin_change": 0.8021600013186444
    },
    {
      "date": "2022-12-31T00:00:00",
      "quarter_label": "2022-12 (Q4)",
      "revenue": 28240000,
      "gross_profit": -288000,
      "operating_income": -39182000,
      "net_income": -37364000,
      "opex": 38894000,
      "cogs": null,
      "rd": null,
      "sga": null,
      "fcf": 6042000,
      "ocf": 6042000,
      "capex": null,
      "gross_margin": -0.010198300283286119,
      "op_margin": -1.3874645892351274,
      "fcf_margin": 0.21395184135977338,
      "incr_op_margin_yoy": 2.4779958370502526,
      "rev_growth_yoy": -0.19235829091117085,
      "rev_growth_yoy_accel": 0.10770365527644532,
      "op_leverage_ratio": 0.06784972404201083,
      "fcf_margin_change": 0.6097883813012849
    },
    {
      "date": "2023-03-31T00:00:00",
      "quarter_label": "2023-03 (Q1)",
      "revenue": 34752000,
      "gross_profit": 4443000,
      "operating_income": -42831000,
      "net_income": -43076000,
      "opex": 47274000,
      "cogs": 23413000,
      "rd": null,
      "sga": null,
      "fcf": -19495000,
      "ocf": -19495000,
      "capex": null,
      "gross_margin": 0.12784875690607736,
      "op_margin": -1.2324758287292819,
      "fcf_margin": -0.5609749079189686,
      "incr_op_margin_yoy": -2.0327904451682954,
      "rev_growth_yoy": 0.36058256988489545,
      "rev_growth_yoy_accel": 0.5529408607960663,
      "op_leverage_ratio": 1.0702575266890682,
      "fcf_margin_change": -0.774926749278742
    },
    {
      "date": "2023-06-30T00:00:00",
      "quarter_label": "2023-06 (Q2)",
      "revenue": 34395000,
      "gross_profit": -3468000,
      "operating_income": -43012000,
      "net_income": -21627000,
      "opex": 39544000,
      "cogs": 29570000,
      "rd": null,
      "sga": null,
      "fcf": -33972000,
      "ocf": -33972000,
      "capex": null,
      "gross_margin": -0.10082860880941998,
      "op_margin": -1.250530600377962,
      "fcf_margin": -0.9877017008286089,
      "incr_op_margin_yoy": -7.0552294557097115,
      "rev_growth_yoy": 0.12229582014552812,
      "rev_growth_yoy_accel": -0.23828674973936734,
      "fcf_margin_change": -0.4267267929096402
    },
    {
      "date": "2023-09-30T00:00:00",
      "quarter_label": "2023-09 (Q3)",
      "revenue": 38404000,
      "gross_profit": 3755000,
      "operating_income": -28840000,
      "net_income": -18451000,
      "opex": 32595000,
      "cogs": 26468000,
      "rd": null,
      "sga": null,
      "fcf": -2280000,
      "ocf": -2280000,
      "capex": null,
      "gross_margin": 0.09777627330486408,
      "op_margin": -0.750963441308197,
      "fcf_margin": -0.059368815748359546,
      "incr_op_margin_yoy": -1.0682184278350515,
      "rev_growth_yoy": 0.4777589656764661,
      "rev_growth_yoy_accel": 0.35546314553093794,
      "op_leverage_ratio": Infinity,
      "fcf_margin_change": 0.9283328850802494
    },
    {
      "date": "2023-12-31T00:00:00",
      "quarter_label": "2023-12 (Q4)",
      "revenue": 58680000,
      "gross_profit": 13050000,
      "operating_income": -47380000,
      "net_income": 138453000,
      "opex": 61022000,
      "cogs": 39187000,
      "rd": null,
      "sga": null,
      "fcf": 16110000,
      "ocf": 16110000,
      "capex": null,
      "gross_margin": 0.2223926380368098,
      "op_margin": -0.8074301295160191,
      "fcf_margin": 0.2745398773006135,
      "incr_op_margin_yoy": -0.2693166885676741,
      "rev_growth_yoy": 1.0779036827195467,
      "rev_growth_yoy_accel": 0.6001447170430807,
      "op_leverage_ratio": 0.6053768056247381,
      "fcf_margin_change": 0.3339086930489731
    },
    {
      "date": "2024-03-31T00:00:00",
      "quarter_label": "2024-03 (Q1)",
      "revenue": 41228000,
      "gross_profit": 6011000,
      "operating_income": -21982000,
      "net_income": -20383000,
      "opex": 27993000,
      "cogs": 25110000,
      "rd": null,
      "sga": null,
      "fcf": 3881000,
      "ocf": 3881000,
      "capex": null,
      "gross_margin": 0.14579897157271757,
      "op_margin": -0.5331813330746095,
      "fcf_margin": 0.09413505384690017,
      "incr_op_margin_yoy": 3.2194255713403335,
      "rev_growth_yoy": 0.1863489871086556,
      "rev_growth_yoy_accel": -0.8915546956108911,
      "fcf_margin_change": -0.18040482345371334
    },
    {
      "date": "2024-06-30T00:00:00",
      "quarter_label": "2024-06 (Q2)",
      "revenue": 47476000,
      "gross_profit": 10758000,
      "operating_income": -13947000,
      "net_income": -12995000,
      "opex": 24705000,
      "cogs": 32066000,
      "rd": null,
      "sga": null,
      "fcf": 3606000,
      "ocf": 3606000,
      "capex": null,
      "gross_margin": 0.22659870250231695,
      "op_margin": -0.29376948352851967,
      "fcf_margin": 0.0759541663156121,
      "incr_op_margin_yoy": 2.2219249292867516,
      "rev_growth_yoy": 0.3803169065271115,
      "rev_growth_yoy_accel": 0.19396791941845587,
      "op_leverage_ratio": Infinity,
      "fcf_margin_change": -0.018180887531288076
    },
    {
      "date": "2024-09-30T00:00:00",
      "quarter_label": "2024-09 (Q3)",
      "revenue": 52250000,
      "gross_profit": 13803000,
      "operating_income": -97000,
      "net_income": -2081000,
      "opex": 13900000,
      "cogs": 29682000,
      "rd": null,
      "sga": null,
      "fcf": 23179000,
      "ocf": 23179000,
      "capex": null,
      "gross_margin": 0.2641722488038277,
      "op_margin": -0.0018564593301435407,
      "fcf_margin": 0.4436172248803828,
      "incr_op_margin_yoy": 2.0759063989599884,
      "rev_growth_yoy": 0.36053536089990623,
      "rev_growth_yoy_accel": -0.019781545627205244,
      "op_leverage_ratio": Infinity,
      "fcf_margin_change": 0.3676630585647707
    },
    {
      "date": "2024-12-31T00:00:00",
      "quarter_label": "2024-12 (Q4)",
      "revenue": 33523000,
      "gross_profit": 363000,
      "operating_income": -14546000,
      "net_income": -8232000,
      "opex": 14909000,
      "cogs": 26455000,
      "rd": null,
      "sga": null,
      "fcf": -1212000,
      "ocf": -1212000,
      "capex": null,
      "gross_margin": 0.010828386480923545,
      "op_margin": -0.43391104614742115,
      "fcf_margin": -0.03615428213465382,
      "incr_op_margin_yoy": -1.305163572763048,
      "rev_growth_yoy": -0.4287150647580095,
      "rev_growth_yoy_accel": -0.7892504256579158,
      "fcf_margin_change": -0.4797715070150366
    },
    {
      "date": "2025-03-31T00:00:00",
      "quarter_label": "2025-03 (Q1)",
      "revenue": 35696000,
      "gross_profit": 10070000,
      "operating_income": -7640000,
      "net_income": null,
      "opex": 17710000,
      "cogs": 19605000,
      "rd": null,
      "sga": null,
      "fcf": -1932000,
      "ocf": -1932000,
      "capex": null,
      "gross_margin": 0.28210443747198566,
      "op_margin": -0.21402958314657106,
      "fcf_margin": -0.05412371134020619,
      "incr_op_margin_yoy": -2.5925524222704266,
      "rev_growth_yoy": -0.1341806539245173,
      "rev_growth_yoy_accel": 0.2945344108334922,
      "op_leverage_ratio": 0.34502634312795183,
      "fcf_margin_change": -0.01796942920555237
    },
    {
      "date": "2025-06-30T00:00:00",
      "quarter_label": "2025-06 (Q2)",
      "revenue": 46700000,
      "gross_profit": 12281000,
      "operating_income": -3375000,
      "net_income": null,
      "opex": 15656000,
      "cogs": 27733000,
      "rd": null,
      "sga": null,
      "fcf": 478000,
      "ocf": 478000,
      "capex": null,
      "gross_margin": 0.2629764453961456,
      "op_margin": -0.07226980728051392,
      "fcf_margin": 0.010235546038543897,
      "rev_growth_yoy": -0.01634510068245008,
      "rev_growth_yoy_accel": 0.11783555324206722,
      "op_leverage_ratio": Infinity,
      "fcf_margin_change": 0.06435925737875009
    },
    {
      "date": "2025-09-30T00:00:00",
      "quarter_label": "2025-09 (Q3)",
      "revenue": 50534000,
      "gross_profit": 7816000,
      "operating_income": -8431000,
      "net_income": null,
      "opex": 16247000,
      "cogs": 35233000,
      "rd": null,
      "sga": null,
      "fcf": 5215000,
      "ocf": 5215000,
      "capex": null,
      "gross_margin": 0.15466814421973324,
      "op_margin": -0.16683816836189497,
      "fcf_margin": 0.10319784699410298,
      "incr_op_margin_yoy": 4.856643356643357,
      "rev_growth_yoy": -0.032842105263157895,
      "rev_growth_yoy_accel": -0.016497004580707814,
      "op_leverage_ratio": 2.174846248328786,
      "fcf_margin_change": 0.09296230095555907
    }
  ],
  "signals": [
    {
      "quarter": "2025-09 (Q3)",
      "signal": "FCF MARGIN EXPANSION",
      "detail": "FCF margin: +1.0% -> +10.3% (+9.3%)",
      "severity": "MEDIUM"
    },
    {
      "quarter": "2025-09 (Q3)",
      "signal": "OPERATING LEVERAGE",
      "detail": "Rev growth +8.2% vs OpEx growth +3.8% (leverage: 2.2x)",
      "severity": "MEDIUM"
    },
    {
      "quarter": "2025-06 (Q2)",
      "signal": "FCF TURNED POSITIVE",
      "detail": "FCF margin: -5.4% -> +1.0%",
      "severity": "HIGH"
    },
    {
      "quarter": "2025-06 (Q2)",
      "signal": "YoY REVENUE GROWTH ACCELERATION",
      "detail": "YoY growth: -1.6% vs prior quarter YoY: -13.4% (accel: +11.8%)",
      "severity": "MEDIUM"
    },
    {
      "quarter": "2025-03 (Q1)",
      "signal": "GROSS MARGIN INFLECTION",
      "detail": "GM: +26.4% -> +1.1% -> +28.2% (reversal +27.1%)",
      "severity": "HIGH"
    },
    {
      "quarter": "2025-03 (Q1)",
      "signal": "YoY REVENUE GROWTH ACCELERATION",
      "detail": "YoY growth: -13.4% vs prior quarter YoY: -42.9% (accel: +29.5%)",
      "severity": "HIGH"
    },
    {
      "quarter": "2024-12 (Q4)",
      "signal": "YoY REVENUE GROWTH DECELERATION",
      "detail": "YoY growth: -42.9% vs prior quarter YoY: +36.1% (decel: -78.9%)",
      "severity": "WARNING"
    },
    {
      "quarter": "2024-09 (Q3)",
      "signal": "FCF MARGIN EXPANSION",
      "detail": "FCF margin: +7.6% -> +44.4% (+36.8%)",
      "severity": "MEDIUM"
    },
    {
      "quarter": "2024-06 (Q2)",
      "signal": "GROSS MARGIN INFLECTION",
      "detail": "GM: +22.2% -> +14.6% -> +22.7% (reversal +8.1%)",
      "severity": "HIGH"
    },
    {
      "quarter": "2024-06 (Q2)",
      "signal": "YoY REVENUE GROWTH ACCELERATION",
      "detail": "YoY growth: +38.0% vs prior quarter YoY: +18.6% (accel: +19.4%)",
      "severity": "HIGH"
    },
    {
      "quarter": "2024-03 (Q1)",
      "signal": "YoY REVENUE GROWTH DECELERATION",
      "detail": "YoY growth: +18.6% vs prior quarter YoY: +107.8% (decel: -89.2%)",
      "severity": "WARNING"
    },
    {
      "quarter": "2023-12 (Q4)",
      "signal": "FCF TURNED POSITIVE",
      "detail": "FCF margin: -5.9% -> +27.5%",
      "severity": "HIGH"
    },
    {
      "quarter": "2023-12 (Q4)",
      "signal": "YoY REVENUE GROWTH ACCELERATION",
      "detail": "YoY growth: +107.8% vs prior quarter YoY: +47.8% (accel: +60.0%)",
      "severity": "HIGH"
    },
    {
      "quarter": "2023-09 (Q3)",
      "signal": "FCF MARGIN EXPANSION",
      "detail": "FCF margin: -98.8% -> -5.9% (+92.8%)",
      "severity": "MEDIUM"
    },
    {
      "quarter": "2023-09 (Q3)",
      "signal": "GROSS MARGIN INFLECTION",
      "detail": "GM: +12.8% -> -10.1% -> +9.8% (reversal +19.9%)",
      "severity": "HIGH"
    },
    {
      "quarter": "2023-09 (Q3)",
      "signal": "YoY REVENUE GROWTH ACCELERATION",
      "detail": "YoY growth: +47.8% vs prior quarter YoY: +12.2% (accel: +35.5%)",
      "severity": "HIGH"
    },
    {
      "quarter": "2023-06 (Q2)",
      "signal": "YoY REVENUE GROWTH DECELERATION",
      "detail": "YoY growth: +12.2% vs prior quarter YoY: +36.1% (decel: -23.8%)",
      "severity": "WARNING"
    },
    {
      "quarter": "2023-03 (Q1)",
      "signal": "GROSS MARGIN INFLECTION",
      "detail": "GM: +5.8% -> -1.0% -> +12.8% (reversal +13.8%)",
      "severity": "HIGH"
    },
    {
      "quarter": "2023-03 (Q1)",
      "signal": "YoY REVENUE GROWTH ACCELERATION",
      "detail": "YoY growth: +36.1% vs prior quarter YoY: -19.2% (accel: +55.3%)",
      "severity": "HIGH"
    },
    {
      "quarter": "2022-12 (Q4)",
      "signal": "FCF TURNED POSITIVE",
      "detail": "FCF margin: -39.6% -> +21.4%",
      "severity": "HIGH"
    },
    {
      "quarter": "2022-12 (Q4)",
      "signal": "YoY REVENUE GROWTH ACCELERATION",
      "detail": "YoY growth: -19.2% vs prior quarter YoY: -30.0% (accel: +10.8%)",
      "severity": "MEDIUM"
    },
    {
      "quarter": "2022-09 (Q3)",
      "signal": "FCF MARGIN EXPANSION",
      "detail": "FCF margin: -119.8% -> -39.6% (+80.2%)",
      "severity": "MEDIUM"
    },
    {
      "quarter": "2022-09 (Q3)",
      "signal": "YoY REVENUE GROWTH DECELERATION",
      "detail": "YoY growth: -30.0% vs prior quarter YoY: -24.7% (decel: -5.3%)",
      "severity": "WARNING"
    },
    {
      "quarter": "2022-06 (Q2)",
      "signal": "GROSS MARGIN INFLECTION",
      "detail": "GM: -16.9% -> -23.5% -> +13.8% (reversal +37.3%)",
      "severity": "HIGH"
    },
    {
      "quarter": "2022-06 (Q2)",
      "signal": "YoY REVENUE GROWTH DECELERATION",
      "detail": "YoY growth: -24.7% vs prior quarter YoY: +7.6% (decel: -32.3%)",
      "severity": "WARNING"
    },
    {
      "quarter": "2022-03 (Q1)",
      "signal": "YoY REVENUE GROWTH DECELERATION",
      "detail": "YoY growth: +7.6% vs prior quarter YoY: +26.2% (decel: -18.6%)",
      "severity": "WARNING"
    },
    {
      "quarter": "2021-12 (Q4)",
      "signal": "FCF MARGIN EXPANSION",
      "detail": "FCF margin: -29.6% -> -2.8% (+26.8%)",
      "severity": "MEDIUM"
    },
    {
      "quarter": "2021-06 (Q2)",
      "signal": "FCF TURNED POSITIVE",
      "detail": "FCF margin: -42.7% -> +5.1%",
      "severity": "HIGH"
    },
    {
      "quarter": "2021-06 (Q2)",
      "signal": "OPERATING LEVERAGE",
      "detail": "Rev growth +71.5% vs OpEx growth +25.1% (leverage: 2.8x)",
      "severity": "MEDIUM"
    }
  ],
  "data_quality": {
    "n_quarters": 20,
    "coverage": {
      "revenue": [
        20,
        20
      ],
      "gross_profit": [
        20,
        20
      ],
      "op_income": [
        20,
        20
      ],
      "fcf": [
        20,
        20
      ]
    },
    "gaps": [],
    "warnings": []
  },
  "market_cap": null,
  "source": "SEC EDGAR",
  "last_updated": "2026-02-02T21:44:22.299250",
  "sector": "Basic Materials",
  "industry": "Other Precious Metals & Mining"
}