{
  "ticker": "MYFW",
  "name": "FIRST WESTERN FINANCIAL, INC.",
  "quarters": [
    {
      "date": "2020-12-31T00:00:00",
      "quarter_label": "2020-12 (Q4)",
      "revenue": 22716000,
      "gross_profit": null,
      "operating_income": null,
      "net_income": 4874000,
      "opex": null,
      "cogs": null,
      "rd": null,
      "sga": null,
      "fcf": -64270000,
      "ocf": -63773000,
      "capex": -497000,
      "gross_margin": null,
      "op_margin": null,
      "fcf_margin": -2.8292833245289666
    },
    {
      "date": "2021-03-31T00:00:00",
      "quarter_label": "2021-03 (Q1)",
      "revenue": 23668000,
      "gross_profit": null,
      "operating_income": null,
      "net_income": 5999000,
      "opex": null,
      "cogs": null,
      "rd": null,
      "sga": null,
      "fcf": -11816000,
      "ocf": -11091000,
      "capex": -725000,
      "gross_margin": null,
      "op_margin": null,
      "fcf_margin": -0.4992394794659456,
      "fcf_margin_change": 2.330043845063021
    },
    {
      "date": "2021-06-30T00:00:00",
      "quarter_label": "2021-06 (Q2)",
      "revenue": 23709000,
      "gross_profit": null,
      "operating_income": null,
      "net_income": 6277000,
      "opex": null,
      "cogs": null,
      "rd": null,
      "sga": null,
      "fcf": 140660000,
      "ocf": 141039000,
      "capex": -379000,
      "gross_margin": null,
      "op_margin": null,
      "fcf_margin": 5.9327681471171285,
      "fcf_margin_change": 6.432007626583074
    },
    {
      "date": "2021-09-30T00:00:00",
      "quarter_label": "2021-09 (Q3)",
      "revenue": 24935000,
      "gross_profit": null,
      "operating_income": null,
      "net_income": 6417000,
      "opex": null,
      "cogs": null,
      "rd": null,
      "sga": null,
      "fcf": 3023000,
      "ocf": 3763000,
      "capex": -740000,
      "gross_margin": null,
      "op_margin": null,
      "fcf_margin": 0.12123521155003007,
      "fcf_margin_change": -5.811532935567098
    },
    {
      "date": "2021-12-31T00:00:00",
      "quarter_label": "2021-12 (Q4)",
      "revenue": 23117000,
      "gross_profit": null,
      "operating_income": null,
      "net_income": 1917000,
      "opex": null,
      "cogs": null,
      "rd": null,
      "sga": null,
      "fcf": 28540000,
      "ocf": 28804000,
      "capex": -264000,
      "gross_margin": null,
      "op_margin": null,
      "fcf_margin": 1.2345892633127136,
      "rev_growth_yoy": 0.017652755766860363,
      "fcf_margin_change": 1.1133540517626834
    },
    {
      "date": "2022-03-31T00:00:00",
      "quarter_label": "2022-03 (Q1)",
      "revenue": 26707000,
      "gross_profit": null,
      "operating_income": null,
      "net_income": 5524000,
      "opex": null,
      "cogs": null,
      "rd": null,
      "sga": null,
      "fcf": -1560000,
      "ocf": -1515000,
      "capex": -45000,
      "gross_margin": null,
      "op_margin": null,
      "fcf_margin": -0.05841165237578163,
      "rev_growth_yoy": 0.1284012168328545,
      "rev_growth_yoy_accel": 0.11074846106599413,
      "fcf_margin_change": -1.2930009156884952
    },
    {
      "date": "2022-06-30T00:00:00",
      "quarter_label": "2022-06 (Q2)",
      "revenue": 26559000,
      "gross_profit": null,
      "operating_income": null,
      "net_income": 4482000,
      "opex": null,
      "cogs": null,
      "rd": null,
      "sga": null,
      "fcf": 11888000,
      "ocf": 12993000,
      "capex": -1105000,
      "gross_margin": null,
      "op_margin": null,
      "fcf_margin": 0.4476072141270379,
      "rev_growth_yoy": 0.120207516133114,
      "rev_growth_yoy_accel": -0.008193700699740486,
      "fcf_margin_change": 0.5060188665028196
    },
    {
      "date": "2022-09-30T00:00:00",
      "quarter_label": "2022-09 (Q3)",
      "revenue": 27495000,
      "gross_profit": null,
      "operating_income": null,
      "net_income": 6221000,
      "opex": null,
      "cogs": null,
      "rd": null,
      "sga": null,
      "fcf": 23872000,
      "ocf": 24758000,
      "capex": -886000,
      "gross_margin": null,
      "op_margin": null,
      "fcf_margin": 0.8682305873795235,
      "rev_growth_yoy": 0.10266693402847403,
      "rev_growth_yoy_accel": -0.017540582104639976,
      "fcf_margin_change": 0.4206233732524856
    },
    {
      "date": "2022-12-31T00:00:00",
      "quarter_label": "2022-12 (Q4)",
      "revenue": 27206000,
      "gross_profit": null,
      "operating_income": null,
      "net_income": 5471000,
      "opex": null,
      "cogs": null,
      "rd": null,
      "sga": null,
      "fcf": 11111000,
      "ocf": 12042000,
      "capex": -931000,
      "gross_margin": null,
      "op_margin": null,
      "fcf_margin": 0.4084025582592075,
      "rev_growth_yoy": 0.17688281351386426,
      "rev_growth_yoy_accel": 0.07421587948539023,
      "fcf_margin_change": -0.459828029120316
    },
    {
      "date": "2023-03-31T00:00:00",
      "quarter_label": "2023-03 (Q1)",
      "revenue": 25689000,
      "gross_profit": null,
      "operating_income": null,
      "net_income": 3820000,
      "opex": null,
      "cogs": null,
      "rd": null,
      "sga": null,
      "fcf": 180000,
      "ocf": 975000,
      "capex": -795000,
      "gross_margin": null,
      "op_margin": null,
      "fcf_margin": 0.007006890108606796,
      "rev_growth_yoy": -0.03811734751188827,
      "rev_growth_yoy_accel": -0.21500016102575253,
      "fcf_margin_change": -0.40139566815060074
    },
    {
      "date": "2023-06-30T00:00:00",
      "quarter_label": "2023-06 (Q2)",
      "revenue": 20554000,
      "gross_profit": null,
      "operating_income": null,
      "net_income": 1506000,
      "opex": null,
      "cogs": null,
      "rd": null,
      "sga": null,
      "fcf": -6234000,
      "ocf": -5604000,
      "capex": -630000,
      "gross_margin": null,
      "op_margin": null,
      "fcf_margin": -0.3032986280042814,
      "rev_growth_yoy": -0.2261003802854023,
      "rev_growth_yoy_accel": -0.18798303277351402,
      "fcf_margin_change": -0.3103055181128882
    },
    {
      "date": "2023-09-30T00:00:00",
      "quarter_label": "2023-09 (Q3)",
      "revenue": 22536000,
      "gross_profit": null,
      "operating_income": null,
      "net_income": 3118000,
      "opex": null,
      "cogs": null,
      "rd": null,
      "sga": null,
      "fcf": 14230000,
      "ocf": 14695000,
      "capex": -465000,
      "gross_margin": null,
      "op_margin": null,
      "fcf_margin": 0.6314341498047569,
      "rev_growth_yoy": -0.18036006546644845,
      "rev_growth_yoy_accel": 0.04574031481895385,
      "fcf_margin_change": 0.9347327778090383
    },
    {
      "date": "2023-12-31T00:00:00",
      "quarter_label": "2023-12 (Q4)",
      "revenue": 13919000,
      "gross_profit": null,
      "operating_income": null,
      "net_income": -3219000,
      "opex": null,
      "cogs": null,
      "rd": null,
      "sga": null,
      "fcf": 11357000,
      "ocf": 11814000,
      "capex": -457000,
      "gross_margin": null,
      "op_margin": null,
      "fcf_margin": 0.8159350528055176,
      "rev_growth_yoy": -0.48838491509225906,
      "rev_growth_yoy_accel": -0.3080248496258106,
      "fcf_margin_change": 0.18450090300076072
    },
    {
      "date": "2024-03-31T00:00:00",
      "quarter_label": "2024-03 (Q1)",
      "revenue": 23275000,
      "gross_profit": null,
      "operating_income": null,
      "net_income": 2515000,
      "opex": null,
      "cogs": null,
      "rd": null,
      "sga": null,
      "fcf": -2520000,
      "ocf": -2339000,
      "capex": -181000,
      "gross_margin": null,
      "op_margin": null,
      "fcf_margin": -0.10827067669172932,
      "rev_growth_yoy": -0.09397018178987115,
      "rev_growth_yoy_accel": 0.3944147333023879,
      "fcf_margin_change": -0.9242057294972469
    },
    {
      "date": "2024-06-30T00:00:00",
      "quarter_label": "2024-06 (Q2)",
      "revenue": 20416000,
      "gross_profit": null,
      "operating_income": null,
      "net_income": 1076000,
      "opex": null,
      "cogs": null,
      "rd": null,
      "sga": null,
      "fcf": -11855000,
      "ocf": -11490000,
      "capex": -365000,
      "gross_margin": null,
      "op_margin": null,
      "fcf_margin": -0.5806720219435737,
      "rev_growth_yoy": -0.006714021601634718,
      "rev_growth_yoy_accel": 0.08725616018823644,
      "fcf_margin_change": -0.4724013452518444
    },
    {
      "date": "2024-09-30T00:00:00",
      "quarter_label": "2024-09 (Q3)",
      "revenue": 22039000,
      "gross_profit": null,
      "operating_income": null,
      "net_income": 2134000,
      "opex": null,
      "cogs": null,
      "rd": null,
      "sga": null,
      "fcf": 18558000,
      "ocf": 18847000,
      "capex": -289000,
      "gross_margin": null,
      "op_margin": null,
      "fcf_margin": 0.8420527247152775,
      "rev_growth_yoy": -0.022053603123890663,
      "rev_growth_yoy_accel": -0.015339581522255945,
      "fcf_margin_change": 1.4227247466588513
    },
    {
      "date": "2024-12-31T00:00:00",
      "quarter_label": "2024-12 (Q4)",
      "revenue": 24341000,
      "gross_profit": null,
      "operating_income": null,
      "net_income": 2748000,
      "opex": null,
      "cogs": null,
      "rd": null,
      "sga": null,
      "fcf": -5940000,
      "ocf": -5562000,
      "capex": -378000,
      "gross_margin": null,
      "op_margin": null,
      "fcf_margin": -0.24403270202538926,
      "rev_growth_yoy": 0.7487606868309505,
      "rev_growth_yoy_accel": 0.7708142899548412,
      "fcf_margin_change": -1.0860854267406668
    },
    {
      "date": "2025-03-31T00:00:00",
      "quarter_label": "2025-03 (Q1)",
      "revenue": 24718000,
      "gross_profit": null,
      "operating_income": null,
      "net_income": 4185000,
      "opex": null,
      "cogs": null,
      "rd": null,
      "sga": null,
      "fcf": 6971000,
      "ocf": 8012000,
      "capex": -1041000,
      "gross_margin": null,
      "op_margin": null,
      "fcf_margin": 0.2820211991261429,
      "rev_growth_yoy": 0.061997851772287865,
      "rev_growth_yoy_accel": -0.6867628350586626,
      "fcf_margin_change": 0.5260539011515322
    },
    {
      "date": "2025-06-30T00:00:00",
      "quarter_label": "2025-06 (Q2)",
      "revenue": 22416000,
      "gross_profit": null,
      "operating_income": null,
      "net_income": 2503000,
      "opex": null,
      "cogs": null,
      "rd": null,
      "sga": null,
      "fcf": -9659000,
      "ocf": -9084000,
      "capex": -575000,
      "gross_margin": null,
      "op_margin": null,
      "fcf_margin": -0.43089757316202715,
      "rev_growth_yoy": 0.09796238244514106,
      "rev_growth_yoy_accel": 0.0359645306728532,
      "fcf_margin_change": -0.71291877228817
    },
    {
      "date": "2025-09-30T00:00:00",
      "quarter_label": "2025-09 (Q3)",
      "revenue": 24039000,
      "gross_profit": null,
      "operating_income": null,
      "net_income": 3186000,
      "opex": null,
      "cogs": null,
      "rd": null,
      "sga": null,
      "fcf": 8956000,
      "ocf": 10025000,
      "capex": -1069000,
      "gross_margin": null,
      "op_margin": null,
      "fcf_margin": 0.37256125462789635,
      "rev_growth_yoy": 0.09074821906620083,
      "rev_growth_yoy_accel": -0.007214163378940236,
      "fcf_margin_change": 0.8034588277899235
    }
  ],
  "signals": [
    {
      "quarter": "2025-09 (Q3)",
      "signal": "FCF TURNED POSITIVE",
      "detail": "FCF margin: -43.1% -> +37.3%",
      "severity": "HIGH"
    },
    {
      "quarter": "2025-03 (Q1)",
      "signal": "FCF TURNED POSITIVE",
      "detail": "FCF margin: -24.4% -> +28.2%",
      "severity": "HIGH"
    },
    {
      "quarter": "2025-03 (Q1)",
      "signal": "YoY REVENUE GROWTH DECELERATION",
      "detail": "YoY growth: +6.2% vs prior quarter YoY: +74.9% (decel: -68.7%)",
      "severity": "WARNING"
    },
    {
      "quarter": "2024-12 (Q4)",
      "signal": "YoY REVENUE GROWTH ACCELERATION",
      "detail": "YoY growth: +74.9% vs prior quarter YoY: -2.2% (accel: +77.1%)",
      "severity": "HIGH"
    },
    {
      "quarter": "2024-09 (Q3)",
      "signal": "FCF TURNED POSITIVE",
      "detail": "FCF margin: -58.1% -> +84.2%",
      "severity": "HIGH"
    },
    {
      "quarter": "2024-06 (Q2)",
      "signal": "YoY REVENUE GROWTH ACCELERATION",
      "detail": "YoY growth: -0.7% vs prior quarter YoY: -9.4% (accel: +8.7%)",
      "severity": "MEDIUM"
    },
    {
      "quarter": "2024-03 (Q1)",
      "signal": "YoY REVENUE GROWTH ACCELERATION",
      "detail": "YoY growth: -9.4% vs prior quarter YoY: -48.8% (accel: +39.4%)",
      "severity": "HIGH"
    },
    {
      "quarter": "2023-12 (Q4)",
      "signal": "FCF MARGIN EXPANSION",
      "detail": "FCF margin: +63.1% -> +81.6% (+18.5%)",
      "severity": "MEDIUM"
    },
    {
      "quarter": "2023-12 (Q4)",
      "signal": "YoY REVENUE GROWTH DECELERATION",
      "detail": "YoY growth: -48.8% vs prior quarter YoY: -18.0% (decel: -30.8%)",
      "severity": "WARNING"
    },
    {
      "quarter": "2023-09 (Q3)",
      "signal": "FCF TURNED POSITIVE",
      "detail": "FCF margin: -30.3% -> +63.1%",
      "severity": "HIGH"
    },
    {
      "quarter": "2023-06 (Q2)",
      "signal": "YoY REVENUE GROWTH DECELERATION",
      "detail": "YoY growth: -22.6% vs prior quarter YoY: -3.8% (decel: -18.8%)",
      "severity": "WARNING"
    },
    {
      "quarter": "2023-03 (Q1)",
      "signal": "YoY REVENUE GROWTH DECELERATION",
      "detail": "YoY growth: -3.8% vs prior quarter YoY: +17.7% (decel: -21.5%)",
      "severity": "WARNING"
    },
    {
      "quarter": "2022-12 (Q4)",
      "signal": "YoY REVENUE GROWTH ACCELERATION",
      "detail": "YoY growth: +17.7% vs prior quarter YoY: +10.3% (accel: +7.4%)",
      "severity": "MEDIUM"
    },
    {
      "quarter": "2022-09 (Q3)",
      "signal": "FCF MARGIN EXPANSION",
      "detail": "FCF margin: +44.8% -> +86.8% (+42.1%)",
      "severity": "MEDIUM"
    },
    {
      "quarter": "2022-06 (Q2)",
      "signal": "FCF TURNED POSITIVE",
      "detail": "FCF margin: -5.8% -> +44.8%",
      "severity": "HIGH"
    },
    {
      "quarter": "2022-03 (Q1)",
      "signal": "YoY REVENUE GROWTH ACCELERATION",
      "detail": "YoY growth: +12.8% vs prior quarter YoY: +1.8% (accel: +11.1%)",
      "severity": "MEDIUM"
    },
    {
      "quarter": "2021-12 (Q4)",
      "signal": "FCF MARGIN EXPANSION",
      "detail": "FCF margin: +12.1% -> +123.5% (+111.3%)",
      "severity": "MEDIUM"
    },
    {
      "quarter": "2021-06 (Q2)",
      "signal": "FCF TURNED POSITIVE",
      "detail": "FCF margin: -49.9% -> +593.3%",
      "severity": "HIGH"
    },
    {
      "quarter": "2021-03 (Q1)",
      "signal": "FCF MARGIN EXPANSION",
      "detail": "FCF margin: -282.9% -> -49.9% (+233.0%)",
      "severity": "MEDIUM"
    }
  ],
  "data_quality": {
    "n_quarters": 20,
    "coverage": {
      "revenue": [
        20,
        20
      ],
      "gross_profit": [
        0,
        20
      ],
      "op_income": [
        0,
        20
      ],
      "fcf": [
        20,
        20
      ]
    },
    "gaps": [],
    "warnings": [
      "gross_profit: no data",
      "op_income: no data"
    ]
  },
  "market_cap": null,
  "source": "SEC EDGAR",
  "last_updated": "2026-02-02T22:54:07.629985",
  "sector": "Financial Services",
  "industry": "Banks - Regional"
}