{
  "ticker": "MYGN",
  "name": "MYRIAD GENETICS, INC.",
  "quarters": [
    {
      "date": "2020-12-31T00:00:00",
      "quarter_label": "2020-12 (Q4)",
      "revenue": 154600000,
      "gross_profit": null,
      "operating_income": -48200000,
      "net_income": -37900000,
      "opex": 202800000,
      "cogs": null,
      "rd": 18200000,
      "sga": 132800000,
      "fcf": -14400000,
      "ocf": -14400000,
      "capex": null,
      "gross_margin": null,
      "op_margin": -0.3117723156532988,
      "fcf_margin": -0.09314359637774904
    },
    {
      "date": "2021-03-31T00:00:00",
      "quarter_label": "2021-03 (Q1)",
      "revenue": 173100000,
      "gross_profit": null,
      "operating_income": -46700000,
      "net_income": -39500000,
      "opex": 219800000,
      "cogs": null,
      "rd": 23100000,
      "sga": 145500000,
      "fcf": 71800000,
      "ocf": 71800000,
      "capex": null,
      "gross_margin": null,
      "op_margin": -0.2697862507221259,
      "fcf_margin": 0.414789139225881,
      "op_leverage_ratio": 1.4275169317403547,
      "fcf_margin_change": 0.5079327356036301
    },
    {
      "date": "2021-06-30T00:00:00",
      "quarter_label": "2021-06 (Q2)",
      "revenue": 189400000,
      "gross_profit": null,
      "operating_income": -20800000,
      "net_income": -4700000,
      "opex": 210200000,
      "cogs": null,
      "rd": 19500000,
      "sga": 134800000,
      "fcf": -4400000,
      "ocf": -4400000,
      "capex": null,
      "gross_margin": null,
      "op_margin": -0.10982048574445617,
      "fcf_margin": -0.023231256599788808,
      "op_leverage_ratio": Infinity,
      "fcf_margin_change": -0.4380203958256698
    },
    {
      "date": "2021-09-30T00:00:00",
      "quarter_label": "2021-09 (Q3)",
      "revenue": 167300000,
      "gross_profit": null,
      "operating_income": -79900000,
      "net_income": 24600000,
      "opex": 247200000,
      "cogs": null,
      "rd": 18800000,
      "sga": 180200000,
      "fcf": -39300000,
      "ocf": -39300000,
      "capex": null,
      "gross_margin": null,
      "op_margin": -0.4775851763299462,
      "fcf_margin": -0.2349073520621638,
      "fcf_margin_change": -0.21167609546237498
    },
    {
      "date": "2021-12-31T00:00:00",
      "quarter_label": "2021-12 (Q4)",
      "revenue": 160800000,
      "gross_profit": null,
      "operating_income": -43100000,
      "net_income": -7600000,
      "opex": 203900000,
      "cogs": null,
      "rd": 20500000,
      "sga": 77300000,
      "fcf": -9500000,
      "ocf": -9500000,
      "capex": null,
      "gross_margin": null,
      "op_margin": -0.26803482587064675,
      "fcf_margin": -0.05907960199004975,
      "incr_op_margin_yoy": 0.8225806451612904,
      "rev_growth_yoy": 0.040103492884864166,
      "fcf_margin_change": 0.17582775007211404
    },
    {
      "date": "2022-03-31T00:00:00",
      "quarter_label": "2022-03 (Q1)",
      "revenue": 164900000,
      "gross_profit": 116900000,
      "operating_income": -25600000,
      "net_income": -20500000,
      "opex": 190500000,
      "cogs": 48000000,
      "rd": 21200000,
      "sga": 110600000,
      "fcf": -46500000,
      "ocf": -46500000,
      "capex": null,
      "gross_margin": 0.7089144936325046,
      "op_margin": -0.15524560339599758,
      "fcf_margin": -0.2819890842935112,
      "incr_op_margin_yoy": -2.573170731707317,
      "rev_growth_yoy": -0.04737146158290006,
      "rev_growth_yoy_accel": -0.08747495446776422,
      "op_leverage_ratio": Infinity,
      "fcf_margin_change": -0.22290948230346147
    },
    {
      "date": "2022-06-30T00:00:00",
      "quarter_label": "2022-06 (Q2)",
      "revenue": 179300000,
      "gross_profit": 129600000,
      "operating_income": -17800000,
      "net_income": -14100000,
      "opex": 197100000,
      "cogs": 49700000,
      "rd": 20300000,
      "sga": 127100000,
      "fcf": -49700000,
      "ocf": -49700000,
      "capex": null,
      "gross_margin": 0.7228109313998885,
      "op_margin": -0.09927495817066369,
      "fcf_margin": -0.27718906860011155,
      "incr_op_margin_yoy": -0.297029702970297,
      "rev_growth_yoy": -0.05332629355860612,
      "rev_growth_yoy_accel": -0.005954831975706065,
      "op_leverage_ratio": 2.5205358619549036,
      "fcf_margin_change": 0.004800015693399662
    },
    {
      "date": "2022-09-30T00:00:00",
      "quarter_label": "2022-09 (Q3)",
      "revenue": 156400000,
      "gross_profit": 106000000,
      "operating_income": -45000000,
      "net_income": -35100000,
      "opex": 201400000,
      "cogs": 50400000,
      "rd": 20500000,
      "sga": 130500000,
      "fcf": -2800000,
      "ocf": -2800000,
      "capex": null,
      "gross_margin": 0.6777493606138107,
      "op_margin": -0.2877237851662404,
      "fcf_margin": -0.017902813299232736,
      "incr_op_margin_yoy": -3.2018348623853212,
      "rev_growth_yoy": -0.06515242080095636,
      "rev_growth_yoy_accel": -0.011826127242350236,
      "fcf_margin_change": 0.25928625530087884
    },
    {
      "date": "2022-12-31T00:00:00",
      "quarter_label": "2022-12 (Q4)",
      "revenue": 177800000,
      "gross_profit": 123900000,
      "operating_income": -52200000,
      "net_income": -42300000,
      "opex": 28000000,
      "cogs": 53900000,
      "rd": 23400000,
      "sga": 146500000,
      "fcf": -7300000,
      "ocf": -7300000,
      "capex": null,
      "gross_margin": 0.6968503937007874,
      "op_margin": -0.29358830146231724,
      "fcf_margin": -0.04105736782902137,
      "incr_op_margin_yoy": -0.5352941176470588,
      "rev_growth_yoy": 0.10572139303482588,
      "rev_growth_yoy_accel": 0.17087381383578223,
      "op_leverage_ratio": Infinity,
      "fcf_margin_change": -0.023154554529788634
    },
    {
      "date": "2023-03-31T00:00:00",
      "quarter_label": "2023-03 (Q1)",
      "revenue": 181200000,
      "gross_profit": 122000000,
      "operating_income": -52200000,
      "net_income": -54700000,
      "opex": 233400000,
      "cogs": 59200000,
      "rd": 22500000,
      "sga": 151700000,
      "fcf": -33200000,
      "ocf": -33200000,
      "capex": null,
      "gross_margin": 0.673289183222958,
      "op_margin": -0.28807947019867547,
      "fcf_margin": -0.18322295805739514,
      "incr_op_margin_yoy": -1.6319018404907975,
      "rev_growth_yoy": 0.09884778653729533,
      "rev_growth_yoy_accel": -0.006873606497530549,
      "op_leverage_ratio": 0.0026067822340123743,
      "fcf_margin_change": -0.14216559022837377
    },
    {
      "date": "2023-06-30T00:00:00",
      "quarter_label": "2023-06 (Q2)",
      "revenue": 183500000,
      "gross_profit": 125700000,
      "operating_income": -113700000,
      "net_income": -116100000,
      "opex": 297200000,
      "cogs": 57800000,
      "rd": 21200000,
      "sga": 140700000,
      "fcf": -900000,
      "ocf": -900000,
      "capex": null,
      "gross_margin": 0.6850136239782016,
      "op_margin": -0.6196185286103543,
      "fcf_margin": -0.004904632152588556,
      "incr_op_margin_yoy": -22.833333333333332,
      "rev_growth_yoy": 0.023424428332403793,
      "rev_growth_yoy_accel": -0.07542335820489153,
      "op_leverage_ratio": 0.04643546679399614,
      "fcf_margin_change": 0.1783183259048066
    },
    {
      "date": "2023-09-30T00:00:00",
      "quarter_label": "2023-09 (Q3)",
      "revenue": 191900000,
      "gross_profit": 134300000,
      "operating_income": -60100000,
      "net_income": -61300000,
      "opex": 252000000,
      "cogs": 57600000,
      "rd": 24000000,
      "sga": 136100000,
      "fcf": -22100000,
      "ocf": -22100000,
      "capex": null,
      "gross_margin": 0.699843668577384,
      "op_margin": -0.3131839499739448,
      "fcf_margin": -0.11516414799374675,
      "incr_op_margin_yoy": -0.4253521126760563,
      "rev_growth_yoy": 0.22698209718670076,
      "rev_growth_yoy_accel": 0.20355766885429696,
      "op_leverage_ratio": Infinity,
      "fcf_margin_change": -0.11025951584115819
    },
    {
      "date": "2023-12-31T00:00:00",
      "quarter_label": "2023-12 (Q4)",
      "revenue": 196600000,
      "gross_profit": 135000000,
      "operating_income": -31400000,
      "net_income": -31200000,
      "opex": -8200000,
      "cogs": 61600000,
      "rd": 21000000,
      "sga": 144400000,
      "fcf": -54700000,
      "ocf": -54700000,
      "capex": null,
      "gross_margin": 0.6866734486266531,
      "op_margin": -0.15971515768056968,
      "fcf_margin": -0.2782299084435402,
      "incr_op_margin_yoy": 1.1063829787234043,
      "rev_growth_yoy": 0.10573678290213723,
      "rev_growth_yoy_accel": -0.12124531428456353,
      "op_leverage_ratio": Infinity,
      "fcf_margin_change": -0.16306576044979343
    },
    {
      "date": "2024-03-31T00:00:00",
      "quarter_label": "2024-03 (Q1)",
      "revenue": 202200000,
      "gross_profit": 137600000,
      "operating_income": -27900000,
      "net_income": -26000000,
      "opex": 165500000,
      "cogs": 64600000,
      "rd": 24900000,
      "sga": 140600000,
      "fcf": -18600000,
      "ocf": -18600000,
      "capex": null,
      "gross_margin": 0.6805143422354105,
      "op_margin": -0.13798219584569732,
      "fcf_margin": -0.09198813056379822,
      "incr_op_margin_yoy": 1.1571428571428573,
      "rev_growth_yoy": 0.11589403973509933,
      "rev_growth_yoy_accel": 0.010157256832962105,
      "op_leverage_ratio": Infinity,
      "fcf_margin_change": 0.18624177787974194
    },
    {
      "date": "2024-06-30T00:00:00",
      "quarter_label": "2024-06 (Q2)",
      "revenue": 211500000,
      "gross_profit": 147100000,
      "operating_income": -36500000,
      "net_income": -36700000,
      "opex": 183600000,
      "cogs": 64400000,
      "rd": 27100000,
      "sga": 144900000,
      "fcf": 2600000,
      "ocf": 2600000,
      "capex": null,
      "gross_margin": 0.6955082742316785,
      "op_margin": -0.17257683215130024,
      "fcf_margin": 0.012293144208037825,
      "incr_op_margin_yoy": 2.757142857142857,
      "rev_growth_yoy": 0.15258855585831063,
      "rev_growth_yoy_accel": 0.0366945161232113,
      "op_leverage_ratio": 0.42055346984277914,
      "fcf_margin_change": 0.10428127477183605
    },
    {
      "date": "2024-09-30T00:00:00",
      "quarter_label": "2024-09 (Q3)",
      "revenue": 213300000,
      "gross_profit": 149800000,
      "operating_income": -20000000,
      "net_income": -22100000,
      "opex": 169800000,
      "cogs": 63500000,
      "rd": 28500000,
      "sga": 139100000,
      "fcf": 700000,
      "ocf": 700000,
      "capex": null,
      "gross_margin": 0.7022972339428035,
      "op_margin": -0.09376465072667604,
      "fcf_margin": 0.0032817627754336614,
      "incr_op_margin_yoy": 1.8738317757009346,
      "rev_growth_yoy": 0.11151641479937467,
      "rev_growth_yoy_accel": -0.04107214105893596,
      "fcf_margin_change": -0.009011381432604163
    },
    {
      "date": "2024-12-31T00:00:00",
      "quarter_label": "2024-12 (Q4)",
      "revenue": 210600000,
      "gross_profit": 150900000,
      "operating_income": -39000000,
      "net_income": -42500000,
      "opex": 189900000,
      "cogs": 59700000,
      "rd": 32200000,
      "sga": null,
      "fcf": 6600000,
      "ocf": 6600000,
      "capex": null,
      "gross_margin": 0.7165242165242165,
      "op_margin": -0.18518518518518517,
      "fcf_margin": 0.03133903133903134,
      "incr_op_margin_yoy": -0.5428571428571428,
      "rev_growth_yoy": 0.07121057985757884,
      "rev_growth_yoy_accel": -0.040305834941795834,
      "fcf_margin_change": 0.02805726856359768
    },
    {
      "date": "2025-03-31T00:00:00",
      "quarter_label": "2025-03 (Q1)",
      "revenue": 195900000,
      "gross_profit": 134200000,
      "operating_income": -29000000,
      "net_income": -100000,
      "opex": 163200000,
      "cogs": 61700000,
      "rd": 27500000,
      "sga": null,
      "fcf": -16300000,
      "ocf": -16300000,
      "capex": null,
      "gross_margin": 0.6850433894844309,
      "op_margin": -0.14803471158754467,
      "fcf_margin": -0.08320571720265442,
      "incr_op_margin_yoy": 0.1746031746031746,
      "rev_growth_yoy": -0.03115727002967359,
      "rev_growth_yoy_accel": -0.10236784988725242,
      "fcf_margin_change": -0.11454474854168575
    },
    {
      "date": "2025-06-30T00:00:00",
      "quarter_label": "2025-06 (Q2)",
      "revenue": 213100000,
      "gross_profit": 151800000,
      "operating_income": -329200000,
      "net_income": -330500000,
      "opex": 481000000,
      "cogs": 61300000,
      "rd": 25600000,
      "sga": null,
      "fcf": -13600000,
      "ocf": -13600000,
      "capex": null,
      "gross_margin": 0.7123416236508682,
      "op_margin": -1.5448146410136085,
      "fcf_margin": -0.06381980290943219,
      "incr_op_margin_yoy": -182.9375,
      "rev_growth_yoy": 0.007565011820330969,
      "rev_growth_yoy_accel": 0.03872228185000456,
      "op_leverage_ratio": 0.04508792743372555,
      "fcf_margin_change": 0.01938591429322223
    },
    {
      "date": "2025-09-30T00:00:00",
      "quarter_label": "2025-09 (Q3)",
      "revenue": 205700000,
      "gross_profit": 143800000,
      "operating_income": -23300000,
      "net_income": -27400000,
      "opex": 167100000,
      "cogs": 61900000,
      "rd": 28200000,
      "sga": null,
      "fcf": 21100000,
      "ocf": 21100000,
      "capex": null,
      "gross_margin": 0.699076324744774,
      "op_margin": -0.11327175498298493,
      "fcf_margin": 0.10257656781720953,
      "incr_op_margin_yoy": 0.4342105263157895,
      "rev_growth_yoy": -0.03563056727613689,
      "rev_growth_yoy_accel": -0.04319557909646786,
      "fcf_margin_change": 0.1663963707266417
    }
  ],
  "signals": [
    {
      "quarter": "2025-09 (Q3)",
      "signal": "FCF TURNED POSITIVE",
      "detail": "FCF margin: -6.4% -> +10.3%",
      "severity": "HIGH"
    },
    {
      "quarter": "2025-06 (Q2)",
      "signal": "GROSS MARGIN INFLECTION",
      "detail": "GM: +71.7% -> +68.5% -> +71.2% (reversal +2.7%)",
      "severity": "MEDIUM"
    },
    {
      "quarter": "2025-03 (Q1)",
      "signal": "YoY REVENUE GROWTH DECELERATION",
      "detail": "YoY growth: -3.1% vs prior quarter YoY: +7.1% (decel: -10.2%)",
      "severity": "WARNING"
    },
    {
      "quarter": "2024-06 (Q2)",
      "signal": "FCF TURNED POSITIVE",
      "detail": "FCF margin: -9.2% -> +1.2%",
      "severity": "HIGH"
    },
    {
      "quarter": "2024-03 (Q1)",
      "signal": "FCF MARGIN EXPANSION",
      "detail": "FCF margin: -27.8% -> -9.2% (+18.6%)",
      "severity": "MEDIUM"
    },
    {
      "quarter": "2023-12 (Q4)",
      "signal": "YoY REVENUE GROWTH DECELERATION",
      "detail": "YoY growth: +10.6% vs prior quarter YoY: +22.7% (decel: -12.1%)",
      "severity": "WARNING"
    },
    {
      "quarter": "2023-09 (Q3)",
      "signal": "YoY REVENUE GROWTH ACCELERATION",
      "detail": "YoY growth: +22.7% vs prior quarter YoY: +2.3% (accel: +20.4%)",
      "severity": "HIGH"
    },
    {
      "quarter": "2023-06 (Q2)",
      "signal": "FCF MARGIN EXPANSION",
      "detail": "FCF margin: -18.3% -> -0.5% (+17.8%)",
      "severity": "MEDIUM"
    },
    {
      "quarter": "2023-06 (Q2)",
      "signal": "YoY REVENUE GROWTH DECELERATION",
      "detail": "YoY growth: +2.3% vs prior quarter YoY: +9.9% (decel: -7.5%)",
      "severity": "WARNING"
    },
    {
      "quarter": "2022-12 (Q4)",
      "signal": "YoY REVENUE GROWTH ACCELERATION",
      "detail": "YoY growth: +10.6% vs prior quarter YoY: -6.5% (accel: +17.1%)",
      "severity": "HIGH"
    },
    {
      "quarter": "2022-09 (Q3)",
      "signal": "FCF MARGIN EXPANSION",
      "detail": "FCF margin: -27.7% -> -1.8% (+25.9%)",
      "severity": "MEDIUM"
    },
    {
      "quarter": "2022-06 (Q2)",
      "signal": "OPERATING LEVERAGE",
      "detail": "Rev growth +8.7% vs OpEx growth +3.5% (leverage: 2.5x)",
      "severity": "MEDIUM"
    },
    {
      "quarter": "2022-03 (Q1)",
      "signal": "YoY REVENUE GROWTH DECELERATION",
      "detail": "YoY growth: -4.7% vs prior quarter YoY: +4.0% (decel: -8.7%)",
      "severity": "WARNING"
    },
    {
      "quarter": "2021-12 (Q4)",
      "signal": "FCF MARGIN EXPANSION",
      "detail": "FCF margin: -23.5% -> -5.9% (+17.6%)",
      "severity": "MEDIUM"
    },
    {
      "quarter": "2021-03 (Q1)",
      "signal": "FCF TURNED POSITIVE",
      "detail": "FCF margin: -9.3% -> +41.5%",
      "severity": "HIGH"
    }
  ],
  "data_quality": {
    "n_quarters": 20,
    "coverage": {
      "revenue": [
        20,
        20
      ],
      "gross_profit": [
        15,
        20
      ],
      "op_income": [
        20,
        20
      ],
      "fcf": [
        20,
        20
      ]
    },
    "gaps": [],
    "warnings": [
      "gross_profit: 15/20Q"
    ]
  },
  "market_cap": null,
  "source": "SEC EDGAR",
  "last_updated": "2026-02-02T22:21:33.068756"
}