{
  "ticker": "NAMS",
  "name": "NewAmsterdam Pharma Company N.V.",
  "sector": "Healthcare",
  "industry": "Biotechnology",
  "quarters": [
    {
      "date": "2023-03-31T00:00:00",
      "quarter_label": "2023-03 (Q1)",
      "revenue": 8629000,
      "gross_profit": null,
      "operating_income": -39853000,
      "net_income": -42018000,
      "opex": 48482000,
      "cogs": null,
      "rd": 40420000,
      "sga": 8062000,
      "fcf": -31863000,
      "ocf": -31863000,
      "capex": null,
      "gross_margin": null,
      "op_margin": -4.6184957700776454,
      "fcf_margin": -3.6925483833584423
    },
    {
      "date": "2023-06-30T00:00:00",
      "quarter_label": "2023-06 (Q2)",
      "revenue": 1717000,
      "gross_profit": null,
      "operating_income": -42482000,
      "net_income": -38291000,
      "opex": 44199000,
      "cogs": null,
      "rd": 34341000,
      "sga": 9858000,
      "fcf": -29305000,
      "ocf": -29305000,
      "capex": null,
      "gross_margin": null,
      "op_margin": -24.741991846243447,
      "fcf_margin": -17.067559697146184,
      "fcf_margin_change": -13.375011313787741
    },
    {
      "date": "2023-09-30T00:00:00",
      "quarter_label": "2023-09 (Q3)",
      "revenue": 2941000,
      "gross_profit": null,
      "operating_income": -49558000,
      "net_income": -47133000,
      "opex": 52499000,
      "cogs": null,
      "rd": 43371000,
      "sga": 9128000,
      "fcf": -46976000,
      "ocf": -46976000,
      "capex": null,
      "gross_margin": null,
      "op_margin": -16.85073104386263,
      "fcf_margin": -15.972798367902074,
      "op_leverage_ratio": 3.79616843612072,
      "fcf_margin_change": 1.0947613292441094
    },
    {
      "date": "2023-12-31T00:00:00",
      "quarter_label": "2023-12 (Q4)",
      "revenue": 803000,
      "gross_profit": null,
      "operating_income": -51074000,
      "net_income": -49495000,
      "opex": 51877000,
      "cogs": null,
      "rd": 41292000,
      "sga": 10585000,
      "fcf": -33074000,
      "ocf": -33074000,
      "capex": null,
      "gross_margin": null,
      "op_margin": -63.60398505603985,
      "fcf_margin": -41.18804483188045,
      "fcf_margin_change": -25.215246463978374
    },
    {
      "date": "2024-03-31T00:00:00",
      "quarter_label": "2024-03 (Q1)",
      "revenue": 1401000,
      "gross_profit": null,
      "operating_income": -55482000,
      "net_income": -93767000,
      "opex": 56883000,
      "cogs": null,
      "rd": 42430000,
      "sga": 14453000,
      "fcf": -54602000,
      "ocf": -54602000,
      "capex": null,
      "gross_margin": null,
      "op_margin": -39.601713062098504,
      "fcf_margin": -38.97359029264811,
      "incr_op_margin_yoy": 2.162285556170448,
      "rev_growth_yoy": -0.8376405145439796,
      "op_leverage_ratio": 7.71737576178822,
      "fcf_margin_change": 2.214454539232335
    },
    {
      "date": "2024-06-30T00:00:00",
      "quarter_label": "2024-06 (Q2)",
      "revenue": 2279000,
      "gross_profit": null,
      "operating_income": -52575000,
      "net_income": -39007000,
      "opex": 54854000,
      "cogs": null,
      "rd": 38379000,
      "sga": 16475000,
      "fcf": -53979000,
      "ocf": -53979000,
      "capex": null,
      "gross_margin": null,
      "op_margin": -23.069328652917946,
      "fcf_margin": -23.685388328214128,
      "rev_growth_yoy": 0.32731508444962143,
      "rev_growth_yoy_accel": 1.164955598993601,
      "op_leverage_ratio": null,
      "fcf_margin_change": 15.288201964433984
    },
    {
      "date": "2024-09-30T00:00:00",
      "quarter_label": "2024-09 (Q3)",
      "revenue": 29111000,
      "gross_profit": null,
      "operating_income": -25003000,
      "net_income": -16647000,
      "opex": 54114000,
      "cogs": null,
      "rd": 35702000,
      "sga": 18412000,
      "fcf": -12502000,
      "ocf": -12502000,
      "capex": null,
      "gross_margin": null,
      "op_margin": -0.858884957576174,
      "fcf_margin": -0.4294596544261619,
      "incr_op_margin_yoy": 0.938288116163546,
      "rev_growth_yoy": 8.898333900034002,
      "rev_growth_yoy_accel": 8.571018815584381,
      "op_leverage_ratio": null,
      "fcf_margin_change": 23.255928673787967
    },
    {
      "date": "2024-12-31T00:00:00",
      "quarter_label": "2024-12 (Q4)",
      "revenue": 12772000,
      "gross_profit": null,
      "operating_income": -43229000,
      "net_income": -92177000,
      "opex": 56001000,
      "cogs": null,
      "rd": 34895000,
      "sga": 21106000,
      "fcf": -37481000,
      "ocf": -37481000,
      "capex": null,
      "gross_margin": null,
      "op_margin": -3.384669589727529,
      "fcf_margin": -2.9346226119636705,
      "incr_op_margin_yoy": 0.655443228339878,
      "rev_growth_yoy": 14.905354919053549,
      "rev_growth_yoy_accel": 6.007021019019547,
      "fcf_margin_change": -2.5051629575375087
    },
    {
      "date": "2025-03-31T00:00:00",
      "quarter_label": "2025-03 (Q1)",
      "revenue": 2978000,
      "gross_profit": null,
      "operating_income": -68925000,
      "net_income": -39527000,
      "opex": 71903000,
      "cogs": null,
      "rd": 44751000,
      "sga": 27152000,
      "fcf": -36468000,
      "ocf": -36468000,
      "capex": null,
      "gross_margin": null,
      "op_margin": -23.144728005372734,
      "fcf_margin": -12.245802552048355,
      "incr_op_margin_yoy": -8.52441344324667,
      "rev_growth_yoy": 1.1256245538900784,
      "rev_growth_yoy_accel": -13.77973036516347,
      "fcf_margin_change": -9.311179940084685
    },
    {
      "date": "2025-06-30T00:00:00",
      "quarter_label": "2025-06 (Q2)",
      "revenue": 19145000,
      "gross_profit": null,
      "operating_income": -35635000,
      "net_income": -17364000,
      "opex": 54780000,
      "cogs": null,
      "rd": 27516000,
      "sga": 27264000,
      "fcf": -37671000,
      "ocf": -37671000,
      "capex": null,
      "gross_margin": null,
      "op_margin": -1.8613214938626272,
      "fcf_margin": -1.9676677983807782,
      "incr_op_margin_yoy": 1.0043875251986245,
      "rev_growth_yoy": 7.400614304519526,
      "rev_growth_yoy_accel": 6.274989750629448,
      "op_leverage_ratio": null,
      "fcf_margin_change": 10.278134753667576
    },
    {
      "date": "2025-09-30T00:00:00",
      "quarter_label": "2025-09 (Q3)",
      "revenue": 348000,
      "gross_profit": null,
      "operating_income": -55143000,
      "net_income": -72005000,
      "opex": 55491000,
      "cogs": null,
      "rd": 30971000,
      "sga": 24520000,
      "fcf": -32769000,
      "ocf": -32769000,
      "capex": null,
      "gross_margin": null,
      "op_margin": -158.45689655172413,
      "fcf_margin": -94.16379310344827,
      "incr_op_margin_yoy": 1.0478740047978305,
      "rev_growth_yoy": -0.9880457558998317,
      "rev_growth_yoy_accel": -8.388660060419358,
      "fcf_margin_change": -92.1961253050675
    },
    {
      "date": "2025-12-31T00:00:00",
      "quarter_label": "2025-12 (Q4)",
      "revenue": 32000,
      "gross_profit": null,
      "operating_income": -65980000,
      "net_income": -74923000,
      "opex": 66012000,
      "cogs": null,
      "rd": 38594000,
      "sga": 27418000,
      "fcf": -40875000,
      "ocf": -40875000,
      "capex": null,
      "gross_margin": null,
      "op_margin": -2061.875,
      "fcf_margin": -1277.34375,
      "incr_op_margin_yoy": 1.7857927786499215,
      "rev_growth_yoy": -0.9974945192608832,
      "rev_growth_yoy_accel": -0.009448763361051493,
      "fcf_margin_change": -1183.1799568965516
    }
  ],
  "signals": [
    {
      "quarter": "2025-09 (Q3)",
      "signal": "YoY REVENUE GROWTH DECELERATION",
      "detail": "YoY growth: -98.8% vs prior quarter YoY: +740.1% (decel: -838.9%)",
      "severity": "WARNING"
    },
    {
      "quarter": "2025-06 (Q2)",
      "signal": "FCF MARGIN EXPANSION",
      "detail": "FCF margin: -1224.6% -> -196.8% (+1027.8%)",
      "severity": "MEDIUM"
    },
    {
      "quarter": "2025-06 (Q2)",
      "signal": "YoY REVENUE GROWTH ACCELERATION",
      "detail": "YoY growth: +740.1% vs prior quarter YoY: +112.6% (accel: +627.5%)",
      "severity": "HIGH"
    },
    {
      "quarter": "2025-03 (Q1)",
      "signal": "YoY REVENUE GROWTH DECELERATION",
      "detail": "YoY growth: +112.6% vs prior quarter YoY: +1490.5% (decel: -1378.0%)",
      "severity": "WARNING"
    },
    {
      "quarter": "2024-12 (Q4)",
      "signal": "YoY REVENUE GROWTH ACCELERATION",
      "detail": "YoY growth: +1490.5% vs prior quarter YoY: +889.8% (accel: +600.7%)",
      "severity": "HIGH"
    },
    {
      "quarter": "2024-09 (Q3)",
      "signal": "FCF MARGIN EXPANSION",
      "detail": "FCF margin: -2368.5% -> -42.9% (+2325.6%)",
      "severity": "MEDIUM"
    },
    {
      "quarter": "2024-09 (Q3)",
      "signal": "YoY REVENUE GROWTH ACCELERATION",
      "detail": "YoY growth: +889.8% vs prior quarter YoY: +32.7% (accel: +857.1%)",
      "severity": "HIGH"
    },
    {
      "quarter": "2024-06 (Q2)",
      "signal": "FCF MARGIN EXPANSION",
      "detail": "FCF margin: -3897.4% -> -2368.5% (+1528.8%)",
      "severity": "MEDIUM"
    },
    {
      "quarter": "2024-06 (Q2)",
      "signal": "YoY REVENUE GROWTH ACCELERATION",
      "detail": "YoY growth: +32.7% vs prior quarter YoY: -83.8% (accel: +116.5%)",
      "severity": "HIGH"
    },
    {
      "quarter": "2024-03 (Q1)",
      "signal": "FCF MARGIN EXPANSION",
      "detail": "FCF margin: -4118.8% -> -3897.4% (+221.4%)",
      "severity": "MEDIUM"
    },
    {
      "quarter": "2024-03 (Q1)",
      "signal": "OPERATING LEVERAGE",
      "detail": "Rev growth +74.5% vs OpEx growth +9.6% (leverage: 7.7x)",
      "severity": "MEDIUM"
    },
    {
      "quarter": "2023-09 (Q3)",
      "signal": "FCF MARGIN EXPANSION",
      "detail": "FCF margin: -1706.8% -> -1597.3% (+109.5%)",
      "severity": "MEDIUM"
    },
    {
      "quarter": "2023-09 (Q3)",
      "signal": "OPERATING LEVERAGE",
      "detail": "Rev growth +71.3% vs OpEx growth +18.8% (leverage: 3.8x)",
      "severity": "MEDIUM"
    }
  ],
  "data_quality": {
    "n_quarters": 12,
    "coverage": {
      "revenue": [
        12,
        12
      ],
      "gross_profit": [
        0,
        12
      ],
      "op_income": [
        12,
        12
      ],
      "fcf": [
        12,
        12
      ]
    },
    "gaps": [],
    "warnings": [
      "gross_profit: no data"
    ]
  },
  "market_cap": null,
  "source": "SEC EDGAR",
  "last_updated": "2026-02-24T10:26:32.681729"
}