{
  "ticker": "NATH",
  "name": "NATHAN\u2019S FAMOUS, INC.",
  "quarters": [
    {
      "date": "2020-12-27T00:00:00",
      "quarter_label": "2020-12 (Q4)",
      "revenue": 18030000,
      "gross_profit": 9093000,
      "operating_income": 4403000,
      "net_income": 1359000,
      "opex": 13627000,
      "cogs": 8937000,
      "rd": null,
      "sga": null,
      "fcf": -3477000,
      "ocf": -3397000,
      "capex": -80000,
      "gross_margin": 0.5043261231281198,
      "op_margin": 0.24420410427066,
      "fcf_margin": -0.1928452579034942
    },
    {
      "date": "2021-03-28T00:00:00",
      "quarter_label": "2021-03 (Q1)",
      "revenue": 18284000,
      "gross_profit": 9909000,
      "operating_income": 5434000,
      "net_income": 2061000,
      "opex": 12850000,
      "cogs": 8375000,
      "rd": null,
      "sga": null,
      "fcf": 5903000,
      "ocf": 6056000,
      "capex": -153000,
      "gross_margin": 0.5419492452417414,
      "op_margin": 0.2971997374753883,
      "fcf_margin": 0.3228505797418508,
      "op_leverage_ratio": Infinity,
      "fcf_margin_change": 0.515695837645345
    },
    {
      "date": "2021-06-27T00:00:00",
      "quarter_label": "2021-06 (Q2)",
      "revenue": 31319000,
      "gross_profit": 15954000,
      "operating_income": 10702000,
      "net_income": 5763000,
      "opex": 20617000,
      "cogs": 15365000,
      "rd": null,
      "sga": null,
      "fcf": -98000,
      "ocf": 77000,
      "capex": -175000,
      "gross_margin": 0.509403237651266,
      "op_margin": 0.3417095054120502,
      "fcf_margin": -0.0031290909671445447,
      "op_leverage_ratio": 1.1794774587367467,
      "fcf_margin_change": -0.3259796707089953
    },
    {
      "date": "2021-09-26T00:00:00",
      "quarter_label": "2021-09 (Q3)",
      "revenue": 32878000,
      "gross_profit": 12747000,
      "operating_income": 7439000,
      "net_income": 3545000,
      "opex": 25439000,
      "cogs": 20131000,
      "rd": null,
      "sga": null,
      "fcf": 8677000,
      "ocf": 8845000,
      "capex": -168000,
      "gross_margin": 0.38770606484579356,
      "op_margin": 0.22626072145507634,
      "fcf_margin": 0.2639150799927003,
      "op_leverage_ratio": 0.21283178786035126,
      "fcf_margin_change": 0.26704417095984484
    },
    {
      "date": "2021-12-26T00:00:00",
      "quarter_label": "2021-12 (Q4)",
      "revenue": 25913000,
      "gross_profit": 9873000,
      "operating_income": 5613000,
      "net_income": 2130000,
      "opex": 20300000,
      "cogs": 16040000,
      "rd": null,
      "sga": null,
      "fcf": 852000,
      "ocf": 974000,
      "capex": -122000,
      "gross_margin": 0.3810056728283101,
      "op_margin": 0.21660942384131518,
      "fcf_margin": 0.032879249797398986,
      "incr_op_margin_yoy": 0.1534948623620449,
      "rev_growth_yoy": 0.43721575152523573,
      "fcf_margin_change": -0.23103583019530133
    },
    {
      "date": "2022-03-27T00:00:00",
      "quarter_label": "2022-03 (Q1)",
      "revenue": 24772000,
      "gross_profit": 11144000,
      "operating_income": 6109000,
      "net_income": 2158000,
      "opex": 18663000,
      "cogs": 13628000,
      "rd": null,
      "sga": null,
      "fcf": 6410000,
      "ocf": 6581000,
      "capex": -171000,
      "gross_margin": 0.4498627482641692,
      "op_margin": 0.24660907476182786,
      "fcf_margin": 0.25875989019861134,
      "incr_op_margin_yoy": 0.10403822441430333,
      "rev_growth_yoy": 0.3548457667906366,
      "rev_growth_yoy_accel": -0.08236998473459911,
      "fcf_margin_change": 0.22588064040121236
    },
    {
      "date": "2022-06-26T00:00:00",
      "quarter_label": "2022-06 (Q2)",
      "revenue": 39720000,
      "gross_profit": 17053000,
      "operating_income": 11780000,
      "net_income": 7137000,
      "opex": 27940000,
      "cogs": 22667000,
      "rd": null,
      "sga": null,
      "fcf": 527000,
      "ocf": 771000,
      "capex": -244000,
      "gross_margin": 0.4293303121852971,
      "op_margin": 0.29657603222557904,
      "fcf_margin": 0.013267875125881168,
      "incr_op_margin_yoy": 0.12831805737412214,
      "rev_growth_yoy": 0.2682397266834829,
      "rev_growth_yoy_accel": -0.08660604010715373,
      "op_leverage_ratio": 1.2139363533965934,
      "fcf_margin_change": -0.24549201507273016
    },
    {
      "date": "2022-09-25T00:00:00",
      "quarter_label": "2022-09 (Q3)",
      "revenue": 37497000,
      "gross_profit": 15599000,
      "operating_income": 9914000,
      "net_income": 5958000,
      "opex": 27583000,
      "cogs": 21898000,
      "rd": null,
      "sga": null,
      "fcf": 8805000,
      "ocf": 9001000,
      "capex": -196000,
      "gross_margin": 0.4160066138624423,
      "op_margin": 0.2643944848921247,
      "fcf_margin": 0.23481878550284022,
      "incr_op_margin_yoy": 0.5358302662914051,
      "rev_growth_yoy": 0.1404890808443336,
      "rev_growth_yoy_accel": -0.1277506458391493,
      "fcf_margin_change": 0.22155091037695904
    },
    {
      "date": "2022-12-25T00:00:00",
      "quarter_label": "2022-12 (Q4)",
      "revenue": 26154000,
      "gross_profit": 11229000,
      "operating_income": 6332000,
      "net_income": 3263000,
      "opex": 19822000,
      "cogs": 14925000,
      "rd": null,
      "sga": null,
      "fcf": 3433000,
      "ocf": 3557000,
      "capex": -124000,
      "gross_margin": 0.4293415921082817,
      "op_margin": 0.24210445820906937,
      "fcf_margin": 0.13126099258239657,
      "rev_growth_yoy": 0.009300351175085864,
      "rev_growth_yoy_accel": -0.13118872966924772,
      "fcf_margin_change": -0.10355779292044365
    },
    {
      "date": "2023-03-26T00:00:00",
      "quarter_label": "2023-03 (Q1)",
      "revenue": 27414000,
      "gross_profit": 11732000,
      "operating_income": 6419000,
      "net_income": 3265000,
      "opex": 20995000,
      "cogs": 15682000,
      "rd": null,
      "sga": null,
      "fcf": 6446000,
      "ocf": 6508000,
      "capex": -62000,
      "gross_margin": 0.42795651856715544,
      "op_margin": 0.2341504340847742,
      "fcf_margin": 0.2351353323119574,
      "incr_op_margin_yoy": 0.11733535200605602,
      "rev_growth_yoy": 0.10665267237203294,
      "rev_growth_yoy_accel": 0.09735232119694708,
      "op_leverage_ratio": 0.8141077431002325,
      "fcf_margin_change": 0.10387433972956084
    },
    {
      "date": "2023-06-25T00:00:00",
      "quarter_label": "2023-06 (Q2)",
      "revenue": 41985000,
      "gross_profit": 17301000,
      "operating_income": 11463000,
      "net_income": 7388000,
      "opex": 30522000,
      "cogs": 24684000,
      "rd": null,
      "sga": null,
      "fcf": 2075000,
      "ocf": 2148000,
      "capex": -73000,
      "gross_margin": 0.4120757413361915,
      "op_margin": 0.27302608074312257,
      "fcf_margin": 0.04942241276646421,
      "incr_op_margin_yoy": -0.13995584988962473,
      "rev_growth_yoy": 0.05702416918429003,
      "rev_growth_yoy_accel": -0.04962850318774291,
      "op_leverage_ratio": 1.171322979421723,
      "fcf_margin_change": -0.18571291954549318
    },
    {
      "date": "2023-09-24T00:00:00",
      "quarter_label": "2023-09 (Q3)",
      "revenue": 38744000,
      "gross_profit": 14557000,
      "operating_income": 9104000,
      "net_income": 5711000,
      "opex": 29640000,
      "cogs": 24187000,
      "rd": null,
      "sga": null,
      "fcf": 9122000,
      "ocf": 9218000,
      "capex": -96000,
      "gross_margin": 0.3757226925459426,
      "op_margin": 0.23497831922362172,
      "fcf_margin": 0.23544290728887055,
      "incr_op_margin_yoy": -0.6495589414595028,
      "rev_growth_yoy": 0.033255993812838364,
      "rev_growth_yoy_accel": -0.023768175371451664,
      "fcf_margin_change": 0.18602049452240632
    },
    {
      "date": "2023-12-24T00:00:00",
      "quarter_label": "2023-12 (Q4)",
      "revenue": 28890000,
      "gross_profit": 11018000,
      "operating_income": 5137000,
      "net_income": 2607000,
      "opex": 23753000,
      "cogs": 17872000,
      "rd": null,
      "sga": null,
      "fcf": 2156000,
      "ocf": 2230000,
      "capex": -74000,
      "gross_margin": 0.38137763932156454,
      "op_margin": 0.1778123918310834,
      "fcf_margin": 0.07462789892696435,
      "incr_op_margin_yoy": -0.4367690058479532,
      "rev_growth_yoy": 0.10461114934618032,
      "rev_growth_yoy_accel": 0.07135515553334196,
      "fcf_margin_change": -0.1608150083619062
    },
    {
      "date": "2024-03-31T00:00:00",
      "quarter_label": "2024-03 (Q1)",
      "revenue": 28991000,
      "gross_profit": 12552000,
      "operating_income": 6802000,
      "net_income": 3910000,
      "opex": 22189000,
      "cogs": 16439000,
      "rd": null,
      "sga": null,
      "fcf": 6336000,
      "ocf": 6406000,
      "capex": -70000,
      "gross_margin": 0.432961953709772,
      "op_margin": 0.23462453864992583,
      "fcf_margin": 0.21855058466420613,
      "incr_op_margin_yoy": 0.24286620164870007,
      "rev_growth_yoy": 0.05752535200992194,
      "rev_growth_yoy_accel": -0.04708579733625838,
      "fcf_margin_change": 0.14392268573724176
    },
    {
      "date": "2024-06-30T00:00:00",
      "quarter_label": "2024-06 (Q2)",
      "revenue": 44767000,
      "gross_profit": 19526000,
      "operating_income": 13745000,
      "net_income": 9277000,
      "opex": 31022000,
      "cogs": 25241000,
      "rd": null,
      "sga": null,
      "fcf": 4952000,
      "ocf": 4993000,
      "capex": -41000,
      "gross_margin": 0.43616949985480374,
      "op_margin": 0.3070341992985905,
      "fcf_margin": 0.11061719570219135,
      "incr_op_margin_yoy": 0.8202731847591661,
      "rev_growth_yoy": 0.0662617601524354,
      "rev_growth_yoy_accel": 0.00873640814251346,
      "op_leverage_ratio": 1.366983276152923,
      "fcf_margin_change": -0.10793338896201478
    },
    {
      "date": "2024-09-29T00:00:00",
      "quarter_label": "2024-09 (Q3)",
      "revenue": 41109000,
      "gross_profit": 15080000,
      "operating_income": 9632000,
      "net_income": 6030000,
      "opex": 31477000,
      "cogs": 26029000,
      "rd": null,
      "sga": null,
      "fcf": 9744000,
      "ocf": 9833000,
      "capex": -89000,
      "gross_margin": 0.3668296480089518,
      "op_margin": 0.23430392371500158,
      "fcf_margin": 0.23702838794424577,
      "incr_op_margin_yoy": 0.22325581395348837,
      "rev_growth_yoy": 0.06104170968408012,
      "rev_growth_yoy_accel": -0.005220050468355282,
      "fcf_margin_change": 0.12641119224205444
    },
    {
      "date": "2024-12-29T00:00:00",
      "quarter_label": "2024-12 (Q4)",
      "revenue": 31519000,
      "gross_profit": 11948000,
      "operating_income": 6752000,
      "net_income": 4484000,
      "opex": 24767000,
      "cogs": 19571000,
      "rd": null,
      "sga": null,
      "fcf": 3583000,
      "ocf": 3624000,
      "capex": -41000,
      "gross_margin": 0.37907294013134935,
      "op_margin": 0.21421999428915892,
      "fcf_margin": 0.11367746438656048,
      "incr_op_margin_yoy": 0.6143020159756561,
      "rev_growth_yoy": 0.09100034614053305,
      "rev_growth_yoy_accel": 0.029958636456452935,
      "fcf_margin_change": -0.12335092355768529
    },
    {
      "date": "2025-03-30T00:00:00",
      "quarter_label": "2025-03 (Q1)",
      "revenue": 30787000,
      "gross_profit": 11921000,
      "operating_income": 6368000,
      "net_income": 4235000,
      "opex": 24419000,
      "cogs": 18866000,
      "rd": null,
      "sga": null,
      "fcf": 6736000,
      "ocf": 6790000,
      "capex": -54000,
      "gross_margin": 0.38720888686783383,
      "op_margin": 0.20684054958261605,
      "fcf_margin": 0.21879364666904863,
      "incr_op_margin_yoy": -0.24164810690423164,
      "rev_growth_yoy": 0.06195026042564934,
      "rev_growth_yoy_accel": -0.02905008571488371,
      "fcf_margin_change": 0.10511618228248815
    },
    {
      "date": "2025-06-29T00:00:00",
      "quarter_label": "2025-06 (Q2)",
      "revenue": 46998000,
      "gross_profit": 18575000,
      "operating_income": 12791000,
      "net_income": 8928000,
      "opex": 34207000,
      "cogs": 28423000,
      "rd": null,
      "sga": null,
      "fcf": -335000,
      "ocf": -220000,
      "capex": -115000,
      "gross_margin": 0.3952295842376271,
      "op_margin": 0.27216051746882847,
      "fcf_margin": -0.007127962892037959,
      "incr_op_margin_yoy": -0.4276109367996414,
      "rev_growth_yoy": 0.04983581656130632,
      "rev_growth_yoy_accel": -0.012114443864343023,
      "op_leverage_ratio": 1.3136399520551914,
      "fcf_margin_change": -0.2259216095610866
    },
    {
      "date": "2025-09-28T00:00:00",
      "quarter_label": "2025-09 (Q3)",
      "revenue": 45687000,
      "gross_profit": 13309000,
      "operating_income": 7502000,
      "net_income": 5199000,
      "opex": 38185000,
      "cogs": 32378000,
      "rd": null,
      "sga": null,
      "fcf": 9997000,
      "ocf": 10158000,
      "capex": -161000,
      "gross_margin": 0.2913082496114869,
      "op_margin": 0.16420425941733974,
      "fcf_margin": 0.2188149801913017,
      "incr_op_margin_yoy": -0.46526867627785057,
      "rev_growth_yoy": 0.11136247537035686,
      "rev_growth_yoy_accel": 0.06152665880905054,
      "fcf_margin_change": 0.22594294308333965
    }
  ],
  "signals": [
    {
      "quarter": "2025-09 (Q3)",
      "signal": "FCF TURNED POSITIVE",
      "detail": "FCF margin: -0.7% -> +21.9%",
      "severity": "HIGH"
    },
    {
      "quarter": "2025-09 (Q3)",
      "signal": "YoY REVENUE GROWTH ACCELERATION",
      "detail": "YoY growth: +11.1% vs prior quarter YoY: +5.0% (accel: +6.2%)",
      "severity": "MEDIUM"
    },
    {
      "quarter": "2025-03 (Q1)",
      "signal": "FCF MARGIN EXPANSION",
      "detail": "FCF margin: +11.4% -> +21.9% (+10.5%)",
      "severity": "MEDIUM"
    },
    {
      "quarter": "2024-12 (Q4)",
      "signal": "INCREMENTAL MARGIN (YoY)",
      "detail": "YoY Incr OPM: +61.4% vs year-ago OPM: +17.8%",
      "severity": "HIGH"
    },
    {
      "quarter": "2024-09 (Q3)",
      "signal": "FCF MARGIN EXPANSION",
      "detail": "FCF margin: +11.1% -> +23.7% (+12.6%)",
      "severity": "MEDIUM"
    },
    {
      "quarter": "2024-06 (Q2)",
      "signal": "INCREMENTAL MARGIN (YoY)",
      "detail": "YoY Incr OPM: +82.0% vs year-ago OPM: +27.3%",
      "severity": "HIGH"
    },
    {
      "quarter": "2024-03 (Q1)",
      "signal": "FCF MARGIN EXPANSION",
      "detail": "FCF margin: +7.5% -> +21.9% (+14.4%)",
      "severity": "MEDIUM"
    },
    {
      "quarter": "2023-12 (Q4)",
      "signal": "YoY REVENUE GROWTH ACCELERATION",
      "detail": "YoY growth: +10.5% vs prior quarter YoY: +3.3% (accel: +7.1%)",
      "severity": "MEDIUM"
    },
    {
      "quarter": "2023-09 (Q3)",
      "signal": "FCF MARGIN EXPANSION",
      "detail": "FCF margin: +4.9% -> +23.5% (+18.6%)",
      "severity": "MEDIUM"
    },
    {
      "quarter": "2023-03 (Q1)",
      "signal": "FCF MARGIN EXPANSION",
      "detail": "FCF margin: +13.1% -> +23.5% (+10.4%)",
      "severity": "MEDIUM"
    },
    {
      "quarter": "2023-03 (Q1)",
      "signal": "YoY REVENUE GROWTH ACCELERATION",
      "detail": "YoY growth: +10.7% vs prior quarter YoY: +0.9% (accel: +9.7%)",
      "severity": "MEDIUM"
    },
    {
      "quarter": "2022-12 (Q4)",
      "signal": "YoY REVENUE GROWTH DECELERATION",
      "detail": "YoY growth: +0.9% vs prior quarter YoY: +14.0% (decel: -13.1%)",
      "severity": "WARNING"
    },
    {
      "quarter": "2022-09 (Q3)",
      "signal": "FCF MARGIN EXPANSION",
      "detail": "FCF margin: +1.3% -> +23.5% (+22.2%)",
      "severity": "MEDIUM"
    },
    {
      "quarter": "2022-09 (Q3)",
      "signal": "YoY REVENUE GROWTH DECELERATION",
      "detail": "YoY growth: +14.0% vs prior quarter YoY: +26.8% (decel: -12.8%)",
      "severity": "WARNING"
    },
    {
      "quarter": "2022-09 (Q3)",
      "signal": "INCREMENTAL MARGIN (YoY)",
      "detail": "YoY Incr OPM: +53.6% vs year-ago OPM: +22.6%",
      "severity": "HIGH"
    },
    {
      "quarter": "2022-06 (Q2)",
      "signal": "YoY REVENUE GROWTH DECELERATION",
      "detail": "YoY growth: +26.8% vs prior quarter YoY: +35.5% (decel: -8.7%)",
      "severity": "WARNING"
    },
    {
      "quarter": "2022-03 (Q1)",
      "signal": "FCF MARGIN EXPANSION",
      "detail": "FCF margin: +3.3% -> +25.9% (+22.6%)",
      "severity": "MEDIUM"
    },
    {
      "quarter": "2022-03 (Q1)",
      "signal": "GROSS MARGIN INFLECTION",
      "detail": "GM: +38.8% -> +38.1% -> +45.0% (reversal +6.9%)",
      "severity": "HIGH"
    },
    {
      "quarter": "2022-03 (Q1)",
      "signal": "YoY REVENUE GROWTH DECELERATION",
      "detail": "YoY growth: +35.5% vs prior quarter YoY: +43.7% (decel: -8.2%)",
      "severity": "WARNING"
    },
    {
      "quarter": "2021-09 (Q3)",
      "signal": "FCF TURNED POSITIVE",
      "detail": "FCF margin: -0.3% -> +26.4%",
      "severity": "HIGH"
    },
    {
      "quarter": "2021-03 (Q1)",
      "signal": "FCF TURNED POSITIVE",
      "detail": "FCF margin: -19.3% -> +32.3%",
      "severity": "HIGH"
    }
  ],
  "data_quality": {
    "n_quarters": 20,
    "coverage": {
      "revenue": [
        20,
        20
      ],
      "gross_profit": [
        20,
        20
      ],
      "op_income": [
        20,
        20
      ],
      "fcf": [
        20,
        20
      ]
    },
    "gaps": [],
    "warnings": []
  },
  "market_cap": null,
  "source": "SEC EDGAR",
  "last_updated": "2026-02-02T22:33:11.904216"
}