{
  "ticker": "NATL",
  "name": "NCR ATLEOS CORPORATION",
  "quarters": [
    {
      "date": "2022-06-30T00:00:00",
      "quarter_label": "2022-06 (Q2)",
      "revenue": 1067000000,
      "gross_profit": null,
      "operating_income": 42000000,
      "net_income": 20000000,
      "opex": 1025000000,
      "cogs": null,
      "rd": 25000000,
      "sga": 169000000,
      "fcf": null,
      "ocf": null,
      "capex": null,
      "gross_margin": null,
      "op_margin": 0.03936269915651359,
      "fcf_margin": null
    },
    {
      "date": "2022-09-30T00:00:00",
      "quarter_label": "2022-09 (Q3)",
      "revenue": 1030000000,
      "gross_profit": null,
      "operating_income": 103000000,
      "net_income": 64000000,
      "opex": 927000000,
      "cogs": null,
      "rd": 7000000,
      "sga": 131000000,
      "fcf": 201000000,
      "ocf": 226000000,
      "capex": -25000000,
      "gross_margin": null,
      "op_margin": 0.1,
      "fcf_margin": 0.19514563106796118
    },
    {
      "date": "2022-12-31T00:00:00",
      "quarter_label": "2022-12 (Q4)",
      "revenue": 1065000000,
      "gross_profit": null,
      "operating_income": 90000000,
      "net_income": 7000000,
      "opex": 975000000,
      "cogs": null,
      "rd": 12000000,
      "sga": 140000000,
      "fcf": 15000000,
      "ocf": 33000000,
      "capex": -18000000,
      "gross_margin": null,
      "op_margin": 0.08450704225352113,
      "fcf_margin": 0.014084507042253521,
      "op_leverage_ratio": 0.65625,
      "fcf_margin_change": -0.18106112402570765
    },
    {
      "date": "2023-03-31T00:00:00",
      "quarter_label": "2023-03 (Q1)",
      "revenue": 986000000,
      "gross_profit": null,
      "operating_income": 66000000,
      "net_income": 36000000,
      "opex": 920000000,
      "cogs": null,
      "rd": 18000000,
      "sga": 136000000,
      "fcf": 105000000,
      "ocf": 120000000,
      "capex": -15000000,
      "gross_margin": null,
      "op_margin": 0.06693711967545639,
      "fcf_margin": 0.10649087221095335,
      "fcf_margin_change": 0.09240636516869984
    },
    {
      "date": "2023-06-30T00:00:00",
      "quarter_label": "2023-06 (Q2)",
      "revenue": 1040000000,
      "gross_profit": null,
      "operating_income": 79000000,
      "net_income": 53000000,
      "opex": 961000000,
      "cogs": null,
      "rd": 19000000,
      "sga": 149000000,
      "fcf": 73000000,
      "ocf": 80000000,
      "capex": -7000000,
      "gross_margin": null,
      "op_margin": 0.07596153846153846,
      "fcf_margin": 0.07019230769230769,
      "incr_op_margin_yoy": -1.3703703703703705,
      "rev_growth_yoy": -0.02530459231490159,
      "op_leverage_ratio": 1.2289120862811063,
      "fcf_margin_change": -0.03629856451864566
    },
    {
      "date": "2023-09-30T00:00:00",
      "quarter_label": "2023-09 (Q3)",
      "revenue": 1067000000,
      "gross_profit": null,
      "operating_income": 91000000,
      "net_income": -58000000,
      "opex": 976000000,
      "cogs": null,
      "rd": 17000000,
      "sga": 160000000,
      "fcf": 99000000,
      "ocf": 147000000,
      "capex": -48000000,
      "gross_margin": null,
      "op_margin": 0.08528584817244611,
      "fcf_margin": 0.09278350515463918,
      "incr_op_margin_yoy": -0.32432432432432434,
      "rev_growth_yoy": 0.035922330097087375,
      "rev_growth_yoy_accel": 0.06122692241198897,
      "op_leverage_ratio": 1.663269230769231,
      "fcf_margin_change": 0.022591197462331486
    },
    {
      "date": "2023-12-31T00:00:00",
      "quarter_label": "2023-12 (Q4)",
      "revenue": 1096000000,
      "gross_profit": null,
      "operating_income": 30000000,
      "net_income": -175000000,
      "opex": 1066000000,
      "cogs": null,
      "rd": 26000000,
      "sga": 140000000,
      "fcf": -30000000,
      "ocf": 8000000,
      "capex": -38000000,
      "gross_margin": null,
      "op_margin": 0.02737226277372263,
      "fcf_margin": -0.02737226277372263,
      "incr_op_margin_yoy": -1.935483870967742,
      "rev_growth_yoy": 0.02910798122065728,
      "rev_growth_yoy_accel": -0.0068143488764300965,
      "op_leverage_ratio": 0.2947412266999896,
      "fcf_margin_change": -0.1201557679283618
    },
    {
      "date": "2024-03-31T00:00:00",
      "quarter_label": "2024-03 (Q1)",
      "revenue": 1050000000,
      "gross_profit": null,
      "operating_income": 72000000,
      "net_income": -8000000,
      "opex": 978000000,
      "cogs": null,
      "rd": 17000000,
      "sga": 132000000,
      "fcf": 124000000,
      "ocf": 148000000,
      "capex": -24000000,
      "gross_margin": null,
      "op_margin": 0.06857142857142857,
      "fcf_margin": 0.1180952380952381,
      "incr_op_margin_yoy": 0.09375,
      "rev_growth_yoy": 0.06490872210953347,
      "rev_growth_yoy_accel": 0.03580074088887619,
      "fcf_margin_change": 0.14546750086896074
    },
    {
      "date": "2024-06-30T00:00:00",
      "quarter_label": "2024-06 (Q2)",
      "revenue": 1081000000,
      "gross_profit": null,
      "operating_income": 107000000,
      "net_income": 29000000,
      "opex": 974000000,
      "cogs": null,
      "rd": 14000000,
      "sga": 132000000,
      "fcf": -14000000,
      "ocf": 9000000,
      "capex": -23000000,
      "gross_margin": null,
      "op_margin": 0.09898242368177614,
      "fcf_margin": -0.012950971322849213,
      "incr_op_margin_yoy": 0.6829268292682927,
      "rev_growth_yoy": 0.03942307692307692,
      "rev_growth_yoy_accel": -0.025485645186456546,
      "op_leverage_ratio": Infinity,
      "fcf_margin_change": -0.1310462094180873
    },
    {
      "date": "2024-09-30T00:00:00",
      "quarter_label": "2024-09 (Q3)",
      "revenue": 1078000000,
      "gross_profit": null,
      "operating_income": 119000000,
      "net_income": 24000000,
      "opex": 959000000,
      "cogs": null,
      "rd": 16000000,
      "sga": 127000000,
      "fcf": 85000000,
      "ocf": 107000000,
      "capex": -22000000,
      "gross_margin": null,
      "op_margin": 0.11038961038961038,
      "fcf_margin": 0.07884972170686456,
      "incr_op_margin_yoy": 2.5454545454545454,
      "rev_growth_yoy": 0.010309278350515464,
      "rev_growth_yoy_accel": -0.02911379857256146,
      "fcf_margin_change": 0.09180069302971378
    },
    {
      "date": "2024-12-31T00:00:00",
      "quarter_label": "2024-12 (Q4)",
      "revenue": 1108000000,
      "gross_profit": null,
      "operating_income": 149000000,
      "net_income": 41000000,
      "opex": 959000000,
      "cogs": null,
      "rd": 19000000,
      "sga": 130000000,
      "fcf": 62000000,
      "ocf": 80000000,
      "capex": -18000000,
      "gross_margin": null,
      "op_margin": 0.13447653429602888,
      "fcf_margin": 0.05595667870036101,
      "incr_op_margin_yoy": 9.916666666666666,
      "rev_growth_yoy": 0.010948905109489052,
      "rev_growth_yoy_accel": 0.0006396267589735879,
      "op_leverage_ratio": Infinity,
      "fcf_margin_change": -0.022893043006503556
    },
    {
      "date": "2025-03-31T00:00:00",
      "quarter_label": "2025-03 (Q1)",
      "revenue": 980000000,
      "gross_profit": null,
      "operating_income": 96000000,
      "net_income": 17000000,
      "opex": 884000000,
      "cogs": null,
      "rd": 17000000,
      "sga": 122000000,
      "fcf": 94000000,
      "ocf": 123000000,
      "capex": -29000000,
      "gross_margin": null,
      "op_margin": 0.09795918367346938,
      "fcf_margin": 0.09591836734693877,
      "incr_op_margin_yoy": -0.34285714285714286,
      "rev_growth_yoy": -0.06666666666666667,
      "rev_growth_yoy_accel": -0.07761557177615572,
      "fcf_margin_change": 0.039961688646577766
    },
    {
      "date": "2025-06-30T00:00:00",
      "quarter_label": "2025-06 (Q2)",
      "revenue": 1104000000,
      "gross_profit": null,
      "operating_income": 120000000,
      "net_income": 45000000,
      "opex": 984000000,
      "cogs": null,
      "rd": 17000000,
      "sga": 116000000,
      "fcf": -44000000,
      "ocf": -23000000,
      "capex": -21000000,
      "gross_margin": null,
      "op_margin": 0.10869565217391304,
      "fcf_margin": -0.03985507246376811,
      "incr_op_margin_yoy": 0.5652173913043478,
      "rev_growth_yoy": 0.02127659574468085,
      "rev_growth_yoy_accel": 0.08794326241134752,
      "op_leverage_ratio": 1.118530612244898,
      "fcf_margin_change": -0.1357734398107069
    },
    {
      "date": "2025-09-30T00:00:00",
      "quarter_label": "2025-09 (Q3)",
      "revenue": 1121000000,
      "gross_profit": null,
      "operating_income": 110000000,
      "net_income": 26000000,
      "opex": 1011000000,
      "cogs": null,
      "rd": 18000000,
      "sga": 143000000,
      "fcf": -5000000,
      "ocf": 25000000,
      "capex": -30000000,
      "gross_margin": null,
      "op_margin": 0.09812667261373774,
      "fcf_margin": -0.0044603033006244425,
      "incr_op_margin_yoy": -0.20930232558139536,
      "rev_growth_yoy": 0.039888682745825604,
      "rev_growth_yoy_accel": 0.018612087001144754,
      "op_leverage_ratio": 0.5611916264090178,
      "fcf_margin_change": 0.03539476916314367
    }
  ],
  "signals": [
    {
      "quarter": "2025-06 (Q2)",
      "signal": "YoY REVENUE GROWTH ACCELERATION",
      "detail": "YoY growth: +2.1% vs prior quarter YoY: -6.7% (accel: +8.8%)",
      "severity": "MEDIUM"
    },
    {
      "quarter": "2025-06 (Q2)",
      "signal": "INCREMENTAL MARGIN (YoY)",
      "detail": "YoY Incr OPM: +56.5% vs year-ago OPM: +9.9%",
      "severity": "HIGH"
    },
    {
      "quarter": "2025-03 (Q1)",
      "signal": "YoY REVENUE GROWTH DECELERATION",
      "detail": "YoY growth: -6.7% vs prior quarter YoY: +1.1% (decel: -7.8%)",
      "severity": "WARNING"
    },
    {
      "quarter": "2024-12 (Q4)",
      "signal": "INCREMENTAL MARGIN (YoY)",
      "detail": "YoY Incr OPM: +991.7% vs year-ago OPM: +2.7%",
      "severity": "HIGH"
    },
    {
      "quarter": "2024-09 (Q3)",
      "signal": "FCF TURNED POSITIVE",
      "detail": "FCF margin: -1.3% -> +7.9%",
      "severity": "HIGH"
    },
    {
      "quarter": "2024-09 (Q3)",
      "signal": "INCREMENTAL MARGIN (YoY)",
      "detail": "YoY Incr OPM: +254.5% vs year-ago OPM: +8.5%",
      "severity": "HIGH"
    },
    {
      "quarter": "2024-06 (Q2)",
      "signal": "INCREMENTAL MARGIN (YoY)",
      "detail": "YoY Incr OPM: +68.3% vs year-ago OPM: +7.6%",
      "severity": "HIGH"
    },
    {
      "quarter": "2024-03 (Q1)",
      "signal": "FCF TURNED POSITIVE",
      "detail": "FCF margin: -2.7% -> +11.8%",
      "severity": "HIGH"
    },
    {
      "quarter": "2023-09 (Q3)",
      "signal": "OPERATING LEVERAGE",
      "detail": "Rev growth +2.6% vs OpEx growth +1.6% (leverage: 1.7x)",
      "severity": "MEDIUM"
    },
    {
      "quarter": "2023-09 (Q3)",
      "signal": "YoY REVENUE GROWTH ACCELERATION",
      "detail": "YoY growth: +3.6% vs prior quarter YoY: -2.5% (accel: +6.1%)",
      "severity": "MEDIUM"
    },
    {
      "quarter": "2023-03 (Q1)",
      "signal": "FCF MARGIN EXPANSION",
      "detail": "FCF margin: +1.4% -> +10.6% (+9.2%)",
      "severity": "MEDIUM"
    }
  ],
  "data_quality": {
    "n_quarters": 14,
    "coverage": {
      "revenue": [
        14,
        14
      ],
      "gross_profit": [
        0,
        14
      ],
      "op_income": [
        14,
        14
      ],
      "fcf": [
        13,
        14
      ]
    },
    "gaps": [],
    "warnings": [
      "gross_profit: no data"
    ]
  },
  "market_cap": null,
  "source": "SEC EDGAR",
  "last_updated": "2026-02-02T21:27:01.735056",
  "sector": "Technology",
  "industry": "Software - Application"
}