{
  "ticker": "NAVI",
  "name": "Navient Corporation",
  "quarters": [
    {
      "date": "2020-03-31T00:00:00",
      "quarter_label": "2020-03 (Q1)",
      "revenue": 88000000,
      "gross_profit": null,
      "operating_income": null,
      "net_income": null,
      "opex": null,
      "cogs": null,
      "rd": null,
      "sga": null,
      "fcf": null,
      "ocf": null,
      "capex": null,
      "gross_margin": null,
      "op_margin": null,
      "fcf_margin": null
    },
    {
      "date": "2020-06-30T00:00:00",
      "quarter_label": "2020-06 (Q2)",
      "revenue": 85000000,
      "gross_profit": null,
      "operating_income": null,
      "net_income": null,
      "opex": null,
      "cogs": null,
      "rd": null,
      "sga": null,
      "fcf": null,
      "ocf": null,
      "capex": null,
      "gross_margin": null,
      "op_margin": null,
      "fcf_margin": null
    },
    {
      "date": "2020-09-30T00:00:00",
      "quarter_label": "2020-09 (Q3)",
      "revenue": 108000000,
      "gross_profit": null,
      "operating_income": null,
      "net_income": null,
      "opex": null,
      "cogs": null,
      "rd": null,
      "sga": null,
      "fcf": null,
      "ocf": null,
      "capex": null,
      "gross_margin": null,
      "op_margin": null,
      "fcf_margin": null
    },
    {
      "date": "2020-12-31T00:00:00",
      "quarter_label": "2020-12 (Q4)",
      "revenue": 107000000,
      "gross_profit": null,
      "operating_income": null,
      "net_income": 185000000,
      "opex": 269000000,
      "cogs": null,
      "rd": null,
      "sga": null,
      "fcf": 171000000,
      "ocf": 171000000,
      "capex": null,
      "gross_margin": null,
      "op_margin": null,
      "fcf_margin": 1.5981308411214954
    },
    {
      "date": "2021-03-31T00:00:00",
      "quarter_label": "2021-03 (Q1)",
      "revenue": 130000000,
      "gross_profit": null,
      "operating_income": null,
      "net_income": 370000000,
      "opex": 259000000,
      "cogs": null,
      "rd": null,
      "sga": null,
      "fcf": 179000000,
      "ocf": 179000000,
      "capex": null,
      "gross_margin": null,
      "op_margin": null,
      "fcf_margin": 1.376923076923077,
      "rev_growth_yoy": 0.4772727272727273,
      "op_leverage_ratio": Infinity,
      "fcf_margin_change": -0.22120776419841848
    },
    {
      "date": "2021-06-30T00:00:00",
      "quarter_label": "2021-06 (Q2)",
      "revenue": 134000000,
      "gross_profit": null,
      "operating_income": null,
      "net_income": 185000000,
      "opex": 252000000,
      "cogs": null,
      "rd": null,
      "sga": null,
      "fcf": 154000000,
      "ocf": 154000000,
      "capex": null,
      "gross_margin": null,
      "op_margin": null,
      "fcf_margin": 1.1492537313432836,
      "rev_growth_yoy": 0.5764705882352941,
      "rev_growth_yoy_accel": 0.09919786096256678,
      "op_leverage_ratio": Infinity,
      "fcf_margin_change": -0.22766934557979335
    },
    {
      "date": "2021-09-30T00:00:00",
      "quarter_label": "2021-09 (Q3)",
      "revenue": 127000000,
      "gross_profit": null,
      "operating_income": null,
      "net_income": 173000000,
      "opex": 248000000,
      "cogs": null,
      "rd": null,
      "sga": null,
      "fcf": 201000000,
      "ocf": 201000000,
      "capex": null,
      "gross_margin": null,
      "op_margin": null,
      "fcf_margin": 1.5826771653543308,
      "rev_growth_yoy": 0.17592592592592593,
      "rev_growth_yoy_accel": -0.40054466230936814,
      "fcf_margin_change": 0.4334234340110472
    },
    {
      "date": "2021-12-31T00:00:00",
      "quarter_label": "2021-12 (Q4)",
      "revenue": 116000000,
      "gross_profit": null,
      "operating_income": null,
      "net_income": -11000000,
      "opex": 449000000,
      "cogs": null,
      "rd": null,
      "sga": null,
      "fcf": 168000000,
      "ocf": 168000000,
      "capex": null,
      "gross_margin": null,
      "op_margin": null,
      "fcf_margin": 1.4482758620689655,
      "rev_growth_yoy": 0.08411214953271028,
      "rev_growth_yoy_accel": -0.09181377639321565,
      "fcf_margin_change": -0.13440130328536526
    },
    {
      "date": "2022-03-31T00:00:00",
      "quarter_label": "2022-03 (Q1)",
      "revenue": 95000000,
      "gross_profit": null,
      "operating_income": null,
      "net_income": 255000000,
      "opex": 205000000,
      "cogs": null,
      "rd": null,
      "sga": null,
      "fcf": -109000000,
      "ocf": -109000000,
      "capex": null,
      "gross_margin": null,
      "op_margin": null,
      "fcf_margin": -1.1473684210526316,
      "rev_growth_yoy": -0.2692307692307692,
      "rev_growth_yoy_accel": -0.3533429187634795,
      "fcf_margin_change": -2.5956442831215973
    },
    {
      "date": "2022-06-30T00:00:00",
      "quarter_label": "2022-06 (Q2)",
      "revenue": 87000000,
      "gross_profit": null,
      "operating_income": null,
      "net_income": 180000000,
      "opex": 190000000,
      "cogs": null,
      "rd": null,
      "sga": null,
      "fcf": 139000000,
      "ocf": 139000000,
      "capex": null,
      "gross_margin": null,
      "op_margin": null,
      "fcf_margin": 1.5977011494252873,
      "rev_growth_yoy": -0.35074626865671643,
      "rev_growth_yoy_accel": -0.08151549942594721,
      "fcf_margin_change": 2.745069570477919
    },
    {
      "date": "2022-09-30T00:00:00",
      "quarter_label": "2022-09 (Q3)",
      "revenue": 79000000,
      "gross_profit": null,
      "operating_income": null,
      "net_income": 105000000,
      "opex": 194000000,
      "cogs": null,
      "rd": null,
      "sga": null,
      "fcf": 68000000,
      "ocf": 68000000,
      "capex": null,
      "gross_margin": null,
      "op_margin": null,
      "fcf_margin": 0.8607594936708861,
      "rev_growth_yoy": -0.3779527559055118,
      "rev_growth_yoy_accel": -0.027206487248795375,
      "fcf_margin_change": -0.7369416557544012
    },
    {
      "date": "2022-12-31T00:00:00",
      "quarter_label": "2022-12 (Q4)",
      "revenue": 71000000,
      "gross_profit": null,
      "operating_income": null,
      "net_income": 105000000,
      "opex": 188000000,
      "cogs": null,
      "rd": null,
      "sga": null,
      "fcf": 207000000,
      "ocf": 207000000,
      "capex": null,
      "gross_margin": null,
      "op_margin": null,
      "fcf_margin": 2.915492957746479,
      "rev_growth_yoy": -0.3879310344827586,
      "rev_growth_yoy_accel": -0.009978278577246813,
      "fcf_margin_change": 2.0547334640755928
    },
    {
      "date": "2023-03-31T00:00:00",
      "quarter_label": "2023-03 (Q1)",
      "revenue": 72000000,
      "gross_profit": null,
      "operating_income": null,
      "net_income": 111000000,
      "opex": 185000000,
      "cogs": null,
      "rd": null,
      "sga": null,
      "fcf": 145000000,
      "ocf": 145000000,
      "capex": null,
      "gross_margin": null,
      "op_margin": null,
      "fcf_margin": 2.013888888888889,
      "rev_growth_yoy": -0.24210526315789474,
      "rev_growth_yoy_accel": 0.14582577132486388,
      "op_leverage_ratio": Infinity,
      "fcf_margin_change": -0.9016040688575901
    },
    {
      "date": "2023-06-30T00:00:00",
      "quarter_label": "2023-06 (Q2)",
      "revenue": 83000000,
      "gross_profit": null,
      "operating_income": null,
      "net_income": 66000000,
      "opex": 182000000,
      "cogs": null,
      "rd": null,
      "sga": null,
      "fcf": 99000000,
      "ocf": 99000000,
      "capex": null,
      "gross_margin": null,
      "op_margin": null,
      "fcf_margin": 1.1927710843373494,
      "rev_growth_yoy": -0.04597701149425287,
      "rev_growth_yoy_accel": 0.19612825166364187,
      "op_leverage_ratio": Infinity,
      "fcf_margin_change": -0.8211178045515395
    },
    {
      "date": "2023-09-30T00:00:00",
      "quarter_label": "2023-09 (Q3)",
      "revenue": 85000000,
      "gross_profit": null,
      "operating_income": null,
      "net_income": 79000000,
      "opex": 233000000,
      "cogs": null,
      "rd": null,
      "sga": null,
      "fcf": 122000000,
      "ocf": 122000000,
      "capex": null,
      "gross_margin": null,
      "op_margin": null,
      "fcf_margin": 1.4352941176470588,
      "rev_growth_yoy": 0.0759493670886076,
      "rev_growth_yoy_accel": 0.12192637858286047,
      "op_leverage_ratio": 0.08599102291519017,
      "fcf_margin_change": 0.24252303330970948
    },
    {
      "date": "2023-12-31T00:00:00",
      "quarter_label": "2023-12 (Q4)",
      "revenue": 81000000,
      "gross_profit": null,
      "operating_income": null,
      "net_income": -28000000,
      "opex": 199000000,
      "cogs": null,
      "rd": null,
      "sga": null,
      "fcf": 310000000,
      "ocf": 310000000,
      "capex": null,
      "gross_margin": null,
      "op_margin": null,
      "fcf_margin": 3.8271604938271606,
      "rev_growth_yoy": 0.14084507042253522,
      "rev_growth_yoy_accel": 0.06489570333392762,
      "fcf_margin_change": 2.3918663761801016
    },
    {
      "date": "2024-03-31T00:00:00",
      "quarter_label": "2024-03 (Q1)",
      "revenue": 77000000,
      "gross_profit": null,
      "operating_income": null,
      "net_income": 73000000,
      "opex": 183000000,
      "cogs": null,
      "rd": null,
      "sga": null,
      "fcf": 182000000,
      "ocf": 182000000,
      "capex": null,
      "gross_margin": null,
      "op_margin": null,
      "fcf_margin": 2.3636363636363638,
      "rev_growth_yoy": 0.06944444444444445,
      "rev_growth_yoy_accel": -0.07140062597809077,
      "fcf_margin_change": -1.4635241301907969
    },
    {
      "date": "2024-06-30T00:00:00",
      "quarter_label": "2024-06 (Q2)",
      "revenue": 81000000,
      "gross_profit": null,
      "operating_income": null,
      "net_income": 36000000,
      "opex": 166000000,
      "cogs": null,
      "rd": null,
      "sga": null,
      "fcf": 279000000,
      "ocf": 279000000,
      "capex": null,
      "gross_margin": null,
      "op_margin": null,
      "fcf_margin": 3.4444444444444446,
      "rev_growth_yoy": -0.024096385542168676,
      "rev_growth_yoy_accel": -0.09354082998661312,
      "op_leverage_ratio": Infinity,
      "fcf_margin_change": 1.0808080808080809
    },
    {
      "date": "2024-09-30T00:00:00",
      "quarter_label": "2024-09 (Q3)",
      "revenue": 70000000,
      "gross_profit": null,
      "operating_income": null,
      "net_income": -2000000,
      "opex": 184000000,
      "cogs": null,
      "rd": null,
      "sga": null,
      "fcf": -10000000,
      "ocf": -10000000,
      "capex": null,
      "gross_margin": null,
      "op_margin": null,
      "fcf_margin": -0.14285714285714285,
      "rev_growth_yoy": -0.17647058823529413,
      "rev_growth_yoy_accel": -0.15237420269312546,
      "fcf_margin_change": -3.5873015873015874
    },
    {
      "date": "2024-12-31T00:00:00",
      "quarter_label": "2024-12 (Q4)",
      "revenue": 43000000,
      "gross_profit": null,
      "operating_income": null,
      "net_income": 24000000,
      "opex": 147000000,
      "cogs": null,
      "rd": null,
      "sga": null,
      "fcf": 8000000,
      "ocf": 8000000,
      "capex": null,
      "gross_margin": null,
      "op_margin": null,
      "fcf_margin": 0.18604651162790697,
      "rev_growth_yoy": -0.4691358024691358,
      "rev_growth_yoy_accel": -0.2926652142338416,
      "fcf_margin_change": 0.3289036544850498
    }
  ],
  "signals": [
    {
      "quarter": "2024-12 (Q4)",
      "signal": "FCF TURNED POSITIVE",
      "detail": "FCF margin: -14.3% -> +18.6%",
      "severity": "HIGH"
    },
    {
      "quarter": "2024-12 (Q4)",
      "signal": "YoY REVENUE GROWTH DECELERATION",
      "detail": "YoY growth: -46.9% vs prior quarter YoY: -17.6% (decel: -29.3%)",
      "severity": "WARNING"
    },
    {
      "quarter": "2024-09 (Q3)",
      "signal": "YoY REVENUE GROWTH DECELERATION",
      "detail": "YoY growth: -17.6% vs prior quarter YoY: -2.4% (decel: -15.2%)",
      "severity": "WARNING"
    },
    {
      "quarter": "2024-06 (Q2)",
      "signal": "FCF MARGIN EXPANSION",
      "detail": "FCF margin: +236.4% -> +344.4% (+108.1%)",
      "severity": "MEDIUM"
    },
    {
      "quarter": "2024-06 (Q2)",
      "signal": "YoY REVENUE GROWTH DECELERATION",
      "detail": "YoY growth: -2.4% vs prior quarter YoY: +6.9% (decel: -9.4%)",
      "severity": "WARNING"
    },
    {
      "quarter": "2024-03 (Q1)",
      "signal": "YoY REVENUE GROWTH DECELERATION",
      "detail": "YoY growth: +6.9% vs prior quarter YoY: +14.1% (decel: -7.1%)",
      "severity": "WARNING"
    },
    {
      "quarter": "2023-12 (Q4)",
      "signal": "FCF MARGIN EXPANSION",
      "detail": "FCF margin: +143.5% -> +382.7% (+239.2%)",
      "severity": "MEDIUM"
    },
    {
      "quarter": "2023-12 (Q4)",
      "signal": "YoY REVENUE GROWTH ACCELERATION",
      "detail": "YoY growth: +14.1% vs prior quarter YoY: +7.6% (accel: +6.5%)",
      "severity": "MEDIUM"
    },
    {
      "quarter": "2023-09 (Q3)",
      "signal": "FCF MARGIN EXPANSION",
      "detail": "FCF margin: +119.3% -> +143.5% (+24.3%)",
      "severity": "MEDIUM"
    },
    {
      "quarter": "2023-09 (Q3)",
      "signal": "YoY REVENUE GROWTH ACCELERATION",
      "detail": "YoY growth: +7.6% vs prior quarter YoY: -4.6% (accel: +12.2%)",
      "severity": "MEDIUM"
    },
    {
      "quarter": "2023-06 (Q2)",
      "signal": "YoY REVENUE GROWTH ACCELERATION",
      "detail": "YoY growth: -4.6% vs prior quarter YoY: -24.2% (accel: +19.6%)",
      "severity": "HIGH"
    },
    {
      "quarter": "2023-03 (Q1)",
      "signal": "YoY REVENUE GROWTH ACCELERATION",
      "detail": "YoY growth: -24.2% vs prior quarter YoY: -38.8% (accel: +14.6%)",
      "severity": "MEDIUM"
    },
    {
      "quarter": "2022-12 (Q4)",
      "signal": "FCF MARGIN EXPANSION",
      "detail": "FCF margin: +86.1% -> +291.5% (+205.5%)",
      "severity": "MEDIUM"
    },
    {
      "quarter": "2022-06 (Q2)",
      "signal": "FCF TURNED POSITIVE",
      "detail": "FCF margin: -114.7% -> +159.8%",
      "severity": "HIGH"
    },
    {
      "quarter": "2022-06 (Q2)",
      "signal": "YoY REVENUE GROWTH DECELERATION",
      "detail": "YoY growth: -35.1% vs prior quarter YoY: -26.9% (decel: -8.2%)",
      "severity": "WARNING"
    },
    {
      "quarter": "2022-03 (Q1)",
      "signal": "YoY REVENUE GROWTH DECELERATION",
      "detail": "YoY growth: -26.9% vs prior quarter YoY: +8.4% (decel: -35.3%)",
      "severity": "WARNING"
    },
    {
      "quarter": "2021-12 (Q4)",
      "signal": "YoY REVENUE GROWTH DECELERATION",
      "detail": "YoY growth: +8.4% vs prior quarter YoY: +17.6% (decel: -9.2%)",
      "severity": "WARNING"
    },
    {
      "quarter": "2021-09 (Q3)",
      "signal": "FCF MARGIN EXPANSION",
      "detail": "FCF margin: +114.9% -> +158.3% (+43.3%)",
      "severity": "MEDIUM"
    },
    {
      "quarter": "2021-09 (Q3)",
      "signal": "YoY REVENUE GROWTH DECELERATION",
      "detail": "YoY growth: +17.6% vs prior quarter YoY: +57.6% (decel: -40.1%)",
      "severity": "WARNING"
    },
    {
      "quarter": "2021-06 (Q2)",
      "signal": "YoY REVENUE GROWTH ACCELERATION",
      "detail": "YoY growth: +57.6% vs prior quarter YoY: +47.7% (accel: +9.9%)",
      "severity": "MEDIUM"
    }
  ],
  "data_quality": {
    "n_quarters": 20,
    "coverage": {
      "revenue": [
        20,
        20
      ],
      "gross_profit": [
        0,
        20
      ],
      "op_income": [
        0,
        20
      ],
      "fcf": [
        17,
        20
      ]
    },
    "gaps": [],
    "warnings": [
      "gross_profit: no data",
      "op_income: no data"
    ]
  },
  "market_cap": null,
  "source": "SEC EDGAR",
  "last_updated": "2026-02-03T00:56:36.486249",
  "sector": "Financial Services",
  "industry": "Credit Services"
}