{
  "ticker": "NBHC",
  "name": "NATIONAL BANK HOLDINGS CORP",
  "quarters": [
    {
      "date": "2019-03-31T00:00:00",
      "quarter_label": "2019-03 (Q1)",
      "revenue": 17051000,
      "gross_profit": null,
      "operating_income": null,
      "net_income": null,
      "opex": null,
      "cogs": null,
      "rd": null,
      "sga": null,
      "fcf": null,
      "ocf": null,
      "capex": null,
      "gross_margin": null,
      "op_margin": null,
      "fcf_margin": null
    },
    {
      "date": "2020-03-31T00:00:00",
      "quarter_label": "2020-03 (Q1)",
      "revenue": 23532000,
      "gross_profit": null,
      "operating_income": null,
      "net_income": null,
      "opex": null,
      "cogs": null,
      "rd": null,
      "sga": null,
      "fcf": null,
      "ocf": null,
      "capex": null,
      "gross_margin": null,
      "op_margin": null,
      "fcf_margin": null,
      "rev_growth_yoy": 0.3800950090903759
    },
    {
      "date": "2022-03-31T00:00:00",
      "quarter_label": "2022-03 (Q1)",
      "revenue": 8575000,
      "gross_profit": null,
      "operating_income": null,
      "net_income": 18352000,
      "opex": null,
      "cogs": null,
      "rd": null,
      "sga": null,
      "fcf": 48761000,
      "ocf": 48761000,
      "capex": null,
      "gross_margin": null,
      "op_margin": null,
      "fcf_margin": 5.686413994169096
    },
    {
      "date": "2022-06-30T00:00:00",
      "quarter_label": "2022-06 (Q2)",
      "revenue": 8492000,
      "gross_profit": null,
      "operating_income": null,
      "net_income": 20362000,
      "opex": null,
      "cogs": null,
      "rd": null,
      "sga": null,
      "fcf": 78442000,
      "ocf": 78442000,
      "capex": null,
      "gross_margin": null,
      "op_margin": null,
      "fcf_margin": 9.237164390014131,
      "fcf_margin_change": 3.550750395845035
    },
    {
      "date": "2022-09-30T00:00:00",
      "quarter_label": "2022-09 (Q3)",
      "revenue": 9926000,
      "gross_profit": null,
      "operating_income": null,
      "net_income": 15839000,
      "opex": null,
      "cogs": null,
      "rd": null,
      "sga": null,
      "fcf": 53894000,
      "ocf": 53894000,
      "capex": null,
      "gross_margin": null,
      "op_margin": null,
      "fcf_margin": 5.429578883739674,
      "fcf_margin_change": -3.8075855062744575
    },
    {
      "date": "2022-12-31T00:00:00",
      "quarter_label": "2022-12 (Q4)",
      "revenue": 10865000,
      "gross_profit": null,
      "operating_income": null,
      "net_income": 16721000,
      "opex": null,
      "cogs": null,
      "rd": null,
      "sga": null,
      "fcf": 33537000,
      "ocf": 33537000,
      "capex": null,
      "gross_margin": null,
      "op_margin": null,
      "fcf_margin": 3.086700414173953,
      "fcf_margin_change": -2.3428784695657208
    },
    {
      "date": "2023-03-31T00:00:00",
      "quarter_label": "2023-03 (Q1)",
      "revenue": 10061000,
      "gross_profit": null,
      "operating_income": null,
      "net_income": 40283000,
      "opex": null,
      "cogs": null,
      "rd": null,
      "sga": null,
      "fcf": -18795000,
      "ocf": -18795000,
      "capex": null,
      "gross_margin": null,
      "op_margin": null,
      "fcf_margin": -1.8681045621707584,
      "rev_growth_yoy": 0.17329446064139942,
      "fcf_margin_change": -4.954804976344711
    },
    {
      "date": "2023-06-30T00:00:00",
      "quarter_label": "2023-06 (Q2)",
      "revenue": 13413000,
      "gross_profit": null,
      "operating_income": null,
      "net_income": 32557000,
      "opex": null,
      "cogs": null,
      "rd": null,
      "sga": null,
      "fcf": 92991000,
      "ocf": 92991000,
      "capex": null,
      "gross_margin": null,
      "op_margin": null,
      "fcf_margin": 6.932900917020801,
      "rev_growth_yoy": 0.5794865756005653,
      "rev_growth_yoy_accel": 0.40619211495916585,
      "fcf_margin_change": 8.80100547919156
    },
    {
      "date": "2023-09-30T00:00:00",
      "quarter_label": "2023-09 (Q3)",
      "revenue": 12979000,
      "gross_profit": null,
      "operating_income": null,
      "net_income": 36087000,
      "opex": null,
      "cogs": null,
      "rd": null,
      "sga": null,
      "fcf": 48116000,
      "ocf": 48116000,
      "capex": null,
      "gross_margin": null,
      "op_margin": null,
      "fcf_margin": 3.7072193543416287,
      "rev_growth_yoy": 0.3075760628652025,
      "rev_growth_yoy_accel": -0.27191051273536276,
      "fcf_margin_change": -3.225681562679172
    },
    {
      "date": "2023-12-31T00:00:00",
      "quarter_label": "2023-12 (Q4)",
      "revenue": 10452000,
      "gross_profit": null,
      "operating_income": null,
      "net_income": 33121000,
      "opex": null,
      "cogs": null,
      "rd": null,
      "sga": null,
      "fcf": 44623000,
      "ocf": 44623000,
      "capex": null,
      "gross_margin": null,
      "op_margin": null,
      "fcf_margin": 4.269326444699579,
      "rev_growth_yoy": -0.03801196502531063,
      "rev_growth_yoy_accel": -0.3455880278905131,
      "fcf_margin_change": 0.5621070903579501
    },
    {
      "date": "2024-03-31T00:00:00",
      "quarter_label": "2024-03 (Q1)",
      "revenue": 11006000,
      "gross_profit": null,
      "operating_income": null,
      "net_income": 31391000,
      "opex": null,
      "cogs": null,
      "rd": null,
      "sga": null,
      "fcf": 29957000,
      "ocf": 29957000,
      "capex": null,
      "gross_margin": null,
      "op_margin": null,
      "fcf_margin": 2.7218789751044885,
      "rev_growth_yoy": 0.0939270450253454,
      "rev_growth_yoy_accel": 0.13193901005065603,
      "fcf_margin_change": -1.5474474695950904
    },
    {
      "date": "2024-06-30T00:00:00",
      "quarter_label": "2024-06 (Q2)",
      "revenue": 11497000,
      "gross_profit": null,
      "operating_income": null,
      "net_income": 26135000,
      "opex": null,
      "cogs": null,
      "rd": null,
      "sga": null,
      "fcf": 31918000,
      "ocf": 31918000,
      "capex": null,
      "gross_margin": null,
      "op_margin": null,
      "fcf_margin": 2.7762024876054623,
      "rev_growth_yoy": -0.1428464922090509,
      "rev_growth_yoy_accel": -0.23677353723439631,
      "fcf_margin_change": 0.05432351250097378
    },
    {
      "date": "2024-09-30T00:00:00",
      "quarter_label": "2024-09 (Q3)",
      "revenue": 12112000,
      "gross_profit": null,
      "operating_income": null,
      "net_income": 33105000,
      "opex": null,
      "cogs": null,
      "rd": null,
      "sga": null,
      "fcf": 46966000,
      "ocf": 46966000,
      "capex": null,
      "gross_margin": null,
      "op_margin": null,
      "fcf_margin": 3.8776420079260236,
      "rev_growth_yoy": -0.06680021573310732,
      "rev_growth_yoy_accel": 0.07604627647594359,
      "fcf_margin_change": 1.1014395203205614
    },
    {
      "date": "2024-12-31T00:00:00",
      "quarter_label": "2024-12 (Q4)",
      "revenue": 11174000,
      "gross_profit": null,
      "operating_income": null,
      "net_income": 28184000,
      "opex": null,
      "cogs": null,
      "rd": null,
      "sga": null,
      "fcf": 46430000,
      "ocf": 46430000,
      "capex": null,
      "gross_margin": null,
      "op_margin": null,
      "fcf_margin": 4.155181671737963,
      "rev_growth_yoy": 0.06907768848067355,
      "rev_growth_yoy_accel": 0.13587790421378088,
      "fcf_margin_change": 0.2775396638119392
    },
    {
      "date": "2025-03-31T00:00:00",
      "quarter_label": "2025-03 (Q1)",
      "revenue": 10822000,
      "gross_profit": null,
      "operating_income": null,
      "net_income": 24231000,
      "opex": null,
      "cogs": null,
      "rd": null,
      "sga": null,
      "fcf": 39625000,
      "ocf": 39625000,
      "capex": null,
      "gross_margin": null,
      "op_margin": null,
      "fcf_margin": 3.661522823877287,
      "rev_growth_yoy": -0.01671815373432673,
      "rev_growth_yoy_accel": -0.08579584221500028,
      "fcf_margin_change": -0.4936588478606758
    },
    {
      "date": "2025-06-30T00:00:00",
      "quarter_label": "2025-06 (Q2)",
      "revenue": 11078000,
      "gross_profit": null,
      "operating_income": null,
      "net_income": 34022000,
      "opex": null,
      "cogs": null,
      "rd": null,
      "sga": null,
      "fcf": 32343000,
      "ocf": 32343000,
      "capex": null,
      "gross_margin": null,
      "op_margin": null,
      "fcf_margin": 2.9195703195522658,
      "rev_growth_yoy": -0.03644428981473428,
      "rev_growth_yoy_accel": -0.019726136080407547,
      "fcf_margin_change": -0.7419525043250212
    },
    {
      "date": "2025-09-30T00:00:00",
      "quarter_label": "2025-09 (Q3)",
      "revenue": 11276000,
      "gross_profit": null,
      "operating_income": null,
      "net_income": 35285000,
      "opex": null,
      "cogs": null,
      "rd": null,
      "sga": null,
      "fcf": 52394000,
      "ocf": 52394000,
      "capex": null,
      "gross_margin": null,
      "op_margin": null,
      "fcf_margin": 4.646505853139411,
      "rev_growth_yoy": -0.0690224570673712,
      "rev_growth_yoy_accel": -0.03257816725263692,
      "fcf_margin_change": 1.7269355335871452
    }
  ],
  "signals": [
    {
      "quarter": "2025-09 (Q3)",
      "signal": "FCF MARGIN EXPANSION",
      "detail": "FCF margin: +292.0% -> +464.7% (+172.7%)",
      "severity": "MEDIUM"
    },
    {
      "quarter": "2025-03 (Q1)",
      "signal": "YoY REVENUE GROWTH DECELERATION",
      "detail": "YoY growth: -1.7% vs prior quarter YoY: +6.9% (decel: -8.6%)",
      "severity": "WARNING"
    },
    {
      "quarter": "2024-12 (Q4)",
      "signal": "FCF MARGIN EXPANSION",
      "detail": "FCF margin: +387.8% -> +415.5% (+27.8%)",
      "severity": "MEDIUM"
    },
    {
      "quarter": "2024-12 (Q4)",
      "signal": "YoY REVENUE GROWTH ACCELERATION",
      "detail": "YoY growth: +6.9% vs prior quarter YoY: -6.7% (accel: +13.6%)",
      "severity": "MEDIUM"
    },
    {
      "quarter": "2024-09 (Q3)",
      "signal": "FCF MARGIN EXPANSION",
      "detail": "FCF margin: +277.6% -> +387.8% (+110.1%)",
      "severity": "MEDIUM"
    },
    {
      "quarter": "2024-09 (Q3)",
      "signal": "YoY REVENUE GROWTH ACCELERATION",
      "detail": "YoY growth: -6.7% vs prior quarter YoY: -14.3% (accel: +7.6%)",
      "severity": "MEDIUM"
    },
    {
      "quarter": "2024-06 (Q2)",
      "signal": "FCF MARGIN EXPANSION",
      "detail": "FCF margin: +272.2% -> +277.6% (+5.4%)",
      "severity": "MEDIUM"
    },
    {
      "quarter": "2024-06 (Q2)",
      "signal": "YoY REVENUE GROWTH DECELERATION",
      "detail": "YoY growth: -14.3% vs prior quarter YoY: +9.4% (decel: -23.7%)",
      "severity": "WARNING"
    },
    {
      "quarter": "2024-03 (Q1)",
      "signal": "YoY REVENUE GROWTH ACCELERATION",
      "detail": "YoY growth: +9.4% vs prior quarter YoY: -3.8% (accel: +13.2%)",
      "severity": "MEDIUM"
    },
    {
      "quarter": "2023-12 (Q4)",
      "signal": "FCF MARGIN EXPANSION",
      "detail": "FCF margin: +370.7% -> +426.9% (+56.2%)",
      "severity": "MEDIUM"
    },
    {
      "quarter": "2023-12 (Q4)",
      "signal": "YoY REVENUE GROWTH DECELERATION",
      "detail": "YoY growth: -3.8% vs prior quarter YoY: +30.8% (decel: -34.6%)",
      "severity": "WARNING"
    },
    {
      "quarter": "2023-09 (Q3)",
      "signal": "YoY REVENUE GROWTH DECELERATION",
      "detail": "YoY growth: +30.8% vs prior quarter YoY: +57.9% (decel: -27.2%)",
      "severity": "WARNING"
    },
    {
      "quarter": "2023-06 (Q2)",
      "signal": "FCF TURNED POSITIVE",
      "detail": "FCF margin: -186.8% -> +693.3%",
      "severity": "HIGH"
    },
    {
      "quarter": "2023-06 (Q2)",
      "signal": "YoY REVENUE GROWTH ACCELERATION",
      "detail": "YoY growth: +57.9% vs prior quarter YoY: +17.3% (accel: +40.6%)",
      "severity": "HIGH"
    },
    {
      "quarter": "2022-06 (Q2)",
      "signal": "FCF MARGIN EXPANSION",
      "detail": "FCF margin: +568.6% -> +923.7% (+355.1%)",
      "severity": "MEDIUM"
    }
  ],
  "data_quality": {
    "n_quarters": 17,
    "coverage": {
      "revenue": [
        17,
        17
      ],
      "gross_profit": [
        0,
        17
      ],
      "op_income": [
        0,
        17
      ],
      "fcf": [
        15,
        17
      ]
    },
    "gaps": [
      [
        "2019-03 (Q1)",
        "2020-03 (Q1)",
        366
      ],
      [
        "2020-03 (Q1)",
        "2022-03 (Q1)",
        730
      ]
    ],
    "warnings": [
      "gross_profit: no data",
      "op_income: no data",
      "gap: 3Q missing between 2019-03 (Q1) and 2020-03 (Q1)",
      "gap: 7Q missing between 2020-03 (Q1) and 2022-03 (Q1)"
    ]
  },
  "market_cap": null,
  "source": "SEC EDGAR",
  "last_updated": "2026-02-02T21:48:06.371969",
  "sector": "Financial Services",
  "industry": "Banks - Regional"
}