{
  "ticker": "NCRRP",
  "name": "NCR VOYIX CORPORATION",
  "quarters": [
    {
      "date": "2020-12-31T00:00:00",
      "quarter_label": "2020-12 (Q4)",
      "revenue": 1631000000,
      "gross_profit": 328000000,
      "operating_income": -63000000,
      "net_income": -197000000,
      "opex": 1694000000,
      "cogs": null,
      "rd": 65000000,
      "sga": 308000000,
      "fcf": null,
      "ocf": null,
      "capex": -8000000,
      "gross_margin": 0.20110361741263028,
      "op_margin": -0.03862660944206009,
      "fcf_margin": null
    },
    {
      "date": "2021-03-31T00:00:00",
      "quarter_label": "2021-03 (Q1)",
      "revenue": 1544000000,
      "gross_profit": null,
      "operating_income": 110000000,
      "net_income": 30000000,
      "opex": 1434000000,
      "cogs": null,
      "rd": 66000000,
      "sga": 238000000,
      "fcf": null,
      "ocf": null,
      "capex": -10000000,
      "gross_margin": null,
      "op_margin": 0.07124352331606218,
      "fcf_margin": null
    },
    {
      "date": "2021-06-30T00:00:00",
      "quarter_label": "2021-06 (Q2)",
      "revenue": 1677000000,
      "gross_profit": null,
      "operating_income": 84000000,
      "net_income": -9000000,
      "opex": 1593000000,
      "cogs": null,
      "rd": 69000000,
      "sga": 303000000,
      "fcf": null,
      "ocf": null,
      "capex": -20000000,
      "gross_margin": null,
      "op_margin": 0.05008944543828265,
      "fcf_margin": null,
      "op_leverage_ratio": 0.7768843484211556
    },
    {
      "date": "2021-09-30T00:00:00",
      "quarter_label": "2021-09 (Q3)",
      "revenue": 1901000000,
      "gross_profit": null,
      "operating_income": 157000000,
      "net_income": 12000000,
      "opex": 1744000000,
      "cogs": null,
      "rd": 69000000,
      "sga": 294000000,
      "fcf": null,
      "ocf": null,
      "capex": -38000000,
      "gross_margin": null,
      "op_margin": 0.0825881115202525,
      "fcf_margin": null,
      "op_leverage_ratio": 1.4091388359061237
    },
    {
      "date": "2021-12-31T00:00:00",
      "quarter_label": "2021-12 (Q4)",
      "revenue": 2034000000,
      "gross_profit": null,
      "operating_income": 123000000,
      "net_income": 64000000,
      "opex": 1911000000,
      "cogs": null,
      "rd": 64000000,
      "sga": 316000000,
      "fcf": null,
      "ocf": null,
      "capex": -38000000,
      "gross_margin": null,
      "op_margin": 0.06047197640117994,
      "fcf_margin": null,
      "incr_op_margin_yoy": 0.46153846153846156,
      "rev_growth_yoy": 0.24708767627222564,
      "op_leverage_ratio": 0.7306334201665056
    },
    {
      "date": "2022-03-31T00:00:00",
      "quarter_label": "2022-03 (Q1)",
      "revenue": 1866000000,
      "gross_profit": 210000000,
      "operating_income": 33000000,
      "net_income": -34000000,
      "opex": 1833000000,
      "cogs": null,
      "rd": 65000000,
      "sga": 313000000,
      "fcf": null,
      "ocf": null,
      "capex": -15000000,
      "gross_margin": 0.11254019292604502,
      "op_margin": 0.017684887459807074,
      "fcf_margin": null,
      "incr_op_margin_yoy": -0.2391304347826087,
      "rev_growth_yoy": 0.20854922279792745,
      "rev_growth_yoy_accel": -0.038538453474298184
    },
    {
      "date": "2022-06-30T00:00:00",
      "quarter_label": "2022-06 (Q2)",
      "revenue": 1997000000,
      "gross_profit": 224000000,
      "operating_income": 103000000,
      "net_income": 41000000,
      "opex": 1894000000,
      "cogs": null,
      "rd": 59000000,
      "sga": 309000000,
      "fcf": null,
      "ocf": null,
      "capex": -17000000,
      "gross_margin": 0.11216825237856785,
      "op_margin": 0.05157736604907361,
      "fcf_margin": null,
      "incr_op_margin_yoy": 0.059375,
      "rev_growth_yoy": 0.19081693500298152,
      "rev_growth_yoy_accel": -0.017732287794945928,
      "op_leverage_ratio": 2.109561962996152
    },
    {
      "date": "2022-09-30T00:00:00",
      "quarter_label": "2022-09 (Q3)",
      "revenue": 1972000000,
      "gross_profit": 281000000,
      "operating_income": 187000000,
      "net_income": 69000000,
      "opex": 1785000000,
      "cogs": null,
      "rd": 40000000,
      "sga": 264000000,
      "fcf": null,
      "ocf": null,
      "capex": -40000000,
      "gross_margin": 0.14249492900608518,
      "op_margin": 0.09482758620689655,
      "fcf_margin": null,
      "incr_op_margin_yoy": 0.4225352112676056,
      "rev_growth_yoy": 0.03734876380852183,
      "rev_growth_yoy_accel": -0.15346817119445968
    },
    {
      "date": "2022-12-31T00:00:00",
      "quarter_label": "2022-12 (Q4)",
      "revenue": 966000000,
      "gross_profit": 263000000,
      "operating_income": 58000000,
      "net_income": -16000000,
      "opex": 1843000000,
      "cogs": null,
      "rd": 53000000,
      "sga": 266000000,
      "fcf": null,
      "ocf": null,
      "capex": -20000000,
      "gross_margin": 0.2722567287784679,
      "op_margin": 0.060041407867494824,
      "fcf_margin": null,
      "incr_op_margin_yoy": 0.060861423220973786,
      "rev_growth_yoy": -0.5250737463126843,
      "rev_growth_yoy_accel": -0.5624225101212061
    },
    {
      "date": "2023-03-31T00:00:00",
      "quarter_label": "2023-03 (Q1)",
      "revenue": 1891000000,
      "gross_profit": 234000000,
      "operating_income": 110000000,
      "net_income": 9000000,
      "opex": 1781000000,
      "cogs": null,
      "rd": 64000000,
      "sga": 292000000,
      "fcf": 292000000,
      "ocf": 311000000,
      "capex": -19000000,
      "gross_margin": 0.12374405076679006,
      "op_margin": 0.05817028027498678,
      "fcf_margin": 0.15441565309360128,
      "incr_op_margin_yoy": 3.08,
      "rev_growth_yoy": 0.01339764201500536,
      "rev_growth_yoy_accel": 0.5384713883276897,
      "op_leverage_ratio": Infinity
    },
    {
      "date": "2023-06-30T00:00:00",
      "quarter_label": "2023-06 (Q2)",
      "revenue": 1986000000,
      "gross_profit": 276000000,
      "operating_income": 148000000,
      "net_income": 19000000,
      "opex": 1838000000,
      "cogs": null,
      "rd": 57000000,
      "sga": 333000000,
      "fcf": 176000000,
      "ocf": 227000000,
      "capex": -51000000,
      "gross_margin": 0.13897280966767372,
      "op_margin": 0.07452165156092648,
      "fcf_margin": 0.08862034239677745,
      "incr_op_margin_yoy": -4.090909090909091,
      "rev_growth_yoy": -0.005508262393590386,
      "rev_growth_yoy_accel": -0.018905904408595745,
      "op_leverage_ratio": 1.5697161995416886,
      "fcf_margin_change": -0.06579531069682383
    },
    {
      "date": "2023-09-30T00:00:00",
      "quarter_label": "2023-09 (Q3)",
      "revenue": 2017000000,
      "gross_profit": 271000000,
      "operating_income": 242000000,
      "net_income": -124000000,
      "opex": 1775000000,
      "cogs": null,
      "rd": 54000000,
      "sga": 331000000,
      "fcf": 147000000,
      "ocf": 189000000,
      "capex": -42000000,
      "gross_margin": 0.13435795736241943,
      "op_margin": 0.11998016856717898,
      "fcf_margin": 0.07288051561725335,
      "incr_op_margin_yoy": 1.2222222222222223,
      "rev_growth_yoy": 0.02281947261663286,
      "rev_growth_yoy_accel": 0.028327735010223246,
      "op_leverage_ratio": Infinity,
      "fcf_margin_change": -0.015739826779524096
    },
    {
      "date": "2023-12-31T00:00:00",
      "quarter_label": "2023-12 (Q4)",
      "revenue": 963000000,
      "gross_profit": 181000000,
      "operating_income": -130000000,
      "net_income": -327000000,
      "opex": -1601000000,
      "cogs": null,
      "rd": 10000000,
      "sga": -216000000,
      "fcf": -51000000,
      "ocf": -33000000,
      "capex": -18000000,
      "gross_margin": 0.18795430944963656,
      "op_margin": -0.13499480789200416,
      "fcf_margin": -0.0529595015576324,
      "incr_op_margin_yoy": 62.666666666666664,
      "rev_growth_yoy": -0.003105590062111801,
      "rev_growth_yoy_accel": -0.02592506267874466,
      "fcf_margin_change": -0.12584001717488574
    },
    {
      "date": "2024-03-31T00:00:00",
      "quarter_label": "2024-03 (Q1)",
      "revenue": 862000000,
      "gross_profit": 138000000,
      "operating_income": 4000000,
      "net_income": -40000000,
      "opex": 858000000,
      "cogs": null,
      "rd": 60000000,
      "sga": 132000000,
      "fcf": -43000000,
      "ocf": -35000000,
      "capex": -8000000,
      "gross_margin": 0.16009280742459397,
      "op_margin": 0.004640371229698376,
      "fcf_margin": -0.04988399071925754,
      "incr_op_margin_yoy": 0.10301263362487852,
      "rev_growth_yoy": -0.5441565309360127,
      "rev_growth_yoy_accel": -0.5410509408739009,
      "fcf_margin_change": 0.003075510838374859
    },
    {
      "date": "2024-06-30T00:00:00",
      "quarter_label": "2024-06 (Q2)",
      "revenue": 876000000,
      "gross_profit": 126000000,
      "operating_income": -4000000,
      "net_income": -73000000,
      "opex": 880000000,
      "cogs": null,
      "rd": 55000000,
      "sga": 140000000,
      "fcf": 49000000,
      "ocf": 62000000,
      "capex": -13000000,
      "gross_margin": 0.14383561643835616,
      "op_margin": -0.0045662100456621,
      "fcf_margin": 0.05593607305936073,
      "incr_op_margin_yoy": 0.13693693693693693,
      "rev_growth_yoy": -0.5589123867069486,
      "rev_growth_yoy_accel": -0.014755855770935966,
      "op_leverage_ratio": 0.6334106728538283,
      "fcf_margin_change": 0.10582006377861827
    },
    {
      "date": "2024-09-30T00:00:00",
      "quarter_label": "2024-09 (Q3)",
      "revenue": 711000000,
      "gross_profit": 166000000,
      "operating_income": 15000000,
      "net_income": 1082000000,
      "opex": 696000000,
      "cogs": null,
      "rd": 38000000,
      "sga": 113000000,
      "fcf": 9000000,
      "ocf": 11000000,
      "capex": -2000000,
      "gross_margin": 0.23347398030942335,
      "op_margin": 0.02109704641350211,
      "fcf_margin": 0.012658227848101266,
      "incr_op_margin_yoy": 0.17381316998468607,
      "rev_growth_yoy": -0.6474962816063461,
      "rev_growth_yoy_accel": -0.08858389489939744,
      "fcf_margin_change": -0.043277845211259464
    },
    {
      "date": "2024-12-31T00:00:00",
      "quarter_label": "2024-12 (Q4)",
      "revenue": 682000000,
      "gross_profit": 149000000,
      "operating_income": 2000000,
      "net_income": -11000000,
      "opex": 680000000,
      "cogs": null,
      "rd": 28000000,
      "sga": 119000000,
      "fcf": -177000000,
      "ocf": -170000000,
      "capex": -7000000,
      "gross_margin": 0.218475073313783,
      "op_margin": 0.002932551319648094,
      "fcf_margin": -0.2595307917888563,
      "incr_op_margin_yoy": -0.4697508896797153,
      "rev_growth_yoy": -0.29179646936656284,
      "rev_growth_yoy_accel": 0.35569981223978325,
      "fcf_margin_change": -0.2721890196369576
    },
    {
      "date": "2025-03-31T00:00:00",
      "quarter_label": "2025-03 (Q1)",
      "revenue": 617000000,
      "gross_profit": null,
      "operating_income": -20000000,
      "net_income": -17000000,
      "opex": 637000000,
      "cogs": null,
      "rd": 40000000,
      "sga": 115000000,
      "fcf": -50000000,
      "ocf": -42000000,
      "capex": -8000000,
      "gross_margin": null,
      "op_margin": -0.03241491085899514,
      "fcf_margin": -0.08103727714748785,
      "incr_op_margin_yoy": 0.09795918367346938,
      "rev_growth_yoy": -0.2842227378190255,
      "rev_growth_yoy_accel": 0.007573731547537321,
      "fcf_margin_change": 0.17849351464136845
    },
    {
      "date": "2025-06-30T00:00:00",
      "quarter_label": "2025-06 (Q2)",
      "revenue": 666000000,
      "gross_profit": null,
      "operating_income": 14000000,
      "net_income": 0,
      "opex": 652000000,
      "cogs": null,
      "rd": 32000000,
      "sga": 107000000,
      "fcf": -249000000,
      "ocf": -242000000,
      "capex": -7000000,
      "gross_margin": null,
      "op_margin": 0.021021021021021023,
      "fcf_margin": -0.3738738738738739,
      "incr_op_margin_yoy": -0.08571428571428572,
      "rev_growth_yoy": -0.23972602739726026,
      "rev_growth_yoy_accel": 0.044496710421765256,
      "op_leverage_ratio": 3.372555375472717,
      "fcf_margin_change": -0.29283659672638607
    },
    {
      "date": "2025-09-30T00:00:00",
      "quarter_label": "2025-09 (Q3)",
      "revenue": 684000000,
      "gross_profit": null,
      "operating_income": 15000000,
      "net_income": -19000000,
      "opex": 669000000,
      "cogs": null,
      "rd": 40000000,
      "sga": 111000000,
      "fcf": 10000000,
      "ocf": 14000000,
      "capex": -4000000,
      "gross_margin": null,
      "op_margin": 0.021929824561403508,
      "fcf_margin": 0.014619883040935672,
      "incr_op_margin_yoy": -0.0,
      "rev_growth_yoy": -0.0379746835443038,
      "rev_growth_yoy_accel": 0.20175134385295646,
      "op_leverage_ratio": 1.0365659777424485,
      "fcf_margin_change": 0.3884937569148096
    }
  ],
  "signals": [
    {
      "quarter": "2025-09 (Q3)",
      "signal": "FCF TURNED POSITIVE",
      "detail": "FCF margin: -37.4% -> +1.5%",
      "severity": "HIGH"
    },
    {
      "quarter": "2025-09 (Q3)",
      "signal": "YoY REVENUE GROWTH ACCELERATION",
      "detail": "YoY growth: -3.8% vs prior quarter YoY: -24.0% (accel: +20.2%)",
      "severity": "HIGH"
    },
    {
      "quarter": "2025-06 (Q2)",
      "signal": "OPERATING LEVERAGE",
      "detail": "Rev growth +7.9% vs OpEx growth +2.4% (leverage: 3.4x)",
      "severity": "MEDIUM"
    },
    {
      "quarter": "2025-06 (Q2)",
      "signal": "OP MARGIN TURNED POSITIVE (YoY)",
      "detail": "Op margin: -0.5% (year-ago) -> +2.1%",
      "severity": "HIGH"
    },
    {
      "quarter": "2025-06 (Q2)",
      "signal": "OP MARGIN TURNED POSITIVE (QoQ)",
      "detail": "Op margin: -3.2% -> +2.1%",
      "severity": "HIGH"
    },
    {
      "quarter": "2025-03 (Q1)",
      "signal": "FCF MARGIN EXPANSION",
      "detail": "FCF margin: -26.0% -> -8.1% (+17.8%)",
      "severity": "MEDIUM"
    },
    {
      "quarter": "2024-12 (Q4)",
      "signal": "YoY REVENUE GROWTH ACCELERATION",
      "detail": "YoY growth: -29.2% vs prior quarter YoY: -64.7% (accel: +35.6%)",
      "severity": "HIGH"
    },
    {
      "quarter": "2024-12 (Q4)",
      "signal": "OP MARGIN TURNED POSITIVE (YoY)",
      "detail": "Op margin: -13.5% (year-ago) -> +0.3%",
      "severity": "HIGH"
    },
    {
      "quarter": "2024-09 (Q3)",
      "signal": "GROSS MARGIN INFLECTION",
      "detail": "GM: +16.0% -> +14.4% -> +23.3% (reversal +9.0%)",
      "severity": "HIGH"
    },
    {
      "quarter": "2024-09 (Q3)",
      "signal": "YoY REVENUE GROWTH DECELERATION",
      "detail": "YoY growth: -64.7% vs prior quarter YoY: -55.9% (decel: -8.9%)",
      "severity": "WARNING"
    },
    {
      "quarter": "2024-09 (Q3)",
      "signal": "OP MARGIN TURNED POSITIVE (QoQ)",
      "detail": "Op margin: -0.5% -> +2.1%",
      "severity": "HIGH"
    },
    {
      "quarter": "2024-06 (Q2)",
      "signal": "FCF TURNED POSITIVE",
      "detail": "FCF margin: -5.0% -> +5.6%",
      "severity": "HIGH"
    },
    {
      "quarter": "2024-03 (Q1)",
      "signal": "YoY REVENUE GROWTH DECELERATION",
      "detail": "YoY growth: -54.4% vs prior quarter YoY: -0.3% (decel: -54.1%)",
      "severity": "WARNING"
    },
    {
      "quarter": "2024-03 (Q1)",
      "signal": "OP MARGIN TURNED POSITIVE (QoQ)",
      "detail": "Op margin: -13.5% -> +0.5%",
      "severity": "HIGH"
    },
    {
      "quarter": "2023-12 (Q4)",
      "signal": "GROSS MARGIN INFLECTION",
      "detail": "GM: +13.9% -> +13.4% -> +18.8% (reversal +5.4%)",
      "severity": "HIGH"
    },
    {
      "quarter": "2023-09 (Q3)",
      "signal": "INCREMENTAL MARGIN (YoY)",
      "detail": "YoY Incr OPM: +122.2% vs year-ago OPM: +9.5%",
      "severity": "HIGH"
    },
    {
      "quarter": "2023-06 (Q2)",
      "signal": "OPERATING LEVERAGE",
      "detail": "Rev growth +5.0% vs OpEx growth +3.2% (leverage: 1.6x)",
      "severity": "MEDIUM"
    },
    {
      "quarter": "2023-03 (Q1)",
      "signal": "YoY REVENUE GROWTH ACCELERATION",
      "detail": "YoY growth: +1.3% vs prior quarter YoY: -52.5% (accel: +53.8%)",
      "severity": "HIGH"
    },
    {
      "quarter": "2023-03 (Q1)",
      "signal": "INCREMENTAL MARGIN (YoY)",
      "detail": "YoY Incr OPM: +308.0% vs year-ago OPM: +1.8%",
      "severity": "HIGH"
    },
    {
      "quarter": "2022-12 (Q4)",
      "signal": "YoY REVENUE GROWTH DECELERATION",
      "detail": "YoY growth: -52.5% vs prior quarter YoY: +3.7% (decel: -56.2%)",
      "severity": "WARNING"
    },
    {
      "quarter": "2022-09 (Q3)",
      "signal": "GROSS MARGIN INFLECTION",
      "detail": "GM: +11.3% -> +11.2% -> +14.2% (reversal +3.0%)",
      "severity": "MEDIUM"
    },
    {
      "quarter": "2022-09 (Q3)",
      "signal": "YoY REVENUE GROWTH DECELERATION",
      "detail": "YoY growth: +3.7% vs prior quarter YoY: +19.1% (decel: -15.3%)",
      "severity": "WARNING"
    },
    {
      "quarter": "2022-09 (Q3)",
      "signal": "INCREMENTAL MARGIN (YoY)",
      "detail": "YoY Incr OPM: +42.3% vs year-ago OPM: +8.3%",
      "severity": "HIGH"
    },
    {
      "quarter": "2022-06 (Q2)",
      "signal": "OPERATING LEVERAGE",
      "detail": "Rev growth +7.0% vs OpEx growth +3.3% (leverage: 2.1x)",
      "severity": "MEDIUM"
    },
    {
      "quarter": "2021-12 (Q4)",
      "signal": "OP MARGIN TURNED POSITIVE (YoY)",
      "detail": "Op margin: -3.9% (year-ago) -> +6.0%",
      "severity": "HIGH"
    },
    {
      "quarter": "2021-03 (Q1)",
      "signal": "OP MARGIN TURNED POSITIVE (QoQ)",
      "detail": "Op margin: -3.9% -> +7.1%",
      "severity": "HIGH"
    }
  ],
  "data_quality": {
    "n_quarters": 20,
    "coverage": {
      "revenue": [
        20,
        20
      ],
      "gross_profit": [
        13,
        20
      ],
      "op_income": [
        20,
        20
      ],
      "fcf": [
        11,
        20
      ]
    },
    "gaps": [],
    "warnings": [
      "gross_profit: 13/20Q",
      "fcf: 11/20Q"
    ]
  },
  "market_cap": null,
  "source": "SEC EDGAR",
  "last_updated": "2026-02-03T00:52:51.244765"
}