{
  "ticker": "NDLS",
  "name": "NOODLES & COMPANY",
  "quarters": [
    {
      "date": "2020-12-29T00:00:00",
      "quarter_label": "2020-12 (Q4)",
      "revenue": 107168000,
      "gross_profit": null,
      "operating_income": -3372000,
      "net_income": -3819000,
      "opex": 110540000,
      "cogs": null,
      "rd": null,
      "sga": null,
      "fcf": -1085000,
      "ocf": 810000,
      "capex": -1895000,
      "gross_margin": null,
      "op_margin": -0.03146461630337414,
      "fcf_margin": -0.010124290833084503
    },
    {
      "date": "2021-03-30T00:00:00",
      "quarter_label": "2021-03 (Q1)",
      "revenue": 109577000,
      "gross_profit": null,
      "operating_income": -1365000,
      "net_income": -1977000,
      "opex": 110942000,
      "cogs": null,
      "rd": null,
      "sga": null,
      "fcf": 1046000,
      "ocf": 3779000,
      "capex": -2733000,
      "gross_margin": null,
      "op_margin": -0.012456993712184125,
      "fcf_margin": 0.009545798844648056,
      "op_leverage_ratio": 6.181090200683652,
      "fcf_margin_change": 0.01967008967773256
    },
    {
      "date": "2021-06-29T00:00:00",
      "quarter_label": "2021-06 (Q2)",
      "revenue": 125649000,
      "gross_profit": null,
      "operating_income": 6210000,
      "net_income": 5683000,
      "opex": 119439000,
      "cogs": null,
      "rd": null,
      "sga": null,
      "fcf": 14724000,
      "ocf": 19467000,
      "capex": -4743000,
      "gross_margin": null,
      "op_margin": 0.04942339373970346,
      "fcf_margin": 0.1171835828379056,
      "op_leverage_ratio": 1.9150534074311194,
      "fcf_margin_change": 0.10763778399325755
    },
    {
      "date": "2021-09-28T00:00:00",
      "quarter_label": "2021-09 (Q3)",
      "revenue": 125126000,
      "gross_profit": null,
      "operating_income": 5320000,
      "net_income": 4697000,
      "opex": 119806000,
      "cogs": null,
      "rd": null,
      "sga": null,
      "fcf": 1161000,
      "ocf": 6650000,
      "capex": -5489000,
      "gross_margin": null,
      "op_margin": 0.0425171427201381,
      "fcf_margin": 0.00927864712369931,
      "fcf_margin_change": -0.10790493571420628
    },
    {
      "date": "2021-12-28T00:00:00",
      "quarter_label": "2021-12 (Q4)",
      "revenue": 114800000,
      "gross_profit": null,
      "operating_income": -4348000,
      "net_income": -4738000,
      "opex": 119148000,
      "cogs": null,
      "rd": null,
      "sga": null,
      "fcf": 458000,
      "ocf": 6269000,
      "capex": -5811000,
      "gross_margin": null,
      "op_margin": -0.037874564459930316,
      "fcf_margin": 0.0039895470383275265,
      "incr_op_margin_yoy": -0.1278825995807128,
      "rev_growth_yoy": 0.07121528814571514,
      "fcf_margin_change": -0.005289100085371784
    },
    {
      "date": "2022-03-29T00:00:00",
      "quarter_label": "2022-03 (Q1)",
      "revenue": 112562000,
      "gross_profit": null,
      "operating_income": -6075000,
      "net_income": -6429000,
      "opex": 118637000,
      "cogs": null,
      "rd": null,
      "sga": null,
      "fcf": -14472000,
      "ocf": -6060000,
      "capex": -8412000,
      "gross_margin": null,
      "op_margin": -0.05397025639203284,
      "fcf_margin": -0.12856914411613155,
      "incr_op_margin_yoy": -1.5778894472361809,
      "rev_growth_yoy": 0.027241118117853198,
      "rev_growth_yoy_accel": -0.04397417002786194,
      "fcf_margin_change": -0.13255869115445906
    },
    {
      "date": "2022-06-28T00:00:00",
      "quarter_label": "2022-06 (Q2)",
      "revenue": 131067000,
      "gross_profit": null,
      "operating_income": 1878000,
      "net_income": 1345000,
      "opex": 129189000,
      "cogs": null,
      "rd": null,
      "sga": null,
      "fcf": 3791000,
      "ocf": 12103000,
      "capex": -8312000,
      "gross_margin": null,
      "op_margin": 0.014328549520474262,
      "fcf_margin": 0.028924138036271526,
      "incr_op_margin_yoy": -0.7995570321151716,
      "rev_growth_yoy": 0.04312012033521954,
      "rev_growth_yoy_accel": 0.01587900221736634,
      "op_leverage_ratio": 1.8483434035760582,
      "fcf_margin_change": 0.15749328215240307
    },
    {
      "date": "2022-09-27T00:00:00",
      "quarter_label": "2022-09 (Q3)",
      "revenue": 129381000,
      "gross_profit": null,
      "operating_income": 1529000,
      "net_income": 795000,
      "opex": 127852000,
      "cogs": null,
      "rd": null,
      "sga": null,
      "fcf": -4048000,
      "ocf": 1777000,
      "capex": -5825000,
      "gross_margin": null,
      "op_margin": 0.011817809415601982,
      "fcf_margin": -0.03128743787727719,
      "incr_op_margin_yoy": -0.890951821386604,
      "rev_growth_yoy": 0.03400572223199015,
      "rev_growth_yoy_accel": -0.009114398103229386,
      "fcf_margin_change": -0.06021157591354871
    },
    {
      "date": "2023-01-03T00:00:00",
      "quarter_label": "2023-01 (Q1)",
      "revenue": 136470000,
      "gross_profit": null,
      "operating_income": 1836000,
      "net_income": 975000,
      "opex": 134634000,
      "cogs": null,
      "rd": null,
      "sga": null,
      "fcf": -9600000,
      "ocf": 1737000,
      "capex": -11337000,
      "gross_margin": null,
      "op_margin": 0.013453506265113211,
      "fcf_margin": -0.07034513079797758,
      "incr_op_margin_yoy": 0.2853714813105676,
      "rev_growth_yoy": 0.1887630662020906,
      "rev_growth_yoy_accel": 0.15475734397010044,
      "op_leverage_ratio": 1.032914118114538,
      "fcf_margin_change": -0.03905769292070039
    },
    {
      "date": "2023-04-04T00:00:00",
      "quarter_label": "2023-04 (Q2)",
      "revenue": 126077000,
      "gross_profit": null,
      "operating_income": -2227000,
      "net_income": -3115000,
      "opex": 128304000,
      "cogs": null,
      "rd": null,
      "sga": null,
      "fcf": -3214000,
      "ocf": 7222000,
      "capex": -10436000,
      "gross_margin": null,
      "op_margin": -0.017663808624887964,
      "fcf_margin": -0.025492357844809126,
      "incr_op_margin_yoy": 0.28472068072512025,
      "rev_growth_yoy": 0.1200671629857323,
      "rev_growth_yoy_accel": -0.0686959032163583,
      "fcf_margin_change": 0.04485277295316845
    },
    {
      "date": "2023-07-04T00:00:00",
      "quarter_label": "2023-07 (Q3)",
      "revenue": 125154000,
      "gross_profit": null,
      "operating_income": -280000,
      "net_income": -1304000,
      "opex": 125434000,
      "cogs": null,
      "rd": null,
      "sga": null,
      "fcf": -10313000,
      "ocf": 3164000,
      "capex": -13477000,
      "gross_margin": null,
      "op_margin": -0.0022372437157422054,
      "fcf_margin": -0.08240248014446203,
      "incr_op_margin_yoy": 0.36495856587180786,
      "rev_growth_yoy": -0.04511433083842615,
      "rev_growth_yoy_accel": -0.16518149382415845,
      "fcf_margin_change": -0.0569101222996529
    },
    {
      "date": "2023-10-03T00:00:00",
      "quarter_label": "2023-10 (Q4)",
      "revenue": 127854000,
      "gross_profit": null,
      "operating_income": 2034000,
      "net_income": 700000,
      "opex": 125820000,
      "cogs": null,
      "rd": null,
      "sga": null,
      "fcf": 4136000,
      "ocf": 16945000,
      "capex": -12809000,
      "gross_margin": null,
      "op_margin": 0.015908770941855555,
      "fcf_margin": 0.032349398532701364,
      "incr_op_margin_yoy": -0.33071381794368043,
      "rev_growth_yoy": -0.011802351195306884,
      "rev_growth_yoy_accel": 0.033311979643119265,
      "op_leverage_ratio": 7.010467766923584,
      "fcf_margin_change": 0.11475187867716338
    },
    {
      "date": "2024-01-02T00:00:00",
      "quarter_label": "2024-01 (Q1)",
      "revenue": 124320000,
      "gross_profit": null,
      "operating_income": -4556000,
      "net_income": -6137000,
      "opex": 128876000,
      "cogs": null,
      "rd": null,
      "sga": null,
      "fcf": -15157000,
      "ocf": 164000,
      "capex": -15321000,
      "gross_margin": null,
      "op_margin": -0.03664736164736165,
      "fcf_margin": -0.12191924066924067,
      "incr_op_margin_yoy": 0.5260905349794238,
      "rev_growth_yoy": -0.08903055616619038,
      "rev_growth_yoy_accel": -0.0772282049708835,
      "fcf_margin_change": -0.15426863920194203
    },
    {
      "date": "2024-04-02T00:00:00",
      "quarter_label": "2024-04 (Q2)",
      "revenue": 121395000,
      "gross_profit": null,
      "operating_income": -4096000,
      "net_income": -6140000,
      "opex": 125491000,
      "cogs": null,
      "rd": null,
      "sga": null,
      "fcf": -1642000,
      "ocf": 7005000,
      "capex": -8647000,
      "gross_margin": null,
      "op_margin": -0.03374109312574653,
      "fcf_margin": -0.013526092507928663,
      "incr_op_margin_yoy": 0.39918838103374626,
      "rev_growth_yoy": -0.03713603591456015,
      "rev_growth_yoy_accel": 0.05189452025163023,
      "fcf_margin_change": 0.10839314816131201
    },
    {
      "date": "2024-07-02T00:00:00",
      "quarter_label": "2024-07 (Q3)",
      "revenue": 127352000,
      "gross_profit": null,
      "operating_income": -11518000,
      "net_income": -13625000,
      "opex": 138870000,
      "cogs": null,
      "rd": null,
      "sga": null,
      "fcf": -4457000,
      "ocf": 4723000,
      "capex": -9180000,
      "gross_margin": null,
      "op_margin": -0.09044223883409762,
      "fcf_margin": -0.034997487279351716,
      "incr_op_margin_yoy": -5.112829845313922,
      "rev_growth_yoy": 0.017562363168576314,
      "rev_growth_yoy_accel": 0.054698399083136465,
      "op_leverage_ratio": 0.46027324103072514,
      "fcf_margin_change": -0.021471394771423055
    },
    {
      "date": "2024-10-01T00:00:00",
      "quarter_label": "2024-10 (Q4)",
      "revenue": 122751000,
      "gross_profit": null,
      "operating_income": -4800000,
      "net_income": -6755000,
      "opex": 127551000,
      "cogs": null,
      "rd": null,
      "sga": null,
      "fcf": -1330000,
      "ocf": 5817000,
      "capex": -7147000,
      "gross_margin": null,
      "op_margin": -0.03910355109123347,
      "fcf_margin": -0.010834942281529274,
      "incr_op_margin_yoy": 1.339212228101117,
      "rev_growth_yoy": -0.03991271293819513,
      "rev_growth_yoy_accel": -0.05747507610677144,
      "fcf_margin_change": 0.024162544997822444
    },
    {
      "date": "2024-12-31T00:00:00",
      "quarter_label": "2024-12 (Q4)",
      "revenue": 121774000,
      "gross_profit": null,
      "operating_income": -7364000,
      "net_income": -9693000,
      "opex": 129138000,
      "cogs": null,
      "rd": null,
      "sga": null,
      "fcf": -13777000,
      "ocf": -9984000,
      "capex": -3793000,
      "gross_margin": null,
      "op_margin": -0.06047267889697308,
      "fcf_margin": -0.11313580895757715,
      "incr_op_margin_yoy": 1.1029065200314219,
      "rev_growth_yoy": -0.02047940797940798,
      "rev_growth_yoy_accel": 0.01943330495878715,
      "fcf_margin_change": -0.10230086667604787
    },
    {
      "date": "2025-04-01T00:00:00",
      "quarter_label": "2025-04 (Q2)",
      "revenue": 123794000,
      "gross_profit": null,
      "operating_income": -6387000,
      "net_income": -9057000,
      "opex": 130181000,
      "cogs": null,
      "rd": null,
      "sga": null,
      "fcf": 1115000,
      "ocf": 4033000,
      "capex": -2918000,
      "gross_margin": null,
      "op_margin": -0.051593776758162756,
      "fcf_margin": 0.009006898557280643,
      "incr_op_margin_yoy": -0.9549812421842434,
      "rev_growth_yoy": 0.019761934181803203,
      "rev_growth_yoy_accel": 0.04024134216121118,
      "op_leverage_ratio": 2.053839704095768,
      "fcf_margin_change": 0.12214270751485778
    },
    {
      "date": "2025-07-01T00:00:00",
      "quarter_label": "2025-07 (Q3)",
      "revenue": 126433000,
      "gross_profit": null,
      "operating_income": -14778000,
      "net_income": -17552000,
      "opex": 141211000,
      "cogs": null,
      "rd": null,
      "sga": null,
      "fcf": -4252000,
      "ocf": -852000,
      "capex": -3400000,
      "gross_margin": null,
      "op_margin": -0.11688404134996401,
      "fcf_margin": -0.03363046040195202,
      "rev_growth_yoy": -0.00721621961178466,
      "rev_growth_yoy_accel": -0.026978153793587863,
      "op_leverage_ratio": 0.2516007231971706,
      "fcf_margin_change": -0.042637358959232666
    },
    {
      "date": "2025-09-30T00:00:00",
      "quarter_label": "2025-09 (Q3)",
      "revenue": 122086000,
      "gross_profit": null,
      "operating_income": -6319000,
      "net_income": -9151000,
      "opex": 128405000,
      "cogs": null,
      "rd": null,
      "sga": null,
      "fcf": 1439000,
      "ocf": 5176000,
      "capex": -3737000,
      "gross_margin": null,
      "op_margin": -0.05175859639925954,
      "fcf_margin": 0.011786773258195042,
      "rev_growth_yoy": -0.005417471140764637,
      "rev_growth_yoy_accel": 0.0017987484710200227,
      "fcf_margin_change": 0.04541723366014706
    }
  ],
  "signals": [
    {
      "quarter": "2025-09 (Q3)",
      "signal": "FCF TURNED POSITIVE",
      "detail": "FCF margin: -3.4% -> +1.2%",
      "severity": "HIGH"
    },
    {
      "quarter": "2025-04 (Q2)",
      "signal": "FCF TURNED POSITIVE",
      "detail": "FCF margin: -11.3% -> +0.9%",
      "severity": "HIGH"
    },
    {
      "quarter": "2025-04 (Q2)",
      "signal": "OPERATING LEVERAGE",
      "detail": "Rev growth +1.7% vs OpEx growth +0.8% (leverage: 2.1x)",
      "severity": "MEDIUM"
    },
    {
      "quarter": "2024-10 (Q4)",
      "signal": "YoY REVENUE GROWTH DECELERATION",
      "detail": "YoY growth: -4.0% vs prior quarter YoY: +1.8% (decel: -5.7%)",
      "severity": "WARNING"
    },
    {
      "quarter": "2024-07 (Q3)",
      "signal": "YoY REVENUE GROWTH ACCELERATION",
      "detail": "YoY growth: +1.8% vs prior quarter YoY: -3.7% (accel: +5.5%)",
      "severity": "MEDIUM"
    },
    {
      "quarter": "2024-04 (Q2)",
      "signal": "FCF MARGIN EXPANSION",
      "detail": "FCF margin: -12.2% -> -1.4% (+10.8%)",
      "severity": "MEDIUM"
    },
    {
      "quarter": "2024-04 (Q2)",
      "signal": "YoY REVENUE GROWTH ACCELERATION",
      "detail": "YoY growth: -3.7% vs prior quarter YoY: -8.9% (accel: +5.2%)",
      "severity": "MEDIUM"
    },
    {
      "quarter": "2024-01 (Q1)",
      "signal": "YoY REVENUE GROWTH DECELERATION",
      "detail": "YoY growth: -8.9% vs prior quarter YoY: -1.2% (decel: -7.7%)",
      "severity": "WARNING"
    },
    {
      "quarter": "2023-10 (Q4)",
      "signal": "FCF TURNED POSITIVE",
      "detail": "FCF margin: -8.2% -> +3.2%",
      "severity": "HIGH"
    },
    {
      "quarter": "2023-10 (Q4)",
      "signal": "OPERATING LEVERAGE",
      "detail": "Rev growth +2.2% vs OpEx growth +0.3% (leverage: 7.0x)",
      "severity": "MEDIUM"
    },
    {
      "quarter": "2023-10 (Q4)",
      "signal": "OP MARGIN TURNED POSITIVE (QoQ)",
      "detail": "Op margin: -0.2% -> +1.6%",
      "severity": "HIGH"
    },
    {
      "quarter": "2023-07 (Q3)",
      "signal": "YoY REVENUE GROWTH DECELERATION",
      "detail": "YoY growth: -4.5% vs prior quarter YoY: +12.0% (decel: -16.5%)",
      "severity": "WARNING"
    },
    {
      "quarter": "2023-04 (Q2)",
      "signal": "YoY REVENUE GROWTH DECELERATION",
      "detail": "YoY growth: +12.0% vs prior quarter YoY: +18.9% (decel: -6.9%)",
      "severity": "WARNING"
    },
    {
      "quarter": "2023-01 (Q1)",
      "signal": "YoY REVENUE GROWTH ACCELERATION",
      "detail": "YoY growth: +18.9% vs prior quarter YoY: +3.4% (accel: +15.5%)",
      "severity": "HIGH"
    },
    {
      "quarter": "2023-01 (Q1)",
      "signal": "OP MARGIN TURNED POSITIVE (YoY)",
      "detail": "Op margin: -3.8% (year-ago) -> +1.3%",
      "severity": "HIGH"
    },
    {
      "quarter": "2022-06 (Q2)",
      "signal": "FCF TURNED POSITIVE",
      "detail": "FCF margin: -12.9% -> +2.9%",
      "severity": "HIGH"
    },
    {
      "quarter": "2022-06 (Q2)",
      "signal": "OPERATING LEVERAGE",
      "detail": "Rev growth +16.4% vs OpEx growth +8.9% (leverage: 1.8x)",
      "severity": "MEDIUM"
    },
    {
      "quarter": "2022-06 (Q2)",
      "signal": "OP MARGIN TURNED POSITIVE (QoQ)",
      "detail": "Op margin: -5.4% -> +1.4%",
      "severity": "HIGH"
    },
    {
      "quarter": "2021-06 (Q2)",
      "signal": "FCF MARGIN EXPANSION",
      "detail": "FCF margin: +1.0% -> +11.7% (+10.8%)",
      "severity": "MEDIUM"
    },
    {
      "quarter": "2021-06 (Q2)",
      "signal": "OPERATING LEVERAGE",
      "detail": "Rev growth +14.7% vs OpEx growth +7.7% (leverage: 1.9x)",
      "severity": "MEDIUM"
    },
    {
      "quarter": "2021-06 (Q2)",
      "signal": "OP MARGIN TURNED POSITIVE (QoQ)",
      "detail": "Op margin: -1.2% -> +4.9%",
      "severity": "HIGH"
    },
    {
      "quarter": "2021-03 (Q1)",
      "signal": "FCF TURNED POSITIVE",
      "detail": "FCF margin: -1.0% -> +1.0%",
      "severity": "HIGH"
    },
    {
      "quarter": "2021-03 (Q1)",
      "signal": "OPERATING LEVERAGE",
      "detail": "Rev growth +2.2% vs OpEx growth +0.4% (leverage: 6.2x)",
      "severity": "MEDIUM"
    }
  ],
  "data_quality": {
    "n_quarters": 20,
    "coverage": {
      "revenue": [
        20,
        20
      ],
      "gross_profit": [
        0,
        20
      ],
      "op_income": [
        20,
        20
      ],
      "fcf": [
        20,
        20
      ]
    },
    "gaps": [],
    "warnings": [
      "gross_profit: no data"
    ]
  },
  "market_cap": null,
  "source": "SEC EDGAR",
  "last_updated": "2026-02-02T23:48:03.559488",
  "sector": "Consumer Cyclical",
  "industry": "Restaurants"
}