{
  "ticker": "NE",
  "name": "Noble Corporation plc",
  "sector": "Energy",
  "industry": "Oil & Gas Drilling",
  "quarters": [
    {
      "date": "2021-09-30T00:00:00",
      "quarter_label": "2021-09 (Q3)",
      "revenue": 250371000,
      "gross_profit": null,
      "operating_income": -13493000,
      "net_income": -23665000,
      "opex": 263864000,
      "cogs": null,
      "rd": null,
      "sga": null,
      "fcf": null,
      "ocf": null,
      "capex": null,
      "gross_margin": null,
      "op_margin": -0.053892024236033724,
      "fcf_margin": null
    },
    {
      "date": "2022-03-31T00:00:00",
      "quarter_label": "2022-03 (Q1)",
      "revenue": 210230000,
      "gross_profit": null,
      "operating_income": -34631000,
      "net_income": -36656000,
      "opex": 244861000,
      "cogs": null,
      "rd": null,
      "sga": null,
      "fcf": -51813000,
      "ocf": -51813000,
      "capex": null,
      "gross_margin": null,
      "op_margin": -0.16472910621700043,
      "fcf_margin": -0.2464586405365552
    },
    {
      "date": "2022-06-30T00:00:00",
      "quarter_label": "2022-06 (Q2)",
      "revenue": 275153000,
      "gross_profit": null,
      "operating_income": 47599000,
      "net_income": 37057000,
      "opex": 227554000,
      "cogs": null,
      "rd": null,
      "sga": null,
      "fcf": 88112000,
      "ocf": 88112000,
      "capex": null,
      "gross_margin": null,
      "op_margin": 0.17299102681053813,
      "fcf_margin": 0.320229108895778,
      "op_leverage_ratio": null,
      "fcf_margin_change": 0.5666877494323332
    },
    {
      "date": "2022-09-30T00:00:00",
      "quarter_label": "2022-09 (Q3)",
      "revenue": 305872000,
      "gross_profit": null,
      "operating_income": 51561000,
      "net_income": 33585000,
      "opex": 254311000,
      "cogs": null,
      "rd": null,
      "sga": null,
      "fcf": 73507000,
      "ocf": 73507000,
      "capex": null,
      "gross_margin": null,
      "op_margin": 0.16857051315582988,
      "fcf_margin": 0.24031948004393994,
      "incr_op_margin_yoy": 1.1721230248103638,
      "rev_growth_yoy": 0.22167503424917423,
      "op_leverage_ratio": 0.9494670047990089,
      "fcf_margin_change": -0.07990962885183805
    },
    {
      "date": "2022-12-31T00:00:00",
      "quarter_label": "2022-12 (Q4)",
      "revenue": 622592000,
      "gross_profit": null,
      "operating_income": 164241000,
      "net_income": 134962000,
      "opex": 458351000,
      "cogs": null,
      "rd": null,
      "sga": null,
      "fcf": 171179000,
      "ocf": 171179000,
      "capex": null,
      "gross_margin": null,
      "op_margin": 0.26380197625411184,
      "fcf_margin": 0.2749457108347039,
      "op_leverage_ratio": 1.2905819793828934,
      "fcf_margin_change": 0.03462623079076399
    },
    {
      "date": "2023-03-31T00:00:00",
      "quarter_label": "2023-03 (Q1)",
      "revenue": 610054000,
      "gross_profit": null,
      "operating_income": 107105000,
      "net_income": 108063000,
      "opex": 502949000,
      "cogs": null,
      "rd": null,
      "sga": null,
      "fcf": -63080000,
      "ocf": -63080000,
      "capex": null,
      "gross_margin": null,
      "op_margin": 0.17556642526727143,
      "fcf_margin": -0.10340068256252725,
      "incr_op_margin_yoy": 0.3544959782304214,
      "rev_growth_yoy": 1.9018408409836844,
      "fcf_margin_change": -0.3783463933972312
    },
    {
      "date": "2023-06-30T00:00:00",
      "quarter_label": "2023-06 (Q2)",
      "revenue": 638535000,
      "gross_profit": null,
      "operating_income": 109144000,
      "net_income": 65816000,
      "opex": 529391000,
      "cogs": null,
      "rd": null,
      "sga": null,
      "fcf": 211160000,
      "ocf": 211160000,
      "capex": null,
      "gross_margin": null,
      "op_margin": 0.17092876662986367,
      "fcf_margin": 0.3306944803338893,
      "incr_op_margin_yoy": 0.16936722237204924,
      "rev_growth_yoy": 1.3206543268654167,
      "rev_growth_yoy_accel": -0.5811865141182677,
      "op_leverage_ratio": 0.8880074367280403,
      "fcf_margin_change": 0.4340951628964166
    },
    {
      "date": "2023-09-30T00:00:00",
      "quarter_label": "2023-09 (Q3)",
      "revenue": 697450000,
      "gross_profit": null,
      "operating_income": 200776000,
      "net_income": 158323000,
      "opex": 496674000,
      "cogs": null,
      "rd": null,
      "sga": null,
      "fcf": 138768000,
      "ocf": 138768000,
      "capex": null,
      "gross_margin": null,
      "op_margin": 0.287871532009463,
      "fcf_margin": 0.19896480034411068,
      "incr_op_margin_yoy": 0.38106073374908705,
      "rev_growth_yoy": 1.2802021760736517,
      "rev_growth_yoy_accel": -0.04045215079176501,
      "op_leverage_ratio": null,
      "fcf_margin_change": -0.13172967998977864
    },
    {
      "date": "2023-12-31T00:00:00",
      "quarter_label": "2023-12 (Q4)",
      "revenue": 642979000,
      "gross_profit": null,
      "operating_income": 157680000,
      "net_income": 149700000,
      "opex": 485299000,
      "cogs": null,
      "rd": null,
      "sga": null,
      "fcf": 287489000,
      "ocf": 287489000,
      "capex": null,
      "gross_margin": null,
      "op_margin": 0.24523351462489443,
      "fcf_margin": 0.4471203569634467,
      "incr_op_margin_yoy": -0.3218227301711875,
      "rev_growth_yoy": 0.032745361328125,
      "rev_growth_yoy_accel": -1.2474568147455267,
      "fcf_margin_change": 0.24815555661933603
    },
    {
      "date": "2024-03-31T00:00:00",
      "quarter_label": "2024-03 (Q1)",
      "revenue": 637084000,
      "gross_profit": null,
      "operating_income": 107547000,
      "net_income": 95481000,
      "opex": 529537000,
      "cogs": null,
      "rd": null,
      "sga": null,
      "fcf": 128689000,
      "ocf": 128689000,
      "capex": null,
      "gross_margin": null,
      "op_margin": 0.16881133414118074,
      "fcf_margin": 0.20199691092540387,
      "incr_op_margin_yoy": 0.016352201257861635,
      "rev_growth_yoy": 0.04430755310185656,
      "rev_growth_yoy_accel": 0.011562191773731557,
      "fcf_margin_change": -0.24512344603804284
    },
    {
      "date": "2024-06-30T00:00:00",
      "quarter_label": "2024-06 (Q2)",
      "revenue": 692844000,
      "gross_profit": null,
      "operating_income": 209959000,
      "net_income": 195008000,
      "opex": 482885000,
      "cogs": null,
      "rd": null,
      "sga": null,
      "fcf": 106791000,
      "ocf": 106791000,
      "capex": null,
      "gross_margin": null,
      "op_margin": 0.30303935662284726,
      "fcf_margin": 0.15413426399016228,
      "incr_op_margin_yoy": 1.8563221565486383,
      "rev_growth_yoy": 0.08505250299513731,
      "rev_growth_yoy_accel": 0.04074494989328075,
      "op_leverage_ratio": null,
      "fcf_margin_change": -0.04786264693524159
    },
    {
      "date": "2024-09-30T00:00:00",
      "quarter_label": "2024-09 (Q3)",
      "revenue": 800549000,
      "gross_profit": null,
      "operating_income": 115483000,
      "net_income": 61216000,
      "opex": 685066000,
      "cogs": null,
      "rd": null,
      "sga": null,
      "fcf": 283781000,
      "ocf": 283781000,
      "capex": null,
      "gross_margin": null,
      "op_margin": 0.14425475517426167,
      "fcf_margin": 0.3544829860508226,
      "incr_op_margin_yoy": -0.827292214279479,
      "rev_growth_yoy": 0.1478227829951968,
      "rev_growth_yoy_accel": 0.06277028000005949,
      "op_leverage_ratio": 0.3712819013405624,
      "fcf_margin_change": 0.20034872206066034
    },
    {
      "date": "2024-12-31T00:00:00",
      "quarter_label": "2024-12 (Q4)",
      "revenue": 927341000,
      "gross_profit": null,
      "operating_income": 170994000,
      "net_income": 96648000,
      "opex": 756347000,
      "cogs": null,
      "rd": null,
      "sga": null,
      "fcf": 136214000,
      "ocf": 136214000,
      "capex": null,
      "gross_margin": null,
      "op_margin": 0.18439171782548167,
      "fcf_margin": 0.14688663609179364,
      "incr_op_margin_yoy": 0.04682060190883451,
      "rev_growth_yoy": 0.4422570566068254,
      "rev_growth_yoy_accel": 0.2944342736116286,
      "op_leverage_ratio": 1.5221679140576734,
      "fcf_margin_change": -0.20759634995902898
    },
    {
      "date": "2025-03-31T00:00:00",
      "quarter_label": "2025-03 (Q1)",
      "revenue": 874487000,
      "gross_profit": null,
      "operating_income": 187339000,
      "net_income": 108303000,
      "opex": 687148000,
      "cogs": null,
      "rd": null,
      "sga": null,
      "fcf": 271060000,
      "ocf": 271060000,
      "capex": null,
      "gross_margin": null,
      "op_margin": 0.2142273126987594,
      "fcf_margin": 0.30996458495094836,
      "incr_op_margin_yoy": 0.33610358757050246,
      "rev_growth_yoy": 0.3726400286304475,
      "rev_growth_yoy_accel": -0.06961702797637792,
      "fcf_margin_change": 0.16307794885915472
    },
    {
      "date": "2025-06-30T00:00:00",
      "quarter_label": "2025-06 (Q2)",
      "revenue": 848652000,
      "gross_profit": null,
      "operating_income": 135253000,
      "net_income": 42872000,
      "opex": 713399000,
      "cogs": null,
      "rd": null,
      "sga": null,
      "fcf": 216357000,
      "ocf": 216357000,
      "capex": null,
      "gross_margin": null,
      "op_margin": 0.15937392476539264,
      "fcf_margin": 0.25494195500629235,
      "incr_op_margin_yoy": -0.4794747381392483,
      "rev_growth_yoy": 0.2248817915721288,
      "rev_growth_yoy_accel": -0.1477582370583187,
      "fcf_margin_change": -0.05502262994465601
    },
    {
      "date": "2025-09-30T00:00:00",
      "quarter_label": "2025-09 (Q3)",
      "revenue": 798017000,
      "gross_profit": null,
      "operating_income": 50400000,
      "net_income": -21095000,
      "opex": 747617000,
      "cogs": null,
      "rd": null,
      "sga": null,
      "fcf": 277136000,
      "ocf": 277136000,
      "capex": null,
      "gross_margin": null,
      "op_margin": 0.06315654929656887,
      "fcf_margin": 0.34728082233837126,
      "incr_op_margin_yoy": 25.704186413902054,
      "rev_growth_yoy": -0.0031628295082499636,
      "rev_growth_yoy_accel": -0.22804462108037876,
      "fcf_margin_change": 0.09233886733207891
    },
    {
      "date": "2025-12-31T00:00:00",
      "quarter_label": "2025-12 (Q4)",
      "revenue": 764412000,
      "gross_profit": null,
      "operating_income": 42560000,
      "net_income": 86637000,
      "opex": 721852000,
      "cogs": null,
      "rd": null,
      "sga": null,
      "fcf": 187125000,
      "ocf": 187125000,
      "capex": null,
      "gross_margin": null,
      "op_margin": 0.055676781630848285,
      "fcf_margin": 0.24479600006279337,
      "incr_op_margin_yoy": 0.7882820124103137,
      "rev_growth_yoy": -0.17569480913709196,
      "rev_growth_yoy_accel": -0.17253197962884198,
      "fcf_margin_change": -0.1024848222755779
    }
  ],
  "signals": [
    {
      "quarter": "2025-12 (Q4)",
      "signal": "YoY REVENUE GROWTH DECELERATION",
      "detail": "YoY growth: -17.6% vs prior quarter YoY: -0.3% (decel: -17.3%)",
      "severity": "WARNING"
    },
    {
      "quarter": "2025-12 (Q4)",
      "signal": "INCREMENTAL MARGIN (YoY)",
      "detail": "YoY Incr OPM: +78.8% vs year-ago OPM: +18.4%",
      "severity": "HIGH"
    },
    {
      "quarter": "2025-09 (Q3)",
      "signal": "FCF MARGIN EXPANSION",
      "detail": "FCF margin: +25.5% -> +34.7% (+9.2%)",
      "severity": "MEDIUM"
    },
    {
      "quarter": "2025-09 (Q3)",
      "signal": "YoY REVENUE GROWTH DECELERATION",
      "detail": "YoY growth: -0.3% vs prior quarter YoY: +22.5% (decel: -22.8%)",
      "severity": "WARNING"
    },
    {
      "quarter": "2025-09 (Q3)",
      "signal": "INCREMENTAL MARGIN (YoY)",
      "detail": "YoY Incr OPM: +2570.4% vs year-ago OPM: +14.4%",
      "severity": "HIGH"
    },
    {
      "quarter": "2025-06 (Q2)",
      "signal": "YoY REVENUE GROWTH DECELERATION",
      "detail": "YoY growth: +22.5% vs prior quarter YoY: +37.3% (decel: -14.8%)",
      "severity": "WARNING"
    },
    {
      "quarter": "2025-03 (Q1)",
      "signal": "FCF MARGIN EXPANSION",
      "detail": "FCF margin: +14.7% -> +31.0% (+16.3%)",
      "severity": "MEDIUM"
    },
    {
      "quarter": "2025-03 (Q1)",
      "signal": "YoY REVENUE GROWTH DECELERATION",
      "detail": "YoY growth: +37.3% vs prior quarter YoY: +44.2% (decel: -7.0%)",
      "severity": "WARNING"
    },
    {
      "quarter": "2025-03 (Q1)",
      "signal": "INCREMENTAL MARGIN (YoY)",
      "detail": "YoY Incr OPM: +33.6% vs year-ago OPM: +16.9%",
      "severity": "MEDIUM"
    },
    {
      "quarter": "2024-12 (Q4)",
      "signal": "OPERATING LEVERAGE",
      "detail": "Rev growth +15.8% vs OpEx growth +10.4% (leverage: 1.5x)",
      "severity": "MEDIUM"
    },
    {
      "quarter": "2024-12 (Q4)",
      "signal": "YoY REVENUE GROWTH ACCELERATION",
      "detail": "YoY growth: +44.2% vs prior quarter YoY: +14.8% (accel: +29.4%)",
      "severity": "HIGH"
    },
    {
      "quarter": "2024-09 (Q3)",
      "signal": "FCF MARGIN EXPANSION",
      "detail": "FCF margin: +15.4% -> +35.4% (+20.0%)",
      "severity": "MEDIUM"
    },
    {
      "quarter": "2024-09 (Q3)",
      "signal": "YoY REVENUE GROWTH ACCELERATION",
      "detail": "YoY growth: +14.8% vs prior quarter YoY: +8.5% (accel: +6.3%)",
      "severity": "MEDIUM"
    },
    {
      "quarter": "2024-06 (Q2)",
      "signal": "INCREMENTAL MARGIN (YoY)",
      "detail": "YoY Incr OPM: +185.6% vs year-ago OPM: +17.1%",
      "severity": "HIGH"
    },
    {
      "quarter": "2023-12 (Q4)",
      "signal": "FCF MARGIN EXPANSION",
      "detail": "FCF margin: +19.9% -> +44.7% (+24.8%)",
      "severity": "MEDIUM"
    },
    {
      "quarter": "2023-12 (Q4)",
      "signal": "YoY REVENUE GROWTH DECELERATION",
      "detail": "YoY growth: +3.3% vs prior quarter YoY: +128.0% (decel: -124.7%)",
      "severity": "WARNING"
    },
    {
      "quarter": "2023-09 (Q3)",
      "signal": "INCREMENTAL MARGIN (YoY)",
      "detail": "YoY Incr OPM: +38.1% vs year-ago OPM: +16.9%",
      "severity": "HIGH"
    },
    {
      "quarter": "2023-06 (Q2)",
      "signal": "FCF TURNED POSITIVE",
      "detail": "FCF margin: -10.3% -> +33.1%",
      "severity": "HIGH"
    },
    {
      "quarter": "2023-06 (Q2)",
      "signal": "YoY REVENUE GROWTH DECELERATION",
      "detail": "YoY growth: +132.1% vs prior quarter YoY: +190.2% (decel: -58.1%)",
      "severity": "WARNING"
    },
    {
      "quarter": "2023-03 (Q1)",
      "signal": "OP MARGIN TURNED POSITIVE (YoY)",
      "detail": "Op margin: -16.5% (year-ago) -> +17.6%",
      "severity": "HIGH"
    },
    {
      "quarter": "2022-09 (Q3)",
      "signal": "OP MARGIN TURNED POSITIVE (YoY)",
      "detail": "Op margin: -5.4% (year-ago) -> +16.9%",
      "severity": "HIGH"
    },
    {
      "quarter": "2022-06 (Q2)",
      "signal": "FCF TURNED POSITIVE",
      "detail": "FCF margin: -24.6% -> +32.0%",
      "severity": "HIGH"
    },
    {
      "quarter": "2022-06 (Q2)",
      "signal": "OP MARGIN TURNED POSITIVE (QoQ)",
      "detail": "Op margin: -16.5% -> +17.3%",
      "severity": "HIGH"
    }
  ],
  "data_quality": {
    "n_quarters": 17,
    "coverage": {
      "revenue": [
        17,
        17
      ],
      "gross_profit": [
        0,
        17
      ],
      "op_income": [
        17,
        17
      ],
      "fcf": [
        16,
        17
      ]
    },
    "gaps": [
      [
        "2021-09 (Q3)",
        "2022-03 (Q1)",
        182
      ]
    ],
    "warnings": [
      "gross_profit: no data",
      "gap: 1Q missing between 2021-09 (Q3) and 2022-03 (Q1)"
    ]
  },
  "market_cap": null,
  "source": "SEC EDGAR",
  "last_updated": "2026-02-24T10:54:23.851355"
}