{
  "ticker": "NEE-PU",
  "name": "NEXTERA ENERGY, INC.",
  "quarters": [
    {
      "date": "2020-12-31T00:00:00",
      "quarter_label": "2020-12 (Q4)",
      "revenue": 4100000000,
      "gross_profit": null,
      "operating_income": 940000000,
      "net_income": -5000000,
      "opex": 3808000000,
      "cogs": null,
      "rd": null,
      "sga": null,
      "fcf": 1352000000,
      "ocf": 1352000000,
      "capex": null,
      "gross_margin": null,
      "op_margin": 0.22926829268292684,
      "fcf_margin": 0.3297560975609756
    },
    {
      "date": "2021-03-31T00:00:00",
      "quarter_label": "2021-03 (Q1)",
      "revenue": 4000000000,
      "gross_profit": null,
      "operating_income": 669000000,
      "net_income": 1666000000,
      "opex": 3071000000,
      "cogs": null,
      "rd": null,
      "sga": null,
      "fcf": 1292000000,
      "ocf": 1292000000,
      "capex": null,
      "gross_margin": null,
      "op_margin": 0.16725,
      "fcf_margin": 0.323,
      "fcf_margin_change": -0.006756097560975616
    },
    {
      "date": "2021-06-30T00:00:00",
      "quarter_label": "2021-06 (Q2)",
      "revenue": 4700000000,
      "gross_profit": null,
      "operating_income": 510000000,
      "net_income": 256000000,
      "opex": 3410000000,
      "cogs": null,
      "rd": null,
      "sga": null,
      "fcf": 2203000000,
      "ocf": 2203000000,
      "capex": null,
      "gross_margin": null,
      "op_margin": 0.10851063829787234,
      "fcf_margin": 0.46872340425531916,
      "op_leverage_ratio": 1.5853244837758111,
      "fcf_margin_change": 0.14572340425531916
    },
    {
      "date": "2021-09-30T00:00:00",
      "quarter_label": "2021-09 (Q3)",
      "revenue": 5400000000,
      "gross_profit": null,
      "operating_income": 379000000,
      "net_income": 447000000,
      "opex": 4004000000,
      "cogs": null,
      "rd": null,
      "sga": null,
      "fcf": 2741000000,
      "ocf": 2741000000,
      "capex": null,
      "gross_margin": null,
      "op_margin": 0.07018518518518518,
      "fcf_margin": 0.5075925925925926,
      "op_leverage_ratio": 0.855003940110323,
      "fcf_margin_change": 0.03886918833727343
    },
    {
      "date": "2021-12-31T00:00:00",
      "quarter_label": "2021-12 (Q4)",
      "revenue": 4700000000,
      "gross_profit": null,
      "operating_income": 1355000000,
      "net_income": 1204000000,
      "opex": 3748000000,
      "cogs": null,
      "rd": null,
      "sga": null,
      "fcf": 1317000000,
      "ocf": 1317000000,
      "capex": null,
      "gross_margin": null,
      "op_margin": 0.28829787234042553,
      "fcf_margin": 0.2802127659574468,
      "incr_op_margin_yoy": 0.6916666666666667,
      "rev_growth_yoy": 0.14634146341463414,
      "fcf_margin_change": -0.22737982663514578
    },
    {
      "date": "2022-03-31T00:00:00",
      "quarter_label": "2022-03 (Q1)",
      "revenue": 5000000000,
      "gross_profit": null,
      "operating_income": -775000000,
      "net_income": -451000000,
      "opex": 3688000000,
      "cogs": null,
      "rd": null,
      "sga": null,
      "fcf": 1962000000,
      "ocf": 1962000000,
      "capex": null,
      "gross_margin": null,
      "op_margin": -0.155,
      "fcf_margin": 0.3924,
      "incr_op_margin_yoy": -1.444,
      "rev_growth_yoy": 0.25,
      "rev_growth_yoy_accel": 0.10365853658536586,
      "op_leverage_ratio": Infinity,
      "fcf_margin_change": 0.11218723404255321
    },
    {
      "date": "2022-06-30T00:00:00",
      "quarter_label": "2022-06 (Q2)",
      "revenue": 5900000000,
      "gross_profit": null,
      "operating_income": 948000000,
      "net_income": 1380000000,
      "opex": 4236000000,
      "cogs": null,
      "rd": null,
      "sga": null,
      "fcf": 2831000000,
      "ocf": 2831000000,
      "capex": null,
      "gross_margin": null,
      "op_margin": 0.1606779661016949,
      "fcf_margin": 0.47983050847457626,
      "incr_op_margin_yoy": 0.365,
      "rev_growth_yoy": 0.2553191489361702,
      "rev_growth_yoy_accel": 0.005319148936170193,
      "op_leverage_ratio": 1.2113868613138685,
      "fcf_margin_change": 0.08743050847457623
    },
    {
      "date": "2022-09-30T00:00:00",
      "quarter_label": "2022-09 (Q3)",
      "revenue": 6400000000,
      "gross_profit": null,
      "operating_income": 1862000000,
      "net_income": 1696000000,
      "opex": 5028000000,
      "cogs": null,
      "rd": null,
      "sga": null,
      "fcf": 2474000000,
      "ocf": 2474000000,
      "capex": null,
      "gross_margin": null,
      "op_margin": 0.2909375,
      "fcf_margin": 0.3865625,
      "incr_op_margin_yoy": 1.483,
      "rev_growth_yoy": 0.18518518518518517,
      "rev_growth_yoy_accel": -0.07013396375098502,
      "op_leverage_ratio": 0.453261427837699,
      "fcf_margin_change": -0.09326800847457628
    },
    {
      "date": "2022-12-31T00:00:00",
      "quarter_label": "2022-12 (Q4)",
      "revenue": 5600000000,
      "gross_profit": null,
      "operating_income": 2046000000,
      "net_income": 1522000000,
      "opex": 4444000000,
      "cogs": null,
      "rd": null,
      "sga": null,
      "fcf": 995000000,
      "ocf": 995000000,
      "capex": null,
      "gross_margin": null,
      "op_margin": 0.3653571428571429,
      "fcf_margin": 0.17767857142857144,
      "incr_op_margin_yoy": 0.7677777777777778,
      "rev_growth_yoy": 0.19148936170212766,
      "rev_growth_yoy_accel": 0.0063041765169424835,
      "fcf_margin_change": -0.20888392857142854
    },
    {
      "date": "2023-03-31T00:00:00",
      "quarter_label": "2023-03 (Q1)",
      "revenue": 5700000000,
      "gross_profit": null,
      "operating_income": 2942000000,
      "net_income": 2086000000,
      "opex": 3772000000,
      "cogs": null,
      "rd": null,
      "sga": null,
      "fcf": 1673000000,
      "ocf": 1673000000,
      "capex": null,
      "gross_margin": null,
      "op_margin": 0.516140350877193,
      "fcf_margin": 0.29350877192982455,
      "incr_op_margin_yoy": 5.31,
      "rev_growth_yoy": 0.14,
      "rev_growth_yoy_accel": -0.051489361702127645,
      "op_leverage_ratio": Infinity,
      "fcf_margin_change": 0.11583020050125312
    },
    {
      "date": "2023-06-30T00:00:00",
      "quarter_label": "2023-06 (Q2)",
      "revenue": 6300000000,
      "gross_profit": null,
      "operating_income": 2799000000,
      "net_income": 2795000000,
      "opex": 4556000000,
      "cogs": null,
      "rd": null,
      "sga": null,
      "fcf": 3086000000,
      "ocf": 3086000000,
      "capex": null,
      "gross_margin": null,
      "op_margin": 0.4442857142857143,
      "fcf_margin": 0.48984126984126986,
      "incr_op_margin_yoy": 4.6275,
      "rev_growth_yoy": 0.06779661016949153,
      "rev_growth_yoy_accel": -0.07220338983050849,
      "op_leverage_ratio": 0.5064446831364124,
      "fcf_margin_change": 0.1963324979114453
    },
    {
      "date": "2023-09-30T00:00:00",
      "quarter_label": "2023-09 (Q3)",
      "revenue": 7200000000,
      "gross_profit": null,
      "operating_income": 1836000000,
      "net_income": 1219000000,
      "opex": 5343000000,
      "cogs": null,
      "rd": null,
      "sga": null,
      "fcf": 3664000000,
      "ocf": 3664000000,
      "capex": null,
      "gross_margin": null,
      "op_margin": 0.255,
      "fcf_margin": 0.5088888888888888,
      "incr_op_margin_yoy": -0.0325,
      "rev_growth_yoy": 0.125,
      "rev_growth_yoy_accel": 0.057203389830508475,
      "op_leverage_ratio": 0.8270103467053911,
      "fcf_margin_change": 0.01904761904761898
    },
    {
      "date": "2023-12-31T00:00:00",
      "quarter_label": "2023-12 (Q4)",
      "revenue": 5600000000,
      "gross_profit": null,
      "operating_income": 2660000000,
      "net_income": 1210000000,
      "opex": 4612000000,
      "cogs": null,
      "rd": null,
      "sga": null,
      "fcf": 2878000000,
      "ocf": 2878000000,
      "capex": null,
      "gross_margin": null,
      "op_margin": 0.475,
      "fcf_margin": 0.5139285714285714,
      "rev_growth_yoy": 0.0,
      "rev_growth_yoy_accel": -0.125,
      "fcf_margin_change": 0.005039682539682566
    },
    {
      "date": "2024-03-31T00:00:00",
      "quarter_label": "2024-03 (Q1)",
      "revenue": 5400000000,
      "gross_profit": null,
      "operating_income": 2013000000,
      "net_income": 2268000000,
      "opex": 3776000000,
      "cogs": null,
      "rd": null,
      "sga": null,
      "fcf": 3077000000,
      "ocf": 3077000000,
      "capex": null,
      "gross_margin": null,
      "op_margin": 0.37277777777777776,
      "fcf_margin": 0.5698148148148148,
      "incr_op_margin_yoy": 3.0966666666666667,
      "rev_growth_yoy": -0.05263157894736842,
      "rev_growth_yoy_accel": -0.05263157894736842,
      "fcf_margin_change": 0.05588624338624337
    },
    {
      "date": "2024-06-30T00:00:00",
      "quarter_label": "2024-06 (Q2)",
      "revenue": 6000000000,
      "gross_profit": null,
      "operating_income": 1670000000,
      "net_income": 1622000000,
      "opex": 4428000000,
      "cogs": null,
      "rd": null,
      "sga": null,
      "fcf": 3933000000,
      "ocf": 3933000000,
      "capex": null,
      "gross_margin": null,
      "op_margin": 0.2783333333333333,
      "fcf_margin": 0.6555,
      "incr_op_margin_yoy": 3.763333333333333,
      "rev_growth_yoy": -0.047619047619047616,
      "rev_growth_yoy_accel": 0.005012531328320802,
      "op_leverage_ratio": 0.6434901158827538,
      "fcf_margin_change": 0.0856851851851852
    },
    {
      "date": "2024-09-30T00:00:00",
      "quarter_label": "2024-09 (Q3)",
      "revenue": 6700000000,
      "gross_profit": null,
      "operating_income": 2856000000,
      "net_income": 1852000000,
      "opex": 4942000000,
      "cogs": null,
      "rd": null,
      "sga": null,
      "fcf": 4269000000,
      "ocf": 4269000000,
      "capex": null,
      "gross_margin": null,
      "op_margin": 0.4262686567164179,
      "fcf_margin": 0.6371641791044776,
      "incr_op_margin_yoy": -2.04,
      "rev_growth_yoy": -0.06944444444444445,
      "rev_growth_yoy_accel": -0.02182539682539683,
      "op_leverage_ratio": 1.0050583657587548,
      "fcf_margin_change": -0.018335820895522326
    },
    {
      "date": "2024-12-31T00:00:00",
      "quarter_label": "2024-12 (Q4)",
      "revenue": 5300000000,
      "gross_profit": null,
      "operating_income": 941000000,
      "net_income": 1203000000,
      "opex": 4478000000,
      "cogs": null,
      "rd": null,
      "sga": null,
      "fcf": 1981000000,
      "ocf": 1981000000,
      "capex": null,
      "gross_margin": null,
      "op_margin": 0.17754716981132077,
      "fcf_margin": 0.37377358490566037,
      "incr_op_margin_yoy": 5.73,
      "rev_growth_yoy": -0.05357142857142857,
      "rev_growth_yoy_accel": 0.01587301587301588,
      "fcf_margin_change": -0.2633905941988173
    },
    {
      "date": "2025-03-31T00:00:00",
      "quarter_label": "2025-03 (Q1)",
      "revenue": 6000000000,
      "gross_profit": null,
      "operating_income": 2256000000,
      "net_income": 833000000,
      "opex": 4027000000,
      "cogs": null,
      "rd": null,
      "sga": null,
      "fcf": 2769000000,
      "ocf": 2769000000,
      "capex": null,
      "gross_margin": null,
      "op_margin": 0.376,
      "fcf_margin": 0.4615,
      "incr_op_margin_yoy": 0.405,
      "rev_growth_yoy": 0.1111111111111111,
      "rev_growth_yoy_accel": 0.16468253968253968,
      "op_leverage_ratio": Infinity,
      "fcf_margin_change": 0.08772641509433965
    },
    {
      "date": "2025-06-30T00:00:00",
      "quarter_label": "2025-06 (Q2)",
      "revenue": 6400000000,
      "gross_profit": null,
      "operating_income": 1911000000,
      "net_income": 2028000000,
      "opex": 4807000000,
      "cogs": null,
      "rd": null,
      "sga": null,
      "fcf": 3189000000,
      "ocf": 3189000000,
      "capex": null,
      "gross_margin": null,
      "op_margin": 0.29859375,
      "fcf_margin": 0.49828125,
      "incr_op_margin_yoy": 0.6025,
      "rev_growth_yoy": 0.06666666666666667,
      "rev_growth_yoy_accel": -0.04444444444444444,
      "op_leverage_ratio": 0.3441880341880342,
      "fcf_margin_change": 0.03678124999999999
    },
    {
      "date": "2025-09-30T00:00:00",
      "quarter_label": "2025-09 (Q3)",
      "revenue": 7400000000,
      "gross_profit": null,
      "operating_income": 2527000000,
      "net_income": 2438000000,
      "opex": 5582000000,
      "cogs": null,
      "rd": null,
      "sga": null,
      "fcf": 4028000000,
      "ocf": 4028000000,
      "capex": null,
      "gross_margin": null,
      "op_margin": 0.3414864864864865,
      "fcf_margin": 0.5443243243243243,
      "incr_op_margin_yoy": -0.47,
      "rev_growth_yoy": 0.1044776119402985,
      "rev_growth_yoy_accel": 0.03781094527363184,
      "op_leverage_ratio": 0.9691532258064517,
      "fcf_margin_change": 0.04604307432432431
    }
  ],
  "signals": [
    {
      "quarter": "2025-06 (Q2)",
      "signal": "INCREMENTAL MARGIN (YoY)",
      "detail": "YoY Incr OPM: +60.2% vs year-ago OPM: +27.8%",
      "severity": "HIGH"
    },
    {
      "quarter": "2025-03 (Q1)",
      "signal": "FCF MARGIN EXPANSION",
      "detail": "FCF margin: +37.4% -> +46.2% (+8.8%)",
      "severity": "MEDIUM"
    },
    {
      "quarter": "2025-03 (Q1)",
      "signal": "YoY REVENUE GROWTH ACCELERATION",
      "detail": "YoY growth: +11.1% vs prior quarter YoY: -5.4% (accel: +16.5%)",
      "severity": "HIGH"
    },
    {
      "quarter": "2024-12 (Q4)",
      "signal": "INCREMENTAL MARGIN (YoY)",
      "detail": "YoY Incr OPM: +573.0% vs year-ago OPM: +47.5%",
      "severity": "HIGH"
    },
    {
      "quarter": "2024-06 (Q2)",
      "signal": "FCF MARGIN EXPANSION",
      "detail": "FCF margin: +57.0% -> +65.5% (+8.6%)",
      "severity": "MEDIUM"
    },
    {
      "quarter": "2024-06 (Q2)",
      "signal": "INCREMENTAL MARGIN (YoY)",
      "detail": "YoY Incr OPM: +376.3% vs year-ago OPM: +44.4%",
      "severity": "HIGH"
    },
    {
      "quarter": "2024-03 (Q1)",
      "signal": "FCF MARGIN EXPANSION",
      "detail": "FCF margin: +51.4% -> +57.0% (+5.6%)",
      "severity": "MEDIUM"
    },
    {
      "quarter": "2024-03 (Q1)",
      "signal": "YoY REVENUE GROWTH DECELERATION",
      "detail": "YoY growth: -5.3% vs prior quarter YoY: +0.0% (decel: -5.3%)",
      "severity": "WARNING"
    },
    {
      "quarter": "2024-03 (Q1)",
      "signal": "INCREMENTAL MARGIN (YoY)",
      "detail": "YoY Incr OPM: +309.7% vs year-ago OPM: +51.6%",
      "severity": "HIGH"
    },
    {
      "quarter": "2023-12 (Q4)",
      "signal": "YoY REVENUE GROWTH DECELERATION",
      "detail": "YoY growth: +0.0% vs prior quarter YoY: +12.5% (decel: -12.5%)",
      "severity": "WARNING"
    },
    {
      "quarter": "2023-09 (Q3)",
      "signal": "YoY REVENUE GROWTH ACCELERATION",
      "detail": "YoY growth: +12.5% vs prior quarter YoY: +6.8% (accel: +5.7%)",
      "severity": "MEDIUM"
    },
    {
      "quarter": "2023-06 (Q2)",
      "signal": "FCF MARGIN EXPANSION",
      "detail": "FCF margin: +29.4% -> +49.0% (+19.6%)",
      "severity": "MEDIUM"
    },
    {
      "quarter": "2023-06 (Q2)",
      "signal": "YoY REVENUE GROWTH DECELERATION",
      "detail": "YoY growth: +6.8% vs prior quarter YoY: +14.0% (decel: -7.2%)",
      "severity": "WARNING"
    },
    {
      "quarter": "2023-06 (Q2)",
      "signal": "INCREMENTAL MARGIN (YoY)",
      "detail": "YoY Incr OPM: +462.8% vs year-ago OPM: +16.1%",
      "severity": "HIGH"
    },
    {
      "quarter": "2023-03 (Q1)",
      "signal": "FCF MARGIN EXPANSION",
      "detail": "FCF margin: +17.8% -> +29.4% (+11.6%)",
      "severity": "MEDIUM"
    },
    {
      "quarter": "2023-03 (Q1)",
      "signal": "YoY REVENUE GROWTH DECELERATION",
      "detail": "YoY growth: +14.0% vs prior quarter YoY: +19.1% (decel: -5.1%)",
      "severity": "WARNING"
    },
    {
      "quarter": "2023-03 (Q1)",
      "signal": "OP MARGIN TURNED POSITIVE (YoY)",
      "detail": "Op margin: -15.5% (year-ago) -> +51.6%",
      "severity": "HIGH"
    },
    {
      "quarter": "2022-12 (Q4)",
      "signal": "INCREMENTAL MARGIN (YoY)",
      "detail": "YoY Incr OPM: +76.8% vs year-ago OPM: +28.8%",
      "severity": "HIGH"
    },
    {
      "quarter": "2022-09 (Q3)",
      "signal": "YoY REVENUE GROWTH DECELERATION",
      "detail": "YoY growth: +18.5% vs prior quarter YoY: +25.5% (decel: -7.0%)",
      "severity": "WARNING"
    },
    {
      "quarter": "2022-09 (Q3)",
      "signal": "INCREMENTAL MARGIN (YoY)",
      "detail": "YoY Incr OPM: +148.3% vs year-ago OPM: +7.0%",
      "severity": "HIGH"
    },
    {
      "quarter": "2022-06 (Q2)",
      "signal": "FCF MARGIN EXPANSION",
      "detail": "FCF margin: +39.2% -> +48.0% (+8.7%)",
      "severity": "MEDIUM"
    },
    {
      "quarter": "2022-06 (Q2)",
      "signal": "INCREMENTAL MARGIN (YoY)",
      "detail": "YoY Incr OPM: +36.5% vs year-ago OPM: +10.9%",
      "severity": "HIGH"
    },
    {
      "quarter": "2022-06 (Q2)",
      "signal": "OP MARGIN TURNED POSITIVE (QoQ)",
      "detail": "Op margin: -15.5% -> +16.1%",
      "severity": "HIGH"
    },
    {
      "quarter": "2022-03 (Q1)",
      "signal": "FCF MARGIN EXPANSION",
      "detail": "FCF margin: +28.0% -> +39.2% (+11.2%)",
      "severity": "MEDIUM"
    },
    {
      "quarter": "2022-03 (Q1)",
      "signal": "YoY REVENUE GROWTH ACCELERATION",
      "detail": "YoY growth: +25.0% vs prior quarter YoY: +14.6% (accel: +10.4%)",
      "severity": "MEDIUM"
    },
    {
      "quarter": "2021-12 (Q4)",
      "signal": "INCREMENTAL MARGIN (YoY)",
      "detail": "YoY Incr OPM: +69.2% vs year-ago OPM: +22.9%",
      "severity": "HIGH"
    },
    {
      "quarter": "2021-06 (Q2)",
      "signal": "FCF MARGIN EXPANSION",
      "detail": "FCF margin: +32.3% -> +46.9% (+14.6%)",
      "severity": "MEDIUM"
    },
    {
      "quarter": "2021-06 (Q2)",
      "signal": "OPERATING LEVERAGE",
      "detail": "Rev growth +17.5% vs OpEx growth +11.0% (leverage: 1.6x)",
      "severity": "MEDIUM"
    }
  ],
  "data_quality": {
    "n_quarters": 20,
    "coverage": {
      "revenue": [
        20,
        20
      ],
      "gross_profit": [
        0,
        20
      ],
      "op_income": [
        20,
        20
      ],
      "fcf": [
        20,
        20
      ]
    },
    "gaps": [],
    "warnings": [
      "gross_profit: no data"
    ]
  },
  "market_cap": null,
  "source": "SEC EDGAR",
  "last_updated": "2026-02-03T01:08:04.051610",
  "sector": "Utilities",
  "industry": "Utilities - Regulated Electric"
}