{
  "ticker": "NEGG",
  "name": "Newegg Commerce, Inc.",
  "quarters": [
    {
      "date": "2010-06-30T00:00:00",
      "quarter_label": "2010-06 (Q2)",
      "revenue": 4830862,
      "gross_profit": 1919785,
      "operating_income": 1355916,
      "net_income": 1139423,
      "opex": 563869,
      "cogs": 2911077,
      "rd": null,
      "sga": null,
      "fcf": null,
      "ocf": null,
      "capex": null,
      "gross_margin": 0.3974000913294563,
      "op_margin": 0.28067785832010933,
      "fcf_margin": null
    },
    {
      "date": "2010-09-30T00:00:00",
      "quarter_label": "2010-09 (Q3)",
      "revenue": 5458818,
      "gross_profit": 2259746,
      "operating_income": 1605015,
      "net_income": 1407563,
      "opex": 654731,
      "cogs": 3199072,
      "rd": null,
      "sga": null,
      "fcf": -1073549,
      "ocf": -1073549,
      "capex": null,
      "gross_margin": 0.4139625098327147,
      "op_margin": 0.29402244222100826,
      "fcf_margin": -0.19666327032701952,
      "op_leverage_ratio": 0.8066785515574992
    },
    {
      "date": "2010-12-31T00:00:00",
      "quarter_label": "2010-12 (Q4)",
      "revenue": 6667691,
      "gross_profit": 2462738,
      "operating_income": 1519956,
      "net_income": 1472513,
      "opex": 942782,
      "cogs": 4204953,
      "rd": null,
      "sga": null,
      "fcf": 718067,
      "ocf": 718067,
      "capex": null,
      "gross_margin": 0.36935394876577216,
      "op_margin": 0.2279583741958048,
      "fcf_margin": 0.10769350289328045,
      "op_leverage_ratio": 0.503356382564082,
      "fcf_margin_change": 0.30435677322029997
    },
    {
      "date": "2011-03-31T00:00:00",
      "quarter_label": "2011-03 (Q1)",
      "revenue": 2952706,
      "gross_profit": 997459,
      "operating_income": 298368,
      "net_income": 205414,
      "opex": 699091,
      "cogs": 1955247,
      "rd": null,
      "sga": null,
      "fcf": -2113734,
      "ocf": -2113734,
      "capex": null,
      "gross_margin": 0.33781182413691035,
      "op_margin": 0.1010490038628973,
      "fcf_margin": -0.7158633470450495,
      "fcf_margin_change": -0.8235568499383299
    },
    {
      "date": "2011-06-30T00:00:00",
      "quarter_label": "2011-06 (Q2)",
      "revenue": 7712784,
      "gross_profit": 2841537,
      "operating_income": 1925024,
      "net_income": 1738077,
      "opex": 916513,
      "cogs": 4871247,
      "rd": null,
      "sga": null,
      "fcf": -1242597,
      "ocf": -1242597,
      "capex": null,
      "gross_margin": 0.3684191078085423,
      "op_margin": 0.24958873475518048,
      "fcf_margin": -0.16110875139249328,
      "incr_op_margin_yoy": 0.19747515720411588,
      "rev_growth_yoy": 0.5965647538679433,
      "op_leverage_ratio": 5.183511751360411,
      "fcf_margin_change": 0.5547545956525562
    },
    {
      "date": "2011-09-30T00:00:00",
      "quarter_label": "2011-09 (Q3)",
      "revenue": 5689043,
      "gross_profit": 2417031,
      "operating_income": 1658477,
      "net_income": 1379255,
      "opex": 758554,
      "cogs": 3272012,
      "rd": null,
      "sga": null,
      "fcf": -698520,
      "ocf": -698520,
      "capex": null,
      "gross_margin": 0.4248572211530129,
      "op_margin": 0.2915212628907885,
      "fcf_margin": -0.12278339256708026,
      "rev_growth_yoy": 0.04217488108231489,
      "rev_growth_yoy_accel": -0.5543898727856283,
      "fcf_margin_change": 0.03832535882541302
    },
    {
      "date": "2011-12-31T00:00:00",
      "quarter_label": "2011-12 (Q4)",
      "revenue": 5284750,
      "gross_profit": 1686513,
      "operating_income": -269682,
      "net_income": -219626,
      "opex": 1956195,
      "cogs": 3598237,
      "rd": null,
      "sga": null,
      "fcf": 893099,
      "ocf": 893099,
      "capex": null,
      "gross_margin": 0.31912824636927006,
      "op_margin": -0.0510302284876295,
      "fcf_margin": 0.16899550593689389,
      "incr_op_margin_yoy": 1.2940812370158958,
      "rev_growth_yoy": -0.20740928156388772,
      "rev_growth_yoy_accel": -0.2495841626462026,
      "fcf_margin_change": 0.29177889850397415
    },
    {
      "date": "2012-03-31T00:00:00",
      "quarter_label": "2012-03 (Q1)",
      "revenue": 3315931,
      "gross_profit": 1241275,
      "operating_income": 454820,
      "net_income": 126021,
      "opex": 786455,
      "cogs": 2074656,
      "rd": null,
      "sga": null,
      "fcf": -1590597,
      "ocf": -1590597,
      "capex": null,
      "gross_margin": 0.37433680013245146,
      "op_margin": 0.1371620820819251,
      "fcf_margin": -0.4796833830378256,
      "rev_growth_yoy": 0.12301427910533592,
      "rev_growth_yoy_accel": 0.3304235606692236,
      "fcf_margin_change": -0.6486788889747195
    },
    {
      "date": "2012-06-30T00:00:00",
      "quarter_label": "2012-06 (Q2)",
      "revenue": 6983128,
      "gross_profit": 2740468,
      "operating_income": 1928212,
      "net_income": 1690380,
      "opex": 812256,
      "cogs": 4242660,
      "rd": null,
      "sga": null,
      "fcf": 823398,
      "ocf": 823398,
      "capex": null,
      "gross_margin": 0.39244132428905787,
      "op_margin": 0.2761243958294907,
      "fcf_margin": 0.1179124885008552,
      "rev_growth_yoy": -0.09460345317592195,
      "rev_growth_yoy_accel": -0.21761773228125786,
      "op_leverage_ratio": 33.710569920186664,
      "fcf_margin_change": 0.5975958715386808
    },
    {
      "date": "2012-09-30T00:00:00",
      "quarter_label": "2012-09 (Q3)",
      "revenue": 5529120,
      "gross_profit": 2067378,
      "operating_income": 1411658,
      "net_income": 1036555,
      "opex": 655720,
      "cogs": 3461742,
      "rd": null,
      "sga": null,
      "fcf": 2158159,
      "ocf": 2158159,
      "capex": null,
      "gross_margin": 0.3739072402118239,
      "op_margin": 0.25531332291576236,
      "fcf_margin": 0.3903259469861388,
      "rev_growth_yoy": -0.02811070332918911,
      "rev_growth_yoy_accel": 0.06649274984673284,
      "fcf_margin_change": 0.27241345848528364
    },
    {
      "date": "2012-12-31T00:00:00",
      "quarter_label": "2012-12 (Q4)",
      "revenue": 5542146,
      "gross_profit": 2066617,
      "operating_income": 592671,
      "net_income": 353195,
      "opex": 1473946,
      "cogs": 3475529,
      "rd": null,
      "sga": null,
      "fcf": 313916,
      "ocf": 313916,
      "capex": null,
      "gross_margin": 0.3728911147414738,
      "op_margin": 0.10693890056306708,
      "fcf_margin": 0.056641596955403196,
      "rev_growth_yoy": 0.04870542598987653,
      "rev_growth_yoy_accel": 0.07681612931906565,
      "fcf_margin_change": -0.3336843500307356
    }
  ],
  "signals": [
    {
      "quarter": "2012-12 (Q4)",
      "signal": "YoY REVENUE GROWTH ACCELERATION",
      "detail": "YoY growth: +4.9% vs prior quarter YoY: -2.8% (accel: +7.7%)",
      "severity": "MEDIUM"
    },
    {
      "quarter": "2012-12 (Q4)",
      "signal": "OP MARGIN TURNED POSITIVE (YoY)",
      "detail": "Op margin: -5.1% (year-ago) -> +10.7%",
      "severity": "HIGH"
    },
    {
      "quarter": "2012-09 (Q3)",
      "signal": "FCF MARGIN EXPANSION",
      "detail": "FCF margin: +11.8% -> +39.0% (+27.2%)",
      "severity": "MEDIUM"
    },
    {
      "quarter": "2012-09 (Q3)",
      "signal": "YoY REVENUE GROWTH ACCELERATION",
      "detail": "YoY growth: -2.8% vs prior quarter YoY: -9.5% (accel: +6.6%)",
      "severity": "MEDIUM"
    },
    {
      "quarter": "2012-06 (Q2)",
      "signal": "FCF TURNED POSITIVE",
      "detail": "FCF margin: -48.0% -> +11.8%",
      "severity": "HIGH"
    },
    {
      "quarter": "2012-06 (Q2)",
      "signal": "OPERATING LEVERAGE",
      "detail": "Rev growth +110.6% vs OpEx growth +3.3% (leverage: 33.7x)",
      "severity": "MEDIUM"
    },
    {
      "quarter": "2012-06 (Q2)",
      "signal": "YoY REVENUE GROWTH DECELERATION",
      "detail": "YoY growth: -9.5% vs prior quarter YoY: +12.3% (decel: -21.8%)",
      "severity": "WARNING"
    },
    {
      "quarter": "2012-03 (Q1)",
      "signal": "GROSS MARGIN INFLECTION",
      "detail": "GM: +42.5% -> +31.9% -> +37.4% (reversal +5.5%)",
      "severity": "HIGH"
    },
    {
      "quarter": "2012-03 (Q1)",
      "signal": "YoY REVENUE GROWTH ACCELERATION",
      "detail": "YoY growth: +12.3% vs prior quarter YoY: -20.7% (accel: +33.0%)",
      "severity": "HIGH"
    },
    {
      "quarter": "2012-03 (Q1)",
      "signal": "OP MARGIN TURNED POSITIVE (QoQ)",
      "detail": "Op margin: -5.1% -> +13.7%",
      "severity": "HIGH"
    },
    {
      "quarter": "2011-12 (Q4)",
      "signal": "FCF TURNED POSITIVE",
      "detail": "FCF margin: -12.3% -> +16.9%",
      "severity": "HIGH"
    },
    {
      "quarter": "2011-12 (Q4)",
      "signal": "YoY REVENUE GROWTH DECELERATION",
      "detail": "YoY growth: -20.7% vs prior quarter YoY: +4.2% (decel: -25.0%)",
      "severity": "WARNING"
    },
    {
      "quarter": "2011-09 (Q3)",
      "signal": "YoY REVENUE GROWTH DECELERATION",
      "detail": "YoY growth: +4.2% vs prior quarter YoY: +59.7% (decel: -55.4%)",
      "severity": "WARNING"
    },
    {
      "quarter": "2011-06 (Q2)",
      "signal": "FCF MARGIN EXPANSION",
      "detail": "FCF margin: -71.6% -> -16.1% (+55.5%)",
      "severity": "MEDIUM"
    },
    {
      "quarter": "2011-06 (Q2)",
      "signal": "OPERATING LEVERAGE",
      "detail": "Rev growth +161.2% vs OpEx growth +31.1% (leverage: 5.2x)",
      "severity": "MEDIUM"
    },
    {
      "quarter": "2011-06 (Q2)",
      "signal": "GROSS MARGIN INFLECTION",
      "detail": "GM: +36.9% -> +33.8% -> +36.8% (reversal +3.1%)",
      "severity": "MEDIUM"
    },
    {
      "quarter": "2010-12 (Q4)",
      "signal": "FCF TURNED POSITIVE",
      "detail": "FCF margin: -19.7% -> +10.8%",
      "severity": "HIGH"
    }
  ],
  "data_quality": {
    "n_quarters": 11,
    "coverage": {
      "revenue": [
        11,
        11
      ],
      "gross_profit": [
        11,
        11
      ],
      "op_income": [
        11,
        11
      ],
      "fcf": [
        10,
        11
      ]
    },
    "gaps": [],
    "warnings": []
  },
  "market_cap": null,
  "source": "SEC EDGAR",
  "last_updated": "2026-02-02T21:57:36.390950",
  "sector": "Consumer Cyclical",
  "industry": "Internet Retail"
}