{
  "ticker": "NEM",
  "name": "NEWMONT CORPORATION",
  "quarters": [
    {
      "date": "2020-12-31T00:00:00",
      "quarter_label": "2020-12 (Q4)",
      "revenue": 3381000000,
      "gross_profit": 2026000000,
      "operating_income": null,
      "net_income": 824000000,
      "opex": 2461000000,
      "cogs": 1355000000,
      "rd": 30000000,
      "sga": null,
      "fcf": 1686000000,
      "ocf": 1686000000,
      "capex": null,
      "gross_margin": 0.5992309967465247,
      "op_margin": null,
      "fcf_margin": 0.4986690328305235
    },
    {
      "date": "2021-03-31T00:00:00",
      "quarter_label": "2021-03 (Q1)",
      "revenue": 2872000000,
      "gross_profit": 1625000000,
      "operating_income": null,
      "net_income": 559000000,
      "opex": 2016000000,
      "cogs": 1247000000,
      "rd": 31000000,
      "sga": null,
      "fcf": 841000000,
      "ocf": 841000000,
      "capex": null,
      "gross_margin": 0.5658077994428969,
      "op_margin": null,
      "fcf_margin": 0.2928272980501393,
      "fcf_margin_change": -0.2058417347803842
    },
    {
      "date": "2021-06-30T00:00:00",
      "quarter_label": "2021-06 (Q2)",
      "revenue": 3065000000,
      "gross_profit": 1784000000,
      "operating_income": null,
      "net_income": 650000000,
      "opex": 2104000000,
      "cogs": 1281000000,
      "rd": 37000000,
      "sga": null,
      "fcf": 995000000,
      "ocf": 995000000,
      "capex": null,
      "gross_margin": 0.5820554649265905,
      "op_margin": null,
      "fcf_margin": 0.32463295269168024,
      "op_leverage_ratio": 1.5395036718156496,
      "fcf_margin_change": 0.03180565464154095
    },
    {
      "date": "2021-09-30T00:00:00",
      "quarter_label": "2021-09 (Q3)",
      "revenue": 2895000000,
      "gross_profit": 1528000000,
      "operating_income": null,
      "net_income": 3000000,
      "opex": 2829000000,
      "cogs": 1367000000,
      "rd": 40000000,
      "sga": null,
      "fcf": 1144000000,
      "ocf": 1144000000,
      "capex": null,
      "gross_margin": 0.5278065630397236,
      "op_margin": null,
      "fcf_margin": 0.39516407599309156,
      "fcf_margin_change": 0.07053112330141131
    },
    {
      "date": "2021-12-31T00:00:00",
      "quarter_label": "2021-12 (Q4)",
      "revenue": 3390000000,
      "gross_profit": 1850000000,
      "operating_income": null,
      "net_income": -46000000,
      "opex": 4016000000,
      "cogs": 1540000000,
      "rd": 46000000,
      "sga": null,
      "fcf": 1299000000,
      "ocf": 1299000000,
      "capex": null,
      "gross_margin": 0.5457227138643068,
      "op_margin": null,
      "fcf_margin": 0.3831858407079646,
      "rev_growth_yoy": 0.0026619343389529724,
      "op_leverage_ratio": 0.40751055257517754,
      "fcf_margin_change": -0.011978235285126981
    },
    {
      "date": "2022-03-31T00:00:00",
      "quarter_label": "2022-03 (Q1)",
      "revenue": 3023000000,
      "gross_profit": 1588000000,
      "operating_income": null,
      "net_income": 448000000,
      "opex": 2224000000,
      "cogs": 1435000000,
      "rd": 44000000,
      "sga": null,
      "fcf": 694000000,
      "ocf": 694000000,
      "capex": null,
      "gross_margin": 0.5253059874297056,
      "op_margin": null,
      "fcf_margin": 0.22957327158451868,
      "rev_growth_yoy": 0.05257660167130919,
      "rev_growth_yoy_accel": 0.049914667332356215,
      "fcf_margin_change": -0.1536125691234459
    },
    {
      "date": "2022-06-30T00:00:00",
      "quarter_label": "2022-06 (Q2)",
      "revenue": 3058000000,
      "gross_profit": 1350000000,
      "operating_income": null,
      "net_income": 387000000,
      "opex": 2518000000,
      "cogs": 1708000000,
      "rd": 45000000,
      "sga": null,
      "fcf": 1043000000,
      "ocf": 1043000000,
      "capex": null,
      "gross_margin": 0.44146500981033354,
      "op_margin": null,
      "fcf_margin": 0.3410725964682799,
      "rev_growth_yoy": -0.0022838499184339315,
      "rev_growth_yoy_accel": -0.05486045158974312,
      "op_leverage_ratio": 0.08758250240221792,
      "fcf_margin_change": 0.11149932488376124
    },
    {
      "date": "2022-09-30T00:00:00",
      "quarter_label": "2022-09 (Q3)",
      "revenue": 2634000000,
      "gross_profit": 1089000000,
      "operating_income": null,
      "net_income": 213000000,
      "opex": 2339000000,
      "cogs": 1545000000,
      "rd": 80000000,
      "sga": null,
      "fcf": 473000000,
      "ocf": 473000000,
      "capex": null,
      "gross_margin": 0.4134396355353075,
      "op_margin": null,
      "fcf_margin": 0.17957479119210326,
      "rev_growth_yoy": -0.09015544041450778,
      "rev_growth_yoy_accel": -0.08787159049607385,
      "fcf_margin_change": -0.16149780527617666
    },
    {
      "date": "2022-12-31T00:00:00",
      "quarter_label": "2022-12 (Q4)",
      "revenue": 3200000000,
      "gross_profit": 1420000000,
      "operating_income": null,
      "net_income": -1477000000,
      "opex": 4631000000,
      "cogs": 1780000000,
      "rd": 60000000,
      "sga": null,
      "fcf": 1010000000,
      "ocf": 1010000000,
      "capex": null,
      "gross_margin": 0.44375,
      "op_margin": null,
      "fcf_margin": 0.315625,
      "rev_growth_yoy": -0.05604719764011799,
      "rev_growth_yoy_accel": 0.034108242774389785,
      "op_leverage_ratio": 0.21928870814069204,
      "fcf_margin_change": 0.13605020880789673
    },
    {
      "date": "2023-03-31T00:00:00",
      "quarter_label": "2023-03 (Q1)",
      "revenue": 2679000000,
      "gross_profit": 1197000000,
      "operating_income": null,
      "net_income": 351000000,
      "opex": 2174000000,
      "cogs": 1482000000,
      "rd": 35000000,
      "sga": null,
      "fcf": 481000000,
      "ocf": 481000000,
      "capex": null,
      "gross_margin": 0.44680851063829785,
      "op_margin": null,
      "fcf_margin": 0.1795446061963419,
      "rev_growth_yoy": -0.11379424412834932,
      "rev_growth_yoy_accel": -0.05774704648823133,
      "fcf_margin_change": -0.13608039380365808
    },
    {
      "date": "2023-06-30T00:00:00",
      "quarter_label": "2023-06 (Q2)",
      "revenue": 2683000000,
      "gross_profit": 1140000000,
      "operating_income": null,
      "net_income": 155000000,
      "opex": 2317000000,
      "cogs": 1543000000,
      "rd": 44000000,
      "sga": null,
      "fcf": 663000000,
      "ocf": 663000000,
      "capex": null,
      "gross_margin": 0.4248975027953783,
      "op_margin": null,
      "fcf_margin": 0.24711144241520686,
      "rev_growth_yoy": -0.12262916939175932,
      "rev_growth_yoy_accel": -0.008834925263409996,
      "fcf_margin_change": 0.06756683621886495
    },
    {
      "date": "2023-09-30T00:00:00",
      "quarter_label": "2023-09 (Q3)",
      "revenue": 2493000000,
      "gross_profit": 1122000000,
      "operating_income": null,
      "net_income": 158000000,
      "opex": 2255000000,
      "cogs": 1371000000,
      "rd": 53000000,
      "sga": null,
      "fcf": 1003000000,
      "ocf": 1003000000,
      "capex": null,
      "gross_margin": 0.4500601684717208,
      "op_margin": null,
      "fcf_margin": 0.40232651423987165,
      "rev_growth_yoy": -0.05353075170842825,
      "rev_growth_yoy_accel": 0.06909841768333107,
      "fcf_margin_change": 0.1552150718246648
    },
    {
      "date": "2023-12-31T00:00:00",
      "quarter_label": "2023-12 (Q4)",
      "revenue": 3957000000,
      "gross_profit": 1654000000,
      "operating_income": null,
      "net_income": -3158000000,
      "opex": 6766000000,
      "cogs": 2303000000,
      "rd": 68000000,
      "sga": null,
      "fcf": 616000000,
      "ocf": 616000000,
      "capex": null,
      "gross_margin": 0.41799342936568107,
      "op_margin": null,
      "fcf_margin": 0.15567349001769018,
      "rev_growth_yoy": 0.2365625,
      "rev_growth_yoy_accel": 0.29009325170842826,
      "op_leverage_ratio": 0.293557051742218,
      "fcf_margin_change": -0.24665302422218147
    },
    {
      "date": "2024-03-31T00:00:00",
      "quarter_label": "2024-03 (Q1)",
      "revenue": 4023000000,
      "gross_profit": 1917000000,
      "operating_income": null,
      "net_income": 170000000,
      "opex": 3623000000,
      "cogs": 2106000000,
      "rd": 53000000,
      "sga": null,
      "fcf": 776000000,
      "ocf": 776000000,
      "capex": null,
      "gross_margin": 0.47651006711409394,
      "op_margin": null,
      "fcf_margin": 0.19289087745463585,
      "rev_growth_yoy": 0.5016797312430011,
      "rev_growth_yoy_accel": 0.26511723124300113,
      "op_leverage_ratio": Infinity,
      "fcf_margin_change": 0.037217387436945665
    },
    {
      "date": "2024-06-30T00:00:00",
      "quarter_label": "2024-06 (Q2)",
      "revenue": 4402000000,
      "gross_profit": 2246000000,
      "operating_income": null,
      "net_income": 853000000,
      "opex": 3363000000,
      "cogs": 2156000000,
      "rd": 49000000,
      "sga": null,
      "fcf": 1428000000,
      "ocf": 1428000000,
      "capex": null,
      "gross_margin": 0.510222626079055,
      "op_margin": null,
      "fcf_margin": 0.3243980009086779,
      "rev_growth_yoy": 0.6407007081625047,
      "rev_growth_yoy_accel": 0.13902097691950355,
      "op_leverage_ratio": Infinity,
      "fcf_margin_change": 0.13150712345404203
    },
    {
      "date": "2024-09-30T00:00:00",
      "quarter_label": "2024-09 (Q3)",
      "revenue": 4605000000,
      "gross_profit": 2295000000,
      "operating_income": null,
      "net_income": 922000000,
      "opex": 3477000000,
      "cogs": 2310000000,
      "rd": 47000000,
      "sga": null,
      "fcf": 1648000000,
      "ocf": 1648000000,
      "capex": null,
      "gross_margin": 0.498371335504886,
      "op_margin": null,
      "fcf_margin": 0.357871878393051,
      "rev_growth_yoy": 0.8471720818291215,
      "rev_growth_yoy_accel": 0.20647137366661683,
      "op_leverage_ratio": 1.3604043616537937,
      "fcf_margin_change": 0.03347387748437314
    },
    {
      "date": "2024-12-31T00:00:00",
      "quarter_label": "2024-12 (Q4)",
      "revenue": 5652000000,
      "gross_profit": 3261000000,
      "operating_income": null,
      "net_income": 1403000000,
      "opex": 3692000000,
      "cogs": 2391000000,
      "rd": 48000000,
      "sga": null,
      "fcf": 2511000000,
      "ocf": 2511000000,
      "capex": null,
      "gross_margin": 0.576963906581741,
      "op_margin": null,
      "fcf_margin": 0.4442675159235669,
      "rev_growth_yoy": 0.42835481425322214,
      "rev_growth_yoy_accel": -0.4188172675758994,
      "op_leverage_ratio": 3.6769123551246117,
      "fcf_margin_change": 0.08639563753051588
    },
    {
      "date": "2025-03-31T00:00:00",
      "quarter_label": "2025-03 (Q1)",
      "revenue": 5010000000,
      "gross_profit": 2904000000,
      "operating_income": null,
      "net_income": 1891000000,
      "opex": 2761000000,
      "cogs": 2106000000,
      "rd": 43000000,
      "sga": null,
      "fcf": 2031000000,
      "ocf": 2031000000,
      "capex": null,
      "gross_margin": 0.5796407185628742,
      "op_margin": null,
      "fcf_margin": 0.4053892215568862,
      "rev_growth_yoy": 0.2453392990305742,
      "rev_growth_yoy_accel": -0.18301551522264795,
      "fcf_margin_change": -0.038878294366680666
    },
    {
      "date": "2025-06-30T00:00:00",
      "quarter_label": "2025-06 (Q2)",
      "revenue": 5317000000,
      "gross_profit": 3316000000,
      "operating_income": null,
      "net_income": 2061000000,
      "opex": 2249000000,
      "cogs": 2001000000,
      "rd": 40000000,
      "sga": null,
      "fcf": 2384000000,
      "ocf": 2384000000,
      "capex": null,
      "gross_margin": 0.6236599586232838,
      "op_margin": null,
      "fcf_margin": 0.4483731427496709,
      "rev_growth_yoy": 0.20786006360745116,
      "rev_growth_yoy_accel": -0.037479235423123036,
      "op_leverage_ratio": Infinity,
      "fcf_margin_change": 0.04298392119278466
    },
    {
      "date": "2025-09-30T00:00:00",
      "quarter_label": "2025-09 (Q3)",
      "revenue": 5524000000,
      "gross_profit": 3573000000,
      "operating_income": null,
      "net_income": 1832000000,
      "opex": 2948000000,
      "cogs": 1951000000,
      "rd": 40000000,
      "sga": null,
      "fcf": 2298000000,
      "ocf": 2298000000,
      "capex": null,
      "gross_margin": 0.6468139029688631,
      "op_margin": null,
      "fcf_margin": 0.4160028964518465,
      "rev_growth_yoy": 0.1995656894679696,
      "rev_growth_yoy_accel": -0.008294374139481558,
      "op_leverage_ratio": 0.12526102605538475,
      "fcf_margin_change": -0.03237024629782437
    }
  ],
  "signals": [
    {
      "quarter": "2025-03 (Q1)",
      "signal": "YoY REVENUE GROWTH DECELERATION",
      "detail": "YoY growth: +24.5% vs prior quarter YoY: +42.8% (decel: -18.3%)",
      "severity": "WARNING"
    },
    {
      "quarter": "2024-12 (Q4)",
      "signal": "FCF MARGIN EXPANSION",
      "detail": "FCF margin: +35.8% -> +44.4% (+8.6%)",
      "severity": "MEDIUM"
    },
    {
      "quarter": "2024-12 (Q4)",
      "signal": "OPERATING LEVERAGE",
      "detail": "Rev growth +22.7% vs OpEx growth +6.2% (leverage: 3.7x)",
      "severity": "MEDIUM"
    },
    {
      "quarter": "2024-12 (Q4)",
      "signal": "GROSS MARGIN INFLECTION",
      "detail": "GM: +51.0% -> +49.8% -> +57.7% (reversal +7.9%)",
      "severity": "HIGH"
    },
    {
      "quarter": "2024-12 (Q4)",
      "signal": "YoY REVENUE GROWTH DECELERATION",
      "detail": "YoY growth: +42.8% vs prior quarter YoY: +84.7% (decel: -41.9%)",
      "severity": "WARNING"
    },
    {
      "quarter": "2024-09 (Q3)",
      "signal": "YoY REVENUE GROWTH ACCELERATION",
      "detail": "YoY growth: +84.7% vs prior quarter YoY: +64.1% (accel: +20.6%)",
      "severity": "HIGH"
    },
    {
      "quarter": "2024-06 (Q2)",
      "signal": "FCF MARGIN EXPANSION",
      "detail": "FCF margin: +19.3% -> +32.4% (+13.2%)",
      "severity": "MEDIUM"
    },
    {
      "quarter": "2024-06 (Q2)",
      "signal": "YoY REVENUE GROWTH ACCELERATION",
      "detail": "YoY growth: +64.1% vs prior quarter YoY: +50.2% (accel: +13.9%)",
      "severity": "MEDIUM"
    },
    {
      "quarter": "2024-03 (Q1)",
      "signal": "GROSS MARGIN INFLECTION",
      "detail": "GM: +45.0% -> +41.8% -> +47.7% (reversal +5.9%)",
      "severity": "HIGH"
    },
    {
      "quarter": "2024-03 (Q1)",
      "signal": "YoY REVENUE GROWTH ACCELERATION",
      "detail": "YoY growth: +50.2% vs prior quarter YoY: +23.7% (accel: +26.5%)",
      "severity": "HIGH"
    },
    {
      "quarter": "2023-12 (Q4)",
      "signal": "YoY REVENUE GROWTH ACCELERATION",
      "detail": "YoY growth: +23.7% vs prior quarter YoY: -5.4% (accel: +29.0%)",
      "severity": "HIGH"
    },
    {
      "quarter": "2023-09 (Q3)",
      "signal": "FCF MARGIN EXPANSION",
      "detail": "FCF margin: +24.7% -> +40.2% (+15.5%)",
      "severity": "MEDIUM"
    },
    {
      "quarter": "2023-09 (Q3)",
      "signal": "GROSS MARGIN INFLECTION",
      "detail": "GM: +44.7% -> +42.5% -> +45.0% (reversal +2.5%)",
      "severity": "MEDIUM"
    },
    {
      "quarter": "2023-09 (Q3)",
      "signal": "YoY REVENUE GROWTH ACCELERATION",
      "detail": "YoY growth: -5.4% vs prior quarter YoY: -12.3% (accel: +6.9%)",
      "severity": "MEDIUM"
    },
    {
      "quarter": "2023-06 (Q2)",
      "signal": "FCF MARGIN EXPANSION",
      "detail": "FCF margin: +18.0% -> +24.7% (+6.8%)",
      "severity": "MEDIUM"
    },
    {
      "quarter": "2023-03 (Q1)",
      "signal": "YoY REVENUE GROWTH DECELERATION",
      "detail": "YoY growth: -11.4% vs prior quarter YoY: -5.6% (decel: -5.8%)",
      "severity": "WARNING"
    },
    {
      "quarter": "2022-12 (Q4)",
      "signal": "FCF MARGIN EXPANSION",
      "detail": "FCF margin: +18.0% -> +31.6% (+13.6%)",
      "severity": "MEDIUM"
    },
    {
      "quarter": "2022-12 (Q4)",
      "signal": "GROSS MARGIN INFLECTION",
      "detail": "GM: +44.1% -> +41.3% -> +44.4% (reversal +3.0%)",
      "severity": "MEDIUM"
    },
    {
      "quarter": "2022-09 (Q3)",
      "signal": "YoY REVENUE GROWTH DECELERATION",
      "detail": "YoY growth: -9.0% vs prior quarter YoY: -0.2% (decel: -8.8%)",
      "severity": "WARNING"
    },
    {
      "quarter": "2022-06 (Q2)",
      "signal": "FCF MARGIN EXPANSION",
      "detail": "FCF margin: +23.0% -> +34.1% (+11.1%)",
      "severity": "MEDIUM"
    },
    {
      "quarter": "2022-06 (Q2)",
      "signal": "YoY REVENUE GROWTH DECELERATION",
      "detail": "YoY growth: -0.2% vs prior quarter YoY: +5.3% (decel: -5.5%)",
      "severity": "WARNING"
    },
    {
      "quarter": "2021-09 (Q3)",
      "signal": "FCF MARGIN EXPANSION",
      "detail": "FCF margin: +32.5% -> +39.5% (+7.1%)",
      "severity": "MEDIUM"
    },
    {
      "quarter": "2021-06 (Q2)",
      "signal": "OPERATING LEVERAGE",
      "detail": "Rev growth +6.7% vs OpEx growth +4.4% (leverage: 1.5x)",
      "severity": "MEDIUM"
    }
  ],
  "data_quality": {
    "n_quarters": 20,
    "coverage": {
      "revenue": [
        20,
        20
      ],
      "gross_profit": [
        20,
        20
      ],
      "op_income": [
        0,
        20
      ],
      "fcf": [
        20,
        20
      ]
    },
    "gaps": [],
    "warnings": [
      "op_income: no data"
    ]
  },
  "market_cap": null,
  "source": "SEC EDGAR",
  "last_updated": "2026-02-02T19:47:20.339421",
  "sector": "Basic Materials",
  "industry": "Gold"
}