{
  "ticker": "NEN",
  "name": "New England Realty Associates Limited Partnership",
  "quarters": [
    {
      "date": "2020-12-31T00:00:00",
      "quarter_label": "2020-12 (Q4)",
      "revenue": 14825754,
      "gross_profit": null,
      "operating_income": 2952494,
      "net_income": -970022,
      "opex": 11873260,
      "cogs": null,
      "rd": null,
      "sga": null,
      "fcf": 4147544,
      "ocf": 4147544,
      "capex": null,
      "gross_margin": null,
      "op_margin": 0.1991462963704915,
      "fcf_margin": 0.27975265204049654
    },
    {
      "date": "2021-03-31T00:00:00",
      "quarter_label": "2021-03 (Q1)",
      "revenue": 15088789,
      "gross_profit": null,
      "operating_income": 3395139,
      "net_income": -294180,
      "opex": 11693650,
      "cogs": null,
      "rd": null,
      "sga": null,
      "fcf": 4343410,
      "ocf": 4343410,
      "capex": null,
      "gross_margin": null,
      "op_margin": 0.22501070165405587,
      "fcf_margin": 0.28785676570863306,
      "op_leverage_ratio": Infinity,
      "fcf_margin_change": 0.008104113668136514
    },
    {
      "date": "2021-06-30T00:00:00",
      "quarter_label": "2021-06 (Q2)",
      "revenue": 15447344,
      "gross_profit": null,
      "operating_income": 4187232,
      "net_income": 569891,
      "opex": 11260112,
      "cogs": null,
      "rd": null,
      "sga": null,
      "fcf": 4825565,
      "ocf": 4825565,
      "capex": null,
      "gross_margin": null,
      "op_margin": 0.271064851019049,
      "fcf_margin": 0.3123880066372575,
      "op_leverage_ratio": Infinity,
      "fcf_margin_change": 0.024531240928624465
    },
    {
      "date": "2021-09-30T00:00:00",
      "quarter_label": "2021-09 (Q3)",
      "revenue": 15946672,
      "gross_profit": null,
      "operating_income": 3551236,
      "net_income": -75385,
      "opex": 12395436,
      "cogs": null,
      "rd": null,
      "sga": null,
      "fcf": 3679576,
      "ocf": 3679576,
      "capex": null,
      "gross_margin": null,
      "op_margin": 0.2226944907376285,
      "fcf_margin": 0.23074256496904183,
      "op_leverage_ratio": 0.32059370723279024,
      "fcf_margin_change": -0.08164544166821569
    },
    {
      "date": "2021-12-31T00:00:00",
      "quarter_label": "2021-12 (Q4)",
      "revenue": 16155649,
      "gross_profit": null,
      "operating_income": 3108893,
      "net_income": -2900489,
      "opex": 13046756,
      "cogs": null,
      "rd": null,
      "sga": null,
      "fcf": 2934607,
      "ocf": 2934607,
      "capex": null,
      "gross_margin": null,
      "op_margin": 0.19243380442345584,
      "fcf_margin": 0.18164587507440896,
      "incr_op_margin_yoy": 0.11760251749198244,
      "rev_growth_yoy": 0.08970167723004173,
      "op_leverage_ratio": 0.24939963982239544,
      "fcf_margin_change": -0.04909668989463287
    },
    {
      "date": "2022-03-31T00:00:00",
      "quarter_label": "2022-03 (Q1)",
      "revenue": 16580409,
      "gross_profit": null,
      "operating_income": 3776950,
      "net_income": 342418,
      "opex": 12803459,
      "cogs": null,
      "rd": null,
      "sga": null,
      "fcf": 4581407,
      "ocf": 4581407,
      "capex": null,
      "gross_margin": null,
      "op_margin": 0.22779594882128662,
      "fcf_margin": 0.2763144745102488,
      "incr_op_margin_yoy": 0.2559706895858194,
      "rev_growth_yoy": 0.09885617725849305,
      "rev_growth_yoy_accel": 0.00915450002845132,
      "op_leverage_ratio": Infinity,
      "fcf_margin_change": 0.09466859943583986
    },
    {
      "date": "2022-06-30T00:00:00",
      "quarter_label": "2022-06 (Q2)",
      "revenue": 16931928,
      "gross_profit": null,
      "operating_income": 4610922,
      "net_income": 242985,
      "opex": 12321006,
      "cogs": null,
      "rd": null,
      "sga": null,
      "fcf": 2870879,
      "ocf": 2870879,
      "capex": null,
      "gross_margin": null,
      "op_margin": 0.2723211438177625,
      "fcf_margin": 0.1695541700862418,
      "incr_op_margin_yoy": 0.28539307981225714,
      "rev_growth_yoy": 0.09610610082872499,
      "rev_growth_yoy_accel": -0.0027500764297680586,
      "op_leverage_ratio": Infinity,
      "fcf_margin_change": -0.10676030442400702
    },
    {
      "date": "2022-09-30T00:00:00",
      "quarter_label": "2022-09 (Q3)",
      "revenue": 17078383,
      "gross_profit": null,
      "operating_income": 4560797,
      "net_income": 995224,
      "opex": 12517586,
      "cogs": null,
      "rd": null,
      "sga": null,
      "fcf": 5581234,
      "ocf": 5581234,
      "capex": null,
      "gross_margin": null,
      "op_margin": 0.2670508677548688,
      "fcf_margin": 0.3268010794698772,
      "incr_op_margin_yoy": 0.89206608400908,
      "rev_growth_yoy": 0.07096847542860353,
      "rev_growth_yoy_accel": -0.02513762540012146,
      "fcf_margin_change": 0.1572469093836354
    },
    {
      "date": "2022-12-31T00:00:00",
      "quarter_label": "2022-12 (Q4)",
      "revenue": 17703006,
      "gross_profit": null,
      "operating_income": 5139477,
      "net_income": 2142646,
      "opex": 12563529,
      "cogs": null,
      "rd": null,
      "sga": null,
      "fcf": 8506207,
      "ocf": 8506207,
      "capex": null,
      "gross_margin": null,
      "op_margin": 0.2903166275829088,
      "fcf_margin": 0.48049506394563724,
      "incr_op_margin_yoy": 1.3122918628344977,
      "rev_growth_yoy": 0.09577807737714529,
      "rev_growth_yoy_accel": 0.02480960194854176,
      "op_leverage_ratio": 9.964888793294964,
      "fcf_margin_change": 0.15369398447576005
    },
    {
      "date": "2023-03-31T00:00:00",
      "quarter_label": "2023-03 (Q1)",
      "revenue": 17691686,
      "gross_profit": null,
      "operating_income": 4451365,
      "net_income": 1754375,
      "opex": 13240321,
      "cogs": null,
      "rd": null,
      "sga": null,
      "fcf": 1665543,
      "ocf": 1665543,
      "capex": null,
      "gross_margin": null,
      "op_margin": 0.2516077325812814,
      "fcf_margin": 0.09414269504896254,
      "incr_op_margin_yoy": 0.606882892384167,
      "rev_growth_yoy": 0.06702349743000911,
      "rev_growth_yoy_accel": -0.028754579947136177,
      "fcf_margin_change": -0.3863523688966747
    },
    {
      "date": "2023-06-30T00:00:00",
      "quarter_label": "2023-06 (Q2)",
      "revenue": 18101036,
      "gross_profit": null,
      "operating_income": 4738350,
      "net_income": 2224604,
      "opex": 13362686,
      "cogs": null,
      "rd": null,
      "sga": null,
      "fcf": 4833673,
      "ocf": 4833673,
      "capex": null,
      "gross_margin": null,
      "op_margin": 0.26177230960703024,
      "fcf_margin": 0.26703847227307875,
      "incr_op_margin_yoy": 0.10899591825562736,
      "rev_growth_yoy": 0.06904754142587896,
      "rev_growth_yoy_accel": 0.002024043995869848,
      "op_leverage_ratio": 2.503611119747088,
      "fcf_margin_change": 0.1728957772241162
    },
    {
      "date": "2023-09-30T00:00:00",
      "quarter_label": "2023-09 (Q3)",
      "revenue": 18961642,
      "gross_profit": null,
      "operating_income": 4899261,
      "net_income": 2175226,
      "opex": 14062381,
      "cogs": null,
      "rd": null,
      "sga": null,
      "fcf": 6731814,
      "ocf": 6731814,
      "capex": null,
      "gross_margin": null,
      "op_margin": 0.25837746541148704,
      "fcf_margin": 0.3550227348454316,
      "incr_op_margin_yoy": 0.17972249170188487,
      "rev_growth_yoy": 0.11027150521217377,
      "rev_growth_yoy_accel": 0.04122396378629481,
      "op_leverage_ratio": 0.9080001711007398,
      "fcf_margin_change": 0.08798426257235287
    },
    {
      "date": "2023-12-31T00:00:00",
      "quarter_label": "2023-12 (Q4)",
      "revenue": 19727004,
      "gross_profit": null,
      "operating_income": 4725871,
      "net_income": 2299745,
      "opex": 15001133,
      "cogs": null,
      "rd": null,
      "sga": null,
      "fcf": 10950874,
      "ocf": 10950874,
      "capex": null,
      "gross_margin": null,
      "op_margin": 0.239563544469297,
      "fcf_margin": 0.5551209904960733,
      "incr_op_margin_yoy": -0.20435099244169214,
      "rev_growth_yoy": 0.11433075264167,
      "rev_growth_yoy_accel": 0.004059247429496232,
      "op_leverage_ratio": 0.6046428730034487,
      "fcf_margin_change": 0.2000982556506417
    },
    {
      "date": "2024-03-31T00:00:00",
      "quarter_label": "2024-03 (Q1)",
      "revenue": 19893399,
      "gross_profit": null,
      "operating_income": 5751774,
      "net_income": 3463596,
      "opex": 14141625,
      "cogs": null,
      "rd": null,
      "sga": null,
      "fcf": 6123747,
      "ocf": 6123747,
      "capex": null,
      "gross_margin": null,
      "op_margin": 0.28912977616343993,
      "fcf_margin": 0.30782808910634124,
      "incr_op_margin_yoy": 0.5906351100256936,
      "rev_growth_yoy": 0.12444902085646331,
      "rev_growth_yoy_accel": 0.010118268214793308,
      "fcf_margin_change": -0.2472929013897321
    },
    {
      "date": "2024-06-30T00:00:00",
      "quarter_label": "2024-06 (Q2)",
      "revenue": 20050566,
      "gross_profit": null,
      "operating_income": 6538164,
      "net_income": 4072726,
      "opex": 13512402,
      "cogs": null,
      "rd": null,
      "sga": null,
      "fcf": 5363355,
      "ocf": 5363355,
      "capex": null,
      "gross_margin": null,
      "op_margin": 0.32608376242346476,
      "fcf_margin": 0.2674914513635176,
      "incr_op_margin_yoy": 0.9232040543105261,
      "rev_growth_yoy": 0.10770267513969918,
      "rev_growth_yoy_accel": -0.01674634571676413,
      "fcf_margin_change": -0.040336637742823644
    },
    {
      "date": "2024-09-30T00:00:00",
      "quarter_label": "2024-09 (Q3)",
      "revenue": 20209035,
      "gross_profit": null,
      "operating_income": 6470676,
      "net_income": 3909398,
      "opex": 13738359,
      "cogs": null,
      "rd": null,
      "sga": null,
      "fcf": 8478776,
      "ocf": 8478776,
      "capex": null,
      "gross_margin": null,
      "op_margin": 0.3201872825694052,
      "fcf_margin": 0.4195537293096875,
      "incr_op_margin_yoy": 1.2597593541089296,
      "rev_growth_yoy": 0.06578507283282745,
      "rev_growth_yoy_accel": -0.041917602306871735,
      "fcf_margin_change": 0.1520622779461699
    },
    {
      "date": "2024-12-31T00:00:00",
      "quarter_label": "2024-12 (Q4)",
      "revenue": 20379550,
      "gross_profit": null,
      "operating_income": 6610639,
      "net_income": 4215867,
      "opex": 13768911,
      "cogs": null,
      "rd": null,
      "sga": null,
      "fcf": 11968601,
      "ocf": 11968601,
      "capex": null,
      "gross_margin": null,
      "op_margin": 0.3243761025145305,
      "fcf_margin": 0.5872848517263629,
      "rev_growth_yoy": 0.03307881926723389,
      "rev_growth_yoy_accel": -0.032706253565593556,
      "fcf_margin_change": 0.16773112241667543
    },
    {
      "date": "2025-03-31T00:00:00",
      "quarter_label": "2025-03 (Q1)",
      "revenue": 20688894,
      "gross_profit": null,
      "operating_income": 6233447,
      "net_income": 3795719,
      "opex": 14455447,
      "cogs": null,
      "rd": null,
      "sga": null,
      "fcf": 5477629,
      "ocf": 5477629,
      "capex": null,
      "gross_margin": null,
      "op_margin": 0.3012943562860344,
      "fcf_margin": 0.2647618089202835,
      "rev_growth_yoy": 0.039987887439446625,
      "rev_growth_yoy_accel": 0.0069090681722127345,
      "op_leverage_ratio": 0.30442715158964,
      "fcf_margin_change": -0.3225230428060794
    },
    {
      "date": "2025-06-30T00:00:00",
      "quarter_label": "2025-06 (Q2)",
      "revenue": 21240108,
      "gross_profit": null,
      "operating_income": 7063573,
      "net_income": 4149881,
      "opex": 14176535,
      "cogs": null,
      "rd": null,
      "sga": null,
      "fcf": 12530743,
      "ocf": 12530743,
      "capex": null,
      "gross_margin": null,
      "op_margin": 0.3325582431125115,
      "fcf_margin": 0.5899566518211677,
      "incr_op_margin_yoy": 0.4416901631047916,
      "rev_growth_yoy": 0.05932710328476513,
      "rev_growth_yoy_accel": 0.019339215845318503,
      "op_leverage_ratio": Infinity,
      "fcf_margin_change": 0.32519484290088424
    },
    {
      "date": "2025-09-30T00:00:00",
      "quarter_label": "2025-09 (Q3)",
      "revenue": 23686671,
      "gross_profit": null,
      "operating_income": 4744301,
      "net_income": -521828,
      "opex": 18942370,
      "cogs": null,
      "rd": null,
      "sga": null,
      "fcf": 2347129,
      "ocf": 2347129,
      "capex": null,
      "gross_margin": null,
      "op_margin": 0.20029412322229662,
      "fcf_margin": 0.0990907080188685,
      "incr_op_margin_yoy": -0.4964219947113499,
      "rev_growth_yoy": 0.172083229110148,
      "rev_growth_yoy_accel": 0.11275612582538289,
      "op_leverage_ratio": 0.3426342513024317,
      "fcf_margin_change": -0.49086594380229925
    }
  ],
  "signals": [
    {
      "quarter": "2025-09 (Q3)",
      "signal": "YoY REVENUE GROWTH ACCELERATION",
      "detail": "YoY growth: +17.2% vs prior quarter YoY: +5.9% (accel: +11.3%)",
      "severity": "MEDIUM"
    },
    {
      "quarter": "2025-06 (Q2)",
      "signal": "FCF MARGIN EXPANSION",
      "detail": "FCF margin: +26.5% -> +59.0% (+32.5%)",
      "severity": "MEDIUM"
    },
    {
      "quarter": "2025-06 (Q2)",
      "signal": "INCREMENTAL MARGIN (YoY)",
      "detail": "YoY Incr OPM: +44.2% vs year-ago OPM: +32.6%",
      "severity": "MEDIUM"
    },
    {
      "quarter": "2024-12 (Q4)",
      "signal": "FCF MARGIN EXPANSION",
      "detail": "FCF margin: +42.0% -> +58.7% (+16.8%)",
      "severity": "MEDIUM"
    },
    {
      "quarter": "2024-09 (Q3)",
      "signal": "FCF MARGIN EXPANSION",
      "detail": "FCF margin: +26.7% -> +42.0% (+15.2%)",
      "severity": "MEDIUM"
    },
    {
      "quarter": "2024-09 (Q3)",
      "signal": "INCREMENTAL MARGIN (YoY)",
      "detail": "YoY Incr OPM: +126.0% vs year-ago OPM: +25.8%",
      "severity": "HIGH"
    },
    {
      "quarter": "2024-06 (Q2)",
      "signal": "INCREMENTAL MARGIN (YoY)",
      "detail": "YoY Incr OPM: +92.3% vs year-ago OPM: +26.2%",
      "severity": "HIGH"
    },
    {
      "quarter": "2024-03 (Q1)",
      "signal": "INCREMENTAL MARGIN (YoY)",
      "detail": "YoY Incr OPM: +59.1% vs year-ago OPM: +25.2%",
      "severity": "HIGH"
    },
    {
      "quarter": "2023-12 (Q4)",
      "signal": "FCF MARGIN EXPANSION",
      "detail": "FCF margin: +35.5% -> +55.5% (+20.0%)",
      "severity": "MEDIUM"
    },
    {
      "quarter": "2023-09 (Q3)",
      "signal": "FCF MARGIN EXPANSION",
      "detail": "FCF margin: +26.7% -> +35.5% (+8.8%)",
      "severity": "MEDIUM"
    },
    {
      "quarter": "2023-06 (Q2)",
      "signal": "FCF MARGIN EXPANSION",
      "detail": "FCF margin: +9.4% -> +26.7% (+17.3%)",
      "severity": "MEDIUM"
    },
    {
      "quarter": "2023-06 (Q2)",
      "signal": "OPERATING LEVERAGE",
      "detail": "Rev growth +2.3% vs OpEx growth +0.9% (leverage: 2.5x)",
      "severity": "MEDIUM"
    },
    {
      "quarter": "2023-03 (Q1)",
      "signal": "INCREMENTAL MARGIN (YoY)",
      "detail": "YoY Incr OPM: +60.7% vs year-ago OPM: +22.8%",
      "severity": "HIGH"
    },
    {
      "quarter": "2022-12 (Q4)",
      "signal": "FCF MARGIN EXPANSION",
      "detail": "FCF margin: +32.7% -> +48.0% (+15.4%)",
      "severity": "MEDIUM"
    },
    {
      "quarter": "2022-12 (Q4)",
      "signal": "OPERATING LEVERAGE",
      "detail": "Rev growth +3.7% vs OpEx growth +0.4% (leverage: 10.0x)",
      "severity": "MEDIUM"
    },
    {
      "quarter": "2022-12 (Q4)",
      "signal": "INCREMENTAL MARGIN (YoY)",
      "detail": "YoY Incr OPM: +131.2% vs year-ago OPM: +19.2%",
      "severity": "HIGH"
    },
    {
      "quarter": "2022-09 (Q3)",
      "signal": "FCF MARGIN EXPANSION",
      "detail": "FCF margin: +17.0% -> +32.7% (+15.7%)",
      "severity": "MEDIUM"
    },
    {
      "quarter": "2022-09 (Q3)",
      "signal": "INCREMENTAL MARGIN (YoY)",
      "detail": "YoY Incr OPM: +89.2% vs year-ago OPM: +22.3%",
      "severity": "HIGH"
    },
    {
      "quarter": "2022-03 (Q1)",
      "signal": "FCF MARGIN EXPANSION",
      "detail": "FCF margin: +18.2% -> +27.6% (+9.5%)",
      "severity": "MEDIUM"
    }
  ],
  "data_quality": {
    "n_quarters": 20,
    "coverage": {
      "revenue": [
        20,
        20
      ],
      "gross_profit": [
        0,
        20
      ],
      "op_income": [
        20,
        20
      ],
      "fcf": [
        20,
        20
      ]
    },
    "gaps": [],
    "warnings": [
      "gross_profit: no data"
    ]
  },
  "market_cap": null,
  "source": "SEC EDGAR",
  "last_updated": "2026-02-02T22:56:47.668494"
}