{
  "ticker": "NEO",
  "name": "NEOGENOMICS, INC.",
  "sector": "Healthcare",
  "industry": "Diagnostics & Research",
  "quarters": [
    {
      "date": "2021-03-31T00:00:00",
      "quarter_label": "2021-03 (Q1)",
      "revenue": 115533000,
      "gross_profit": 41574000,
      "operating_income": -15107000,
      "net_income": -22114000,
      "opex": 56681000,
      "cogs": 73959000,
      "rd": 2456000,
      "sga": null,
      "fcf": -13621000,
      "ocf": 2210000,
      "capex": -15831000,
      "gross_margin": 0.3598452390226169,
      "op_margin": -0.13075917703167061,
      "fcf_margin": -0.11789705105900479
    },
    {
      "date": "2021-06-30T00:00:00",
      "quarter_label": "2021-06 (Q2)",
      "revenue": 121724000,
      "gross_profit": 52990000,
      "operating_income": -22367000,
      "net_income": 75873000,
      "opex": 75357000,
      "cogs": 68734000,
      "rd": 3495000,
      "sga": null,
      "fcf": -22737000,
      "ocf": -1390000,
      "capex": -21347000,
      "gross_margin": 0.43532910518878776,
      "op_margin": -0.1837517662909533,
      "fcf_margin": -0.18679142979198843,
      "op_leverage_ratio": 0.16263289461298425,
      "fcf_margin_change": -0.06889437873298364
    },
    {
      "date": "2021-09-30T00:00:00",
      "quarter_label": "2021-09 (Q3)",
      "revenue": 121340000,
      "gross_profit": 47239000,
      "operating_income": -39713000,
      "net_income": -20348000,
      "opex": 86952000,
      "cogs": 74101000,
      "rd": 7409000,
      "sga": null,
      "fcf": -22744000,
      "ocf": -7767000,
      "capex": -14977000,
      "gross_margin": 0.3893110268666557,
      "op_margin": -0.3272869622548212,
      "fcf_margin": -0.18744025053568486,
      "fcf_margin_change": -0.0006488207436964322
    },
    {
      "date": "2021-12-31T00:00:00",
      "quarter_label": "2021-12 (Q4)",
      "revenue": 125732000,
      "gross_profit": 45257000,
      "operating_income": -41567000,
      "net_income": -41759000,
      "opex": 86824000,
      "cogs": 80475000,
      "rd": 8513000,
      "sga": null,
      "fcf": -31763000,
      "ocf": -19776000,
      "capex": -11987000,
      "gross_margin": 0.3599481436706646,
      "op_margin": -0.3306000063627398,
      "fcf_margin": -0.2526246301657494,
      "op_leverage_ratio": null,
      "fcf_margin_change": -0.06518437963006452
    },
    {
      "date": "2022-03-31T00:00:00",
      "quarter_label": "2022-03 (Q1)",
      "revenue": 117169000,
      "gross_profit": 38232000,
      "operating_income": -52028000,
      "net_income": -49408000,
      "opex": 90260000,
      "cogs": 78937000,
      "rd": 7713000,
      "sga": null,
      "fcf": -37259000,
      "ocf": -29040000,
      "capex": -8219000,
      "gross_margin": 0.32629791156363885,
      "op_margin": -0.4440423661548703,
      "fcf_margin": -0.31799366726693923,
      "incr_op_margin_yoy": -22.567848410757946,
      "rev_growth_yoy": 0.014160456319839353,
      "fcf_margin_change": -0.06536903710118985
    },
    {
      "date": "2022-06-30T00:00:00",
      "quarter_label": "2022-06 (Q2)",
      "revenue": 125072000,
      "gross_profit": 43946000,
      "operating_income": -39702000,
      "net_income": -35303000,
      "opex": 83648000,
      "cogs": 81126000,
      "rd": 8626000,
      "sga": null,
      "fcf": -27290000,
      "ocf": -16996000,
      "capex": -10294000,
      "gross_margin": 0.35136561340667777,
      "op_margin": -0.3174331585007036,
      "fcf_margin": -0.21819432007163875,
      "incr_op_margin_yoy": -5.177718040621267,
      "rev_growth_yoy": 0.027504847030988138,
      "rev_growth_yoy_accel": 0.013344390711148785,
      "op_leverage_ratio": null,
      "fcf_margin_change": 0.09979934719530048
    },
    {
      "date": "2022-09-30T00:00:00",
      "quarter_label": "2022-09 (Q3)",
      "revenue": 128782000,
      "gross_profit": 48893000,
      "operating_income": -39510000,
      "net_income": -36852000,
      "opex": 88403000,
      "cogs": 79889000,
      "rd": 7312000,
      "sga": null,
      "fcf": -24116000,
      "ocf": -16272000,
      "capex": -7844000,
      "gross_margin": 0.37965709493562766,
      "op_margin": -0.3067975338168378,
      "fcf_margin": -0.18726219502725536,
      "incr_op_margin_yoy": 0.027277613544746036,
      "rev_growth_yoy": 0.06133179495632108,
      "rev_growth_yoy_accel": 0.033826947925332945,
      "op_leverage_ratio": 0.5218177589435089,
      "fcf_margin_change": 0.03093212504438339
    },
    {
      "date": "2022-12-31T00:00:00",
      "quarter_label": "2022-12 (Q4)",
      "revenue": 138705000,
      "gross_profit": 56825000,
      "operating_income": -26383000,
      "net_income": -22687000,
      "opex": 83208000,
      "cogs": 81880000,
      "rd": 6675000,
      "sga": null,
      "fcf": -8219000,
      "ocf": -3685000,
      "capex": -4534000,
      "gross_margin": 0.409682419523449,
      "op_margin": -0.19020943729497855,
      "fcf_margin": -0.05925525395623806,
      "incr_op_margin_yoy": 1.1704308949356355,
      "rev_growth_yoy": 0.10317977921292909,
      "rev_growth_yoy_accel": 0.04184798425660801,
      "op_leverage_ratio": null,
      "fcf_margin_change": 0.1280069410710173
    },
    {
      "date": "2023-03-31T00:00:00",
      "quarter_label": "2023-03 (Q1)",
      "revenue": 137220000,
      "gross_profit": 54814000,
      "operating_income": -35073000,
      "net_income": -30795000,
      "opex": 89887000,
      "cogs": 82406000,
      "rd": 7395000,
      "sga": null,
      "fcf": -22619000,
      "ocf": -12692000,
      "capex": -9927000,
      "gross_margin": 0.3994607200116601,
      "op_margin": -0.2555968517708789,
      "fcf_margin": -0.16483748724675704,
      "incr_op_margin_yoy": 0.8455937359732681,
      "rev_growth_yoy": 0.171128882212872,
      "rev_growth_yoy_accel": 0.06794910299994292,
      "fcf_margin_change": -0.10558223329051897
    },
    {
      "date": "2023-06-30T00:00:00",
      "quarter_label": "2023-06 (Q2)",
      "revenue": 146917000,
      "gross_profit": 59891000,
      "operating_income": -29894000,
      "net_income": -24331000,
      "opex": 89785000,
      "cogs": 87026000,
      "rd": 7502000,
      "sga": null,
      "fcf": -9042000,
      "ocf": -1548000,
      "capex": -7494000,
      "gross_margin": 0.4076519395304832,
      "op_margin": -0.20347543170633758,
      "fcf_margin": -0.06154495395359284,
      "incr_op_margin_yoy": 0.44898146028839553,
      "rev_growth_yoy": 0.17465939618779583,
      "rev_growth_yoy_accel": 0.0035305139749238212,
      "op_leverage_ratio": null,
      "fcf_margin_change": 0.1032925332931642
    },
    {
      "date": "2023-09-30T00:00:00",
      "quarter_label": "2023-09 (Q3)",
      "revenue": 151954000,
      "gross_profit": 62311000,
      "operating_income": -24195000,
      "net_income": -18516000,
      "opex": 86506000,
      "cogs": 89643000,
      "rd": 5285000,
      "sga": null,
      "fcf": -9771000,
      "ocf": -5497000,
      "capex": -4274000,
      "gross_margin": 0.41006488805822816,
      "op_margin": -0.1592258183397607,
      "fcf_margin": -0.06430235465996288,
      "incr_op_margin_yoy": 0.6609269808389435,
      "rev_growth_yoy": 0.17993197807146963,
      "rev_growth_yoy_accel": 0.005272581883673799,
      "op_leverage_ratio": null,
      "fcf_margin_change": -0.002757400706370039
    },
    {
      "date": "2023-12-31T00:00:00",
      "quarter_label": "2023-12 (Q4)",
      "revenue": 155552000,
      "gross_profit": 67588000,
      "operating_income": -18574000,
      "net_income": -14326000,
      "opex": 86162000,
      "cogs": 87964000,
      "rd": 7127000,
      "sga": null,
      "fcf": 10727000,
      "ocf": 17784000,
      "capex": -7057000,
      "gross_margin": 0.4345042172392512,
      "op_margin": -0.11940701501748612,
      "fcf_margin": 0.06896086196255914,
      "incr_op_margin_yoy": 0.46352466314477353,
      "rev_growth_yoy": 0.12145921199668361,
      "rev_growth_yoy_accel": -0.05847276607478602,
      "op_leverage_ratio": null,
      "fcf_margin_change": 0.13326321662252202
    },
    {
      "date": "2024-03-31T00:00:00",
      "quarter_label": "2024-03 (Q1)",
      "revenue": 156240000,
      "gross_profit": 65469000,
      "operating_income": -30567000,
      "net_income": -27061000,
      "opex": 96036000,
      "cogs": 90771000,
      "rd": 7620000,
      "sga": null,
      "fcf": -31500000,
      "ocf": -25915000,
      "capex": -5585000,
      "gross_margin": 0.4190284178187404,
      "op_margin": -0.19564132104454685,
      "fcf_margin": -0.20161290322580644,
      "incr_op_margin_yoy": 0.23690851735015772,
      "rev_growth_yoy": 0.1386095321381723,
      "rev_growth_yoy_accel": 0.01715032014148868,
      "fcf_margin_change": -0.27057376518836557
    },
    {
      "date": "2024-06-30T00:00:00",
      "quarter_label": "2024-06 (Q2)",
      "revenue": 164502000,
      "gross_profit": 72494000,
      "operating_income": -21941000,
      "net_income": -18642000,
      "opex": 94435000,
      "cogs": 92008000,
      "rd": 7886000,
      "sga": null,
      "fcf": 814000,
      "ocf": 13892000,
      "capex": -13078000,
      "gross_margin": 0.440687651213967,
      "op_margin": -0.13337831758884391,
      "fcf_margin": 0.004948268106162843,
      "incr_op_margin_yoy": 0.4522604492465169,
      "rev_growth_yoy": 0.11969343234615464,
      "rev_growth_yoy_accel": -0.01891609979201765,
      "op_leverage_ratio": null,
      "fcf_margin_change": 0.20656117133196927
    },
    {
      "date": "2024-09-30T00:00:00",
      "quarter_label": "2024-09 (Q3)",
      "revenue": 167824000,
      "gross_profit": 74880000,
      "operating_income": -21197000,
      "net_income": -17699000,
      "opex": 96077000,
      "cogs": 92944000,
      "rd": 7684000,
      "sga": null,
      "fcf": -1553000,
      "ocf": 9246000,
      "capex": -10799000,
      "gross_margin": 0.4461817141767566,
      "op_margin": -0.12630493850700733,
      "fcf_margin": -0.009253742015444752,
      "incr_op_margin_yoy": 0.18890989287964713,
      "rev_growth_yoy": 0.10443950142806376,
      "rev_growth_yoy_accel": -0.01525393091809088,
      "op_leverage_ratio": 1.1614172645328489,
      "fcf_margin_change": -0.014202010121607595
    },
    {
      "date": "2024-12-31T00:00:00",
      "quarter_label": "2024-12 (Q4)",
      "revenue": 172000000,
      "gross_profit": 77257000,
      "operating_income": -18401000,
      "net_income": -15324000,
      "opex": 95658000,
      "cogs": 94743000,
      "rd": 7969000,
      "sga": null,
      "fcf": -1799000,
      "ocf": 9800000,
      "capex": -11599000,
      "gross_margin": 0.4491686046511628,
      "op_margin": -0.10698255813953489,
      "fcf_margin": -0.010459302325581395,
      "incr_op_margin_yoy": 0.010517996108949417,
      "rev_growth_yoy": 0.10573955976136598,
      "rev_growth_yoy_accel": 0.0013000583333022259,
      "op_leverage_ratio": null,
      "fcf_margin_change": -0.0012055603101366434
    },
    {
      "date": "2025-03-31T00:00:00",
      "quarter_label": "2025-03 (Q1)",
      "revenue": 168035000,
      "gross_profit": 73246000,
      "operating_income": -27825000,
      "net_income": -25923000,
      "opex": 101071000,
      "cogs": 94789000,
      "rd": 10181000,
      "sga": null,
      "fcf": -29827000,
      "ocf": -25327000,
      "capex": -4500000,
      "gross_margin": 0.43589728330407357,
      "op_margin": -0.16559050197875444,
      "fcf_margin": -0.1775046865236409,
      "incr_op_margin_yoy": 0.232471386180585,
      "rev_growth_yoy": 0.07549283154121864,
      "rev_growth_yoy_accel": -0.030246728220147345,
      "fcf_margin_change": -0.1670453841980595
    },
    {
      "date": "2025-06-30T00:00:00",
      "quarter_label": "2025-06 (Q2)",
      "revenue": 181330000,
      "gross_profit": 77258000,
      "operating_income": -47628000,
      "net_income": -45092000,
      "opex": 124886000,
      "cogs": 104072000,
      "rd": 9023000,
      "sga": null,
      "fcf": 14007000,
      "ocf": 20330000,
      "capex": -6323000,
      "gross_margin": 0.42606297909888047,
      "op_margin": -0.26265924005955993,
      "fcf_margin": 0.07724590525561131,
      "incr_op_margin_yoy": -1.5264440218683146,
      "rev_growth_yoy": 0.10229662861241809,
      "rev_growth_yoy_accel": 0.026803797071199453,
      "op_leverage_ratio": 0.3357875332914213,
      "fcf_margin_change": 0.2547505917792522
    },
    {
      "date": "2025-09-30T00:00:00",
      "quarter_label": "2025-09 (Q3)",
      "revenue": 187797000,
      "gross_profit": 80446000,
      "operating_income": -27014000,
      "net_income": -27129000,
      "opex": 107460000,
      "cogs": 107351000,
      "rd": 8694000,
      "sga": null,
      "fcf": 570000,
      "ocf": 8884000,
      "capex": -8314000,
      "gross_margin": 0.4283668003216239,
      "op_margin": -0.14384681331437668,
      "fcf_margin": 0.00303519225546734,
      "incr_op_margin_yoy": -0.29124317829069246,
      "rev_growth_yoy": 0.11901158356373344,
      "rev_growth_yoy_accel": 0.01671495495131535,
      "op_leverage_ratio": null,
      "fcf_margin_change": -0.07421071300014398
    },
    {
      "date": "2025-12-31T00:00:00",
      "quarter_label": "2025-12 (Q4)",
      "revenue": 190170000,
      "gross_profit": 83343000,
      "operating_income": -13414000,
      "net_income": -9881000,
      "opex": 96757000,
      "cogs": 106827000,
      "rd": 9179000,
      "sga": null,
      "fcf": -6528000,
      "ocf": 1343000,
      "capex": -7871000,
      "gross_margin": 0.43825524530683074,
      "op_margin": -0.07053688804753641,
      "fcf_margin": -0.03432718094336646,
      "incr_op_margin_yoy": 0.274463401210787,
      "rev_growth_yoy": 0.10563953488372094,
      "rev_growth_yoy_accel": -0.013372048680012502,
      "op_leverage_ratio": null,
      "fcf_margin_change": -0.0373623731988338
    }
  ],
  "signals": [
    {
      "quarter": "2025-06 (Q2)",
      "signal": "FCF TURNED POSITIVE",
      "detail": "FCF margin: -17.8% -> +7.7%",
      "severity": "HIGH"
    },
    {
      "quarter": "2024-06 (Q2)",
      "signal": "FCF TURNED POSITIVE",
      "detail": "FCF margin: -20.2% -> +0.5%",
      "severity": "HIGH"
    },
    {
      "quarter": "2024-06 (Q2)",
      "signal": "GROSS MARGIN INFLECTION",
      "detail": "GM: +43.5% -> +41.9% -> +44.1% (reversal +2.2%)",
      "severity": "MEDIUM"
    },
    {
      "quarter": "2023-12 (Q4)",
      "signal": "FCF TURNED POSITIVE",
      "detail": "FCF margin: -6.4% -> +6.9%",
      "severity": "HIGH"
    },
    {
      "quarter": "2023-12 (Q4)",
      "signal": "YoY REVENUE GROWTH DECELERATION",
      "detail": "YoY growth: +12.1% vs prior quarter YoY: +18.0% (decel: -5.8%)",
      "severity": "WARNING"
    },
    {
      "quarter": "2023-06 (Q2)",
      "signal": "FCF MARGIN EXPANSION",
      "detail": "FCF margin: -16.5% -> -6.2% (+10.3%)",
      "severity": "MEDIUM"
    },
    {
      "quarter": "2023-03 (Q1)",
      "signal": "YoY REVENUE GROWTH ACCELERATION",
      "detail": "YoY growth: +17.1% vs prior quarter YoY: +10.3% (accel: +6.8%)",
      "severity": "MEDIUM"
    },
    {
      "quarter": "2022-12 (Q4)",
      "signal": "FCF MARGIN EXPANSION",
      "detail": "FCF margin: -18.7% -> -5.9% (+12.8%)",
      "severity": "MEDIUM"
    },
    {
      "quarter": "2022-06 (Q2)",
      "signal": "FCF MARGIN EXPANSION",
      "detail": "FCF margin: -31.8% -> -21.8% (+10.0%)",
      "severity": "MEDIUM"
    },
    {
      "quarter": "2022-06 (Q2)",
      "signal": "GROSS MARGIN INFLECTION",
      "detail": "GM: +36.0% -> +32.6% -> +35.1% (reversal +2.5%)",
      "severity": "MEDIUM"
    }
  ],
  "data_quality": {
    "n_quarters": 20,
    "coverage": {
      "revenue": [
        20,
        20
      ],
      "gross_profit": [
        20,
        20
      ],
      "op_income": [
        20,
        20
      ],
      "fcf": [
        20,
        20
      ]
    },
    "gaps": [],
    "warnings": []
  },
  "market_cap": null,
  "source": "SEC EDGAR",
  "last_updated": "2026-02-24T10:34:13.337057"
}