{
  "ticker": "NEOG",
  "name": "Neogen Corporation",
  "quarters": [
    {
      "date": "2021-02-28T00:00:00",
      "quarter_label": "2021-02 (Q1)",
      "revenue": 116709000,
      "gross_profit": 53849000,
      "operating_income": 15774000,
      "net_income": 13377000,
      "opex": 38075000,
      "cogs": 62860000,
      "rd": 4236000,
      "sga": null,
      "fcf": 11596000,
      "ocf": 11596000,
      "capex": null,
      "gross_margin": 0.4613954365130367,
      "op_margin": 0.13515667172197518,
      "fcf_margin": 0.09935823286978725
    },
    {
      "date": "2021-05-31T00:00:00",
      "quarter_label": "2021-05 (Q2)",
      "revenue": 127425000,
      "gross_profit": 57691000,
      "operating_income": 20255000,
      "net_income": 15760000,
      "opex": 37436000,
      "cogs": 69734000,
      "rd": 4077000,
      "sga": null,
      "fcf": 21969000,
      "ocf": 21969000,
      "capex": null,
      "gross_margin": 0.452744751814793,
      "op_margin": 0.1589562487737885,
      "fcf_margin": 0.1724072984108299,
      "op_leverage_ratio": Infinity,
      "fcf_margin_change": 0.07304906554104267
    },
    {
      "date": "2021-08-31T00:00:00",
      "quarter_label": "2021-08 (Q3)",
      "revenue": 128305000,
      "gross_profit": 60008000,
      "operating_income": 21745000,
      "net_income": 17077000,
      "opex": 38263000,
      "cogs": 68297000,
      "rd": 4325000,
      "sga": null,
      "fcf": 23210000,
      "ocf": 23210000,
      "capex": null,
      "gross_margin": 0.4676980632087604,
      "op_margin": 0.1694789758777912,
      "fcf_margin": 0.18089708117376563,
      "fcf_margin_change": 0.008489782762935716
    },
    {
      "date": "2021-11-30T00:00:00",
      "quarter_label": "2021-11 (Q4)",
      "revenue": 130517000,
      "gross_profit": 60594000,
      "operating_income": 12469000,
      "net_income": 10828000,
      "opex": 48125000,
      "cogs": 69923000,
      "rd": 4332000,
      "sga": null,
      "fcf": 17847000,
      "ocf": 17847000,
      "capex": null,
      "gross_margin": 0.46426136058904205,
      "op_margin": 0.09553544748959905,
      "fcf_margin": 0.1367408077108729,
      "op_leverage_ratio": 0.06688913214115837,
      "fcf_margin_change": -0.04415627346289272
    },
    {
      "date": "2022-02-28T00:00:00",
      "quarter_label": "2022-02 (Q1)",
      "revenue": 128244000,
      "gross_profit": 57412000,
      "operating_income": 6377000,
      "net_income": 5443000,
      "opex": 51035000,
      "cogs": 70832000,
      "rd": 4561000,
      "sga": null,
      "fcf": 6591000,
      "ocf": 6591000,
      "capex": null,
      "gross_margin": 0.4476778640716135,
      "op_margin": 0.049725523221359286,
      "fcf_margin": 0.05139421727332273,
      "incr_op_margin_yoy": -0.8146510619852623,
      "rev_growth_yoy": 0.09883556538056192,
      "fcf_margin_change": -0.08534659043755018
    },
    {
      "date": "2022-05-31T00:00:00",
      "quarter_label": "2022-05 (Q2)",
      "revenue": 140093000,
      "gross_profit": 64999000,
      "operating_income": 18027000,
      "net_income": 14959000,
      "opex": 46972000,
      "cogs": 75094000,
      "rd": 3831000,
      "sga": null,
      "fcf": 20390000,
      "ocf": 20390000,
      "capex": null,
      "gross_margin": 0.4639703625448809,
      "op_margin": 0.12867880622158137,
      "fcf_margin": 0.1455461728994311,
      "incr_op_margin_yoy": -0.1758762235554152,
      "rev_growth_yoy": 0.09941534235824995,
      "rev_growth_yoy_accel": 0.0005797769776880318,
      "op_leverage_ratio": Infinity,
      "fcf_margin_change": 0.09415195562610836
    },
    {
      "date": "2022-08-31T00:00:00",
      "quarter_label": "2022-08 (Q3)",
      "revenue": 132349000,
      "gross_profit": 62270000,
      "operating_income": 6062000,
      "net_income": 5209000,
      "opex": 56208000,
      "cogs": 70079000,
      "rd": 4881000,
      "sga": null,
      "fcf": -14143000,
      "ocf": -14143000,
      "capex": null,
      "gross_margin": 0.47049845484287756,
      "op_margin": 0.04580314169355265,
      "fcf_margin": -0.10686140431737301,
      "incr_op_margin_yoy": -3.8780909990108805,
      "rev_growth_yoy": 0.03151864697400725,
      "rev_growth_yoy_accel": -0.0678966953842427,
      "fcf_margin_change": -0.25240757721680407
    },
    {
      "date": "2022-11-30T00:00:00",
      "quarter_label": "2022-11 (Q4)",
      "revenue": 230033000,
      "gross_profit": 112539000,
      "operating_income": -7656000,
      "net_income": -41841000,
      "opex": 120195000,
      "cogs": 117494000,
      "rd": 6846000,
      "sga": null,
      "fcf": -18726000,
      "ocf": -18726000,
      "capex": null,
      "gross_margin": 0.48922980615824685,
      "op_margin": -0.033282181252255114,
      "fcf_margin": -0.08140571135445784,
      "incr_op_margin_yoy": -0.2022287873306805,
      "rev_growth_yoy": 0.7624753863481386,
      "rev_growth_yoy_accel": 0.7309567393741314,
      "op_leverage_ratio": 0.648349461135522,
      "fcf_margin_change": 0.025455692962915166
    },
    {
      "date": "2023-02-28T00:00:00",
      "quarter_label": "2023-02 (Q1)",
      "revenue": 218255000,
      "gross_profit": 107964000,
      "operating_income": 15684000,
      "net_income": 8190000,
      "opex": 92280000,
      "cogs": 110291000,
      "rd": 7258000,
      "sga": null,
      "fcf": -17069000,
      "ocf": -17069000,
      "capex": null,
      "gross_margin": 0.49466907974616847,
      "op_margin": 0.07186089665757944,
      "fcf_margin": -0.07820668484112621,
      "incr_op_margin_yoy": 0.10339847351990313,
      "rev_growth_yoy": 0.7018729921087926,
      "rev_growth_yoy_accel": -0.06060239423934599,
      "fcf_margin_change": 0.003199026513331635
    },
    {
      "date": "2023-05-31T00:00:00",
      "quarter_label": "2023-05 (Q2)",
      "revenue": 241810000,
      "gross_profit": 123182000,
      "operating_income": 23425000,
      "net_income": 5572000,
      "opex": 99757000,
      "cogs": 118628000,
      "rd": 7054000,
      "sga": null,
      "fcf": 90966000,
      "ocf": 90966000,
      "capex": null,
      "gross_margin": 0.5094164840163765,
      "op_margin": 0.09687357842934535,
      "fcf_margin": 0.37618791613250074,
      "incr_op_margin_yoy": 0.05306880855707502,
      "rev_growth_yoy": 0.7260676836101733,
      "rev_growth_yoy_accel": 0.02419469150138065,
      "op_leverage_ratio": 1.331984318931619,
      "fcf_margin_change": 0.45439460097362694
    },
    {
      "date": "2023-08-31T00:00:00",
      "quarter_label": "2023-08 (Q3)",
      "revenue": 228987000,
      "gross_profit": 116761000,
      "operating_income": 19135000,
      "net_income": 1503000,
      "opex": 97626000,
      "cogs": 112226000,
      "rd": 6722000,
      "sga": null,
      "fcf": 23009000,
      "ocf": 23009000,
      "capex": null,
      "gross_margin": 0.5099023088646953,
      "op_margin": 0.08356369575565425,
      "fcf_margin": 0.100481686733308,
      "incr_op_margin_yoy": 0.13527804797284712,
      "rev_growth_yoy": 0.7301755207821744,
      "rev_growth_yoy_accel": 0.004107837172001139,
      "fcf_margin_change": -0.27570622939919276
    },
    {
      "date": "2023-11-30T00:00:00",
      "quarter_label": "2023-11 (Q4)",
      "revenue": 229629000,
      "gross_profit": 116774000,
      "operating_income": 14465000,
      "net_income": -3487000,
      "opex": 102309000,
      "cogs": 112855000,
      "rd": 5756000,
      "sga": null,
      "fcf": 15714000,
      "ocf": 15714000,
      "capex": null,
      "gross_margin": 0.5085333298494528,
      "op_margin": 0.06299291465799181,
      "fcf_margin": 0.06843212312033758,
      "rev_growth_yoy": -0.0017562697526007137,
      "rev_growth_yoy_accel": -0.7319317905347751,
      "fcf_margin_change": -0.032049563612970414
    },
    {
      "date": "2024-02-29T00:00:00",
      "quarter_label": "2024-02 (Q1)",
      "revenue": 228812000,
      "gross_profit": 116883000,
      "operating_income": 12023000,
      "net_income": -2022000,
      "opex": 104860000,
      "cogs": 111929000,
      "rd": 4853000,
      "sga": null,
      "fcf": -30206000,
      "ocf": -30206000,
      "capex": null,
      "gross_margin": 0.510825481181057,
      "op_margin": 0.0525453210495953,
      "fcf_margin": -0.1320123070468332,
      "incr_op_margin_yoy": -0.3467841242777304,
      "rev_growth_yoy": 0.04837002588715035,
      "rev_growth_yoy_accel": 0.050126295639751066,
      "fcf_margin_change": -0.20044443016717078
    },
    {
      "date": "2024-05-31T00:00:00",
      "quarter_label": "2024-05 (Q2)",
      "revenue": 236794000,
      "gross_profit": 113482000,
      "operating_income": 13040000,
      "net_income": -5415000,
      "opex": 100442000,
      "cogs": 123312000,
      "rd": 5145000,
      "sga": null,
      "fcf": 26747000,
      "ocf": 26747000,
      "capex": null,
      "gross_margin": 0.4792435619145755,
      "op_margin": 0.05506896289601933,
      "fcf_margin": 0.11295472013648994,
      "incr_op_margin_yoy": 2.0703748006379583,
      "rev_growth_yoy": -0.020743558992597493,
      "rev_growth_yoy_accel": -0.06911358487974784,
      "op_leverage_ratio": Infinity,
      "fcf_margin_change": 0.24496702718332314
    },
    {
      "date": "2024-08-31T00:00:00",
      "quarter_label": "2024-08 (Q3)",
      "revenue": 216964000,
      "gross_profit": 104926000,
      "operating_income": 2257000,
      "net_income": -12609000,
      "opex": 102669000,
      "cogs": 112038000,
      "rd": 5199000,
      "sga": null,
      "fcf": -17914000,
      "ocf": -17914000,
      "capex": null,
      "gross_margin": 0.4836101841780203,
      "op_margin": 0.010402647443815563,
      "fcf_margin": -0.08256669309194152,
      "incr_op_margin_yoy": 1.403809365383016,
      "rev_growth_yoy": -0.05250516404861411,
      "rev_growth_yoy_accel": -0.03176160505601662,
      "fcf_margin_change": -0.19552141322843147
    },
    {
      "date": "2024-11-30T00:00:00",
      "quarter_label": "2024-11 (Q4)",
      "revenue": 231258000,
      "gross_profit": 113330000,
      "operating_income": -457484000,
      "net_income": -456282000,
      "opex": 570814000,
      "cogs": 117928000,
      "rd": 5108000,
      "sga": null,
      "fcf": 40253000,
      "ocf": 40253000,
      "capex": null,
      "gross_margin": 0.4900587222928504,
      "op_margin": -1.9782407527523371,
      "fcf_margin": 0.1740610054571085,
      "incr_op_margin_yoy": -289.7170042971148,
      "rev_growth_yoy": 0.007094051709496623,
      "rev_growth_yoy_accel": 0.05959921575811074,
      "op_leverage_ratio": 0.014448575826034076,
      "fcf_margin_change": 0.25662769854905004
    },
    {
      "date": "2025-02-28T00:00:00",
      "quarter_label": "2025-02 (Q1)",
      "revenue": 220980000,
      "gross_profit": 110265000,
      "operating_income": 5415000,
      "net_income": -10957000,
      "opex": 104850000,
      "cogs": 110715000,
      "rd": 4473000,
      "sga": null,
      "fcf": 19363000,
      "ocf": 19363000,
      "capex": null,
      "gross_margin": 0.4989818083084442,
      "op_margin": 0.024504480043442845,
      "fcf_margin": 0.08762331432708842,
      "incr_op_margin_yoy": 0.8437180796731358,
      "rev_growth_yoy": -0.034228974004859886,
      "rev_growth_yoy_accel": -0.04132302571435651,
      "fcf_margin_change": -0.08643769113002009
    },
    {
      "date": "2025-05-31T00:00:00",
      "quarter_label": "2025-05 (Q2)",
      "revenue": 225459000,
      "gross_profit": 92855000,
      "operating_income": -611185000,
      "net_income": -612196000,
      "opex": 704040000,
      "cogs": 132604000,
      "rd": 6307000,
      "sga": null,
      "fcf": 16542000,
      "ocf": 16542000,
      "capex": null,
      "gross_margin": 0.4118487175051783,
      "op_margin": -2.7108476485746853,
      "fcf_margin": 0.0733703245379426,
      "incr_op_margin_yoy": 55.070577856197616,
      "rev_growth_yoy": -0.047868611535765264,
      "rev_growth_yoy_accel": -0.013639637530905378,
      "op_leverage_ratio": 0.0035467613833657786,
      "fcf_margin_change": -0.014252989789145826
    },
    {
      "date": "2025-08-31T00:00:00",
      "quarter_label": "2025-08 (Q3)",
      "revenue": 209189000,
      "gross_profit": 94970000,
      "operating_income": -16091000,
      "net_income": 36338000,
      "opex": 111061000,
      "cogs": 114219000,
      "rd": 5125000,
      "sga": null,
      "fcf": 10853000,
      "ocf": 10853000,
      "capex": null,
      "gross_margin": 0.45399136665885875,
      "op_margin": -0.07692087060027057,
      "fcf_margin": 0.051881313070954976,
      "incr_op_margin_yoy": 2.3598713826366557,
      "rev_growth_yoy": -0.03583543813720248,
      "rev_growth_yoy_accel": 0.012033173398562781,
      "fcf_margin_change": -0.021489011466987618
    },
    {
      "date": "2025-11-30T00:00:00",
      "quarter_label": "2025-11 (Q4)",
      "revenue": 224691000,
      "gross_profit": 106684000,
      "operating_income": -5377000,
      "net_income": -15924000,
      "opex": 112061000,
      "cogs": 118007000,
      "rd": 4563000,
      "sga": null,
      "fcf": 19444000,
      "ocf": 19444000,
      "capex": null,
      "gross_margin": 0.4748031741369258,
      "op_margin": -0.023930642526847984,
      "fcf_margin": 0.08653662140450663,
      "incr_op_margin_yoy": -68.84528704126694,
      "rev_growth_yoy": -0.028396855460135432,
      "rev_growth_yoy_accel": 0.007438582677067051,
      "op_leverage_ratio": 8.230201501991022,
      "fcf_margin_change": 0.034655308333551654
    }
  ],
  "signals": [
    {
      "quarter": "2025-11 (Q4)",
      "signal": "OPERATING LEVERAGE",
      "detail": "Rev growth +7.4% vs OpEx growth +0.9% (leverage: 8.2x)",
      "severity": "MEDIUM"
    },
    {
      "quarter": "2025-08 (Q3)",
      "signal": "GROSS MARGIN INFLECTION",
      "detail": "GM: +49.9% -> +41.2% -> +45.4% (reversal +4.2%)",
      "severity": "MEDIUM"
    },
    {
      "quarter": "2025-02 (Q1)",
      "signal": "INCREMENTAL MARGIN (YoY)",
      "detail": "YoY Incr OPM: +84.4% vs year-ago OPM: +5.3%",
      "severity": "HIGH"
    },
    {
      "quarter": "2025-02 (Q1)",
      "signal": "OP MARGIN TURNED POSITIVE (QoQ)",
      "detail": "Op margin: -197.8% -> +2.5%",
      "severity": "HIGH"
    },
    {
      "quarter": "2024-11 (Q4)",
      "signal": "FCF TURNED POSITIVE",
      "detail": "FCF margin: -8.3% -> +17.4%",
      "severity": "HIGH"
    },
    {
      "quarter": "2024-11 (Q4)",
      "signal": "YoY REVENUE GROWTH ACCELERATION",
      "detail": "YoY growth: +0.7% vs prior quarter YoY: -5.3% (accel: +6.0%)",
      "severity": "MEDIUM"
    },
    {
      "quarter": "2024-08 (Q3)",
      "signal": "INCREMENTAL MARGIN (YoY)",
      "detail": "YoY Incr OPM: +140.4% vs year-ago OPM: +8.4%",
      "severity": "HIGH"
    },
    {
      "quarter": "2024-05 (Q2)",
      "signal": "FCF TURNED POSITIVE",
      "detail": "FCF margin: -13.2% -> +11.3%",
      "severity": "HIGH"
    },
    {
      "quarter": "2024-05 (Q2)",
      "signal": "YoY REVENUE GROWTH DECELERATION",
      "detail": "YoY growth: -2.1% vs prior quarter YoY: +4.8% (decel: -6.9%)",
      "severity": "WARNING"
    },
    {
      "quarter": "2024-05 (Q2)",
      "signal": "INCREMENTAL MARGIN (YoY)",
      "detail": "YoY Incr OPM: +207.0% vs year-ago OPM: +9.7%",
      "severity": "HIGH"
    },
    {
      "quarter": "2024-02 (Q1)",
      "signal": "YoY REVENUE GROWTH ACCELERATION",
      "detail": "YoY growth: +4.8% vs prior quarter YoY: -0.2% (accel: +5.0%)",
      "severity": "MEDIUM"
    },
    {
      "quarter": "2023-11 (Q4)",
      "signal": "YoY REVENUE GROWTH DECELERATION",
      "detail": "YoY growth: -0.2% vs prior quarter YoY: +73.0% (decel: -73.2%)",
      "severity": "WARNING"
    },
    {
      "quarter": "2023-11 (Q4)",
      "signal": "OP MARGIN TURNED POSITIVE (YoY)",
      "detail": "Op margin: -3.3% (year-ago) -> +6.3%",
      "severity": "HIGH"
    },
    {
      "quarter": "2023-05 (Q2)",
      "signal": "FCF TURNED POSITIVE",
      "detail": "FCF margin: -7.8% -> +37.6%",
      "severity": "HIGH"
    },
    {
      "quarter": "2023-02 (Q1)",
      "signal": "YoY REVENUE GROWTH DECELERATION",
      "detail": "YoY growth: +70.2% vs prior quarter YoY: +76.2% (decel: -6.1%)",
      "severity": "WARNING"
    },
    {
      "quarter": "2023-02 (Q1)",
      "signal": "OP MARGIN TURNED POSITIVE (QoQ)",
      "detail": "Op margin: -3.3% -> +7.2%",
      "severity": "HIGH"
    },
    {
      "quarter": "2022-11 (Q4)",
      "signal": "YoY REVENUE GROWTH ACCELERATION",
      "detail": "YoY growth: +76.2% vs prior quarter YoY: +3.2% (accel: +73.1%)",
      "severity": "HIGH"
    },
    {
      "quarter": "2022-08 (Q3)",
      "signal": "YoY REVENUE GROWTH DECELERATION",
      "detail": "YoY growth: +3.2% vs prior quarter YoY: +9.9% (decel: -6.8%)",
      "severity": "WARNING"
    },
    {
      "quarter": "2022-05 (Q2)",
      "signal": "FCF MARGIN EXPANSION",
      "detail": "FCF margin: +5.1% -> +14.6% (+9.4%)",
      "severity": "MEDIUM"
    },
    {
      "quarter": "2021-05 (Q2)",
      "signal": "FCF MARGIN EXPANSION",
      "detail": "FCF margin: +9.9% -> +17.2% (+7.3%)",
      "severity": "MEDIUM"
    }
  ],
  "data_quality": {
    "n_quarters": 20,
    "coverage": {
      "revenue": [
        20,
        20
      ],
      "gross_profit": [
        20,
        20
      ],
      "op_income": [
        20,
        20
      ],
      "fcf": [
        20,
        20
      ]
    },
    "gaps": [],
    "warnings": []
  },
  "market_cap": null,
  "source": "SEC EDGAR",
  "last_updated": "2026-02-02T21:32:56.172851"
}