{
  "ticker": "NESR",
  "name": "NATIONAL ENERGY SERVICES REUNITED CORP.",
  "quarters": [
    {
      "date": "2019-06-30T00:00:00",
      "quarter_label": "2019-06 (Q2)",
      "revenue": 159899000,
      "gross_profit": 43006000,
      "operating_income": 21995000,
      "net_income": 11356000,
      "opex": 21011000,
      "cogs": 116893000,
      "rd": null,
      "sga": 17062000,
      "fcf": -660000,
      "ocf": -660000,
      "capex": null,
      "gross_margin": 0.2689572792825471,
      "op_margin": 0.13755558196111295,
      "fcf_margin": -0.004127605551004072
    },
    {
      "date": "2019-09-30T00:00:00",
      "quarter_label": "2019-09 (Q3)",
      "revenue": 161606000,
      "gross_profit": 40280000,
      "operating_income": 19762000,
      "net_income": 11110000,
      "opex": 20518000,
      "cogs": 121326000,
      "rd": null,
      "sga": 16485000,
      "fcf": 21118000,
      "ocf": 21118000,
      "capex": null,
      "gross_margin": 0.24924817147878173,
      "op_margin": 0.12228506367337846,
      "fcf_margin": 0.1306758412435182,
      "op_leverage_ratio": Infinity,
      "fcf_margin_change": 0.13480344679452227
    },
    {
      "date": "2020-03-31T00:00:00",
      "quarter_label": "2020-03 (Q1)",
      "revenue": 199299000,
      "gross_profit": 41029000,
      "operating_income": 18515000,
      "net_income": 11367000,
      "opex": 22514000,
      "cogs": 158270000,
      "rd": null,
      "sga": 18627000,
      "fcf": 9949000,
      "ocf": 9949000,
      "capex": null,
      "gross_margin": 0.20586656230086453,
      "op_margin": 0.0929006166613982,
      "fcf_margin": 0.04991996949307322,
      "op_leverage_ratio": 2.39760542209873,
      "fcf_margin_change": -0.08075587175044496
    },
    {
      "date": "2020-06-30T00:00:00",
      "quarter_label": "2020-06 (Q2)",
      "revenue": 203249000,
      "gross_profit": 38906000,
      "operating_income": 17858000,
      "net_income": 10536000,
      "opex": 21048000,
      "cogs": 164343000,
      "rd": null,
      "sga": 17114000,
      "fcf": 42650000,
      "ocf": 42650000,
      "capex": null,
      "gross_margin": 0.1914203759920098,
      "op_margin": 0.08786267091104999,
      "fcf_margin": 0.20984113082967198,
      "incr_op_margin_yoy": -0.09543252595155709,
      "rev_growth_yoy": 0.2711086373273129,
      "op_leverage_ratio": Infinity,
      "fcf_margin_change": 0.15992116133659875
    },
    {
      "date": "2020-09-30T00:00:00",
      "quarter_label": "2020-09 (Q3)",
      "revenue": 218423000,
      "gross_profit": 40470000,
      "operating_income": 18987000,
      "net_income": 11666000,
      "opex": 21483000,
      "cogs": 177953000,
      "rd": null,
      "sga": 17449000,
      "fcf": 33455000,
      "ocf": 33455000,
      "capex": null,
      "gross_margin": 0.1852826854314793,
      "op_margin": 0.08692765871725963,
      "fcf_margin": 0.1531661043022026,
      "incr_op_margin_yoy": -0.013640283717901332,
      "rev_growth_yoy": 0.3515772929222925,
      "rev_growth_yoy_accel": 0.08046865559497962,
      "op_leverage_ratio": 3.612378429651688,
      "fcf_margin_change": -0.05667502652746939
    },
    {
      "date": "2020-12-31T00:00:00",
      "quarter_label": "2020-12 (Q4)",
      "revenue": 213181000,
      "gross_profit": -42498000,
      "operating_income": -20082000,
      "net_income": -17014000,
      "opex": -22416000,
      "cogs": 255679000,
      "rd": null,
      "sga": -26378000,
      "fcf": 48399000,
      "ocf": 48399000,
      "capex": null,
      "gross_margin": -0.19935172459084063,
      "op_margin": -0.09420164085917601,
      "fcf_margin": 0.22703242784300665,
      "fcf_margin_change": 0.07386632354080405
    },
    {
      "date": "2021-03-31T00:00:00",
      "quarter_label": "2021-03 (Q1)",
      "revenue": 212426000,
      "gross_profit": 38115000,
      "operating_income": 15961000,
      "net_income": 11472000,
      "opex": 22154000,
      "cogs": 174311000,
      "rd": null,
      "sga": 18146000,
      "fcf": 46482000,
      "ocf": 46482000,
      "capex": null,
      "gross_margin": 0.17942718876220426,
      "op_margin": 0.0751367535047499,
      "fcf_margin": 0.21881502264317929,
      "incr_op_margin_yoy": -0.19456082882608364,
      "rev_growth_yoy": 0.06586585983873476,
      "fcf_margin_change": -0.00821740519982736
    },
    {
      "date": "2021-06-30T00:00:00",
      "quarter_label": "2021-06 (Q2)",
      "revenue": 234927000,
      "gross_profit": 40996000,
      "operating_income": 14118000,
      "net_income": 7821000,
      "opex": 26878000,
      "cogs": 193931000,
      "rd": null,
      "sga": 22379000,
      "fcf": 32989000,
      "ocf": 32989000,
      "capex": null,
      "gross_margin": 0.1745052718504046,
      "op_margin": 0.060095263635086646,
      "fcf_margin": 0.14042234396216696,
      "incr_op_margin_yoy": -0.11806300902834775,
      "rev_growth_yoy": 0.1558580854026342,
      "rev_growth_yoy_accel": 0.08999222556389945,
      "op_leverage_ratio": 0.49674832424385706,
      "fcf_margin_change": -0.07839267868101232
    },
    {
      "date": "2021-09-30T00:00:00",
      "quarter_label": "2021-09 (Q3)",
      "revenue": 217992000,
      "gross_profit": 31897000,
      "operating_income": 8102000,
      "net_income": 1931000,
      "opex": 23795000,
      "cogs": 186095000,
      "rd": null,
      "sga": 19067000,
      "fcf": 35301000,
      "ocf": 35301000,
      "capex": null,
      "gross_margin": 0.14632188337186686,
      "op_margin": 0.03716650152299167,
      "fcf_margin": 0.16193713530771772,
      "rev_growth_yoy": -0.0019732354193468635,
      "rev_growth_yoy_accel": -0.15783132082198106,
      "fcf_margin_change": 0.02151479134555076
    },
    {
      "date": "2021-12-31T00:00:00",
      "quarter_label": "2021-12 (Q4)",
      "revenue": 211384000,
      "gross_profit": -108227000,
      "operating_income": -81513000,
      "net_income": -85792000,
      "opex": -26714000,
      "cogs": 319611000,
      "rd": null,
      "sga": -31521000,
      "fcf": 12971000,
      "ocf": 12971000,
      "capex": null,
      "gross_margin": -0.5119923929909549,
      "op_margin": -0.38561575142867954,
      "fcf_margin": 0.061362260152140184,
      "incr_op_margin_yoy": 34.18530884808013,
      "rev_growth_yoy": -0.008429456658895492,
      "rev_growth_yoy_accel": -0.006456221239548629,
      "fcf_margin_change": -0.10057487515557753
    },
    {
      "date": "2023-06-30T00:00:00",
      "quarter_label": "2023-06 (Q2)",
      "revenue": 280311000,
      "gross_profit": 31993000,
      "operating_income": 17239000,
      "net_income": 1945000,
      "opex": 14754000,
      "cogs": 248318000,
      "rd": null,
      "sga": 10060000,
      "fcf": null,
      "ocf": null,
      "capex": null,
      "gross_margin": 0.11413394408353579,
      "op_margin": 0.06149954871553382,
      "fcf_margin": null,
      "op_leverage_ratio": Infinity
    },
    {
      "date": "2023-09-30T00:00:00",
      "quarter_label": "2023-09 (Q3)",
      "revenue": 300084000,
      "gross_profit": 45123000,
      "operating_income": 28137000,
      "net_income": 14731000,
      "opex": 16986000,
      "cogs": 254961000,
      "rd": null,
      "sga": 12292000,
      "fcf": 68024000,
      "ocf": 68024000,
      "capex": null,
      "gross_margin": 0.15036789698884312,
      "op_margin": 0.0937637461510777,
      "fcf_margin": 0.22668319537196252,
      "op_leverage_ratio": 0.4662813170302432
    },
    {
      "date": "2023-12-31T00:00:00",
      "quarter_label": "2023-12 (Q4)",
      "revenue": 307520000,
      "gross_profit": 44415000,
      "operating_income": 27565000,
      "net_income": 2261000,
      "opex": 16850000,
      "cogs": 263105000,
      "rd": null,
      "sga": 12158000,
      "fcf": 36520000,
      "ocf": 36520000,
      "capex": null,
      "gross_margin": 0.14442963059313216,
      "op_margin": 0.08963644640998959,
      "fcf_margin": 0.11875650364203955,
      "op_leverage_ratio": Infinity,
      "fcf_margin_change": -0.10792669172992297
    },
    {
      "date": "2024-03-31T00:00:00",
      "quarter_label": "2024-03 (Q1)",
      "revenue": 296848000,
      "gross_profit": 42942000,
      "operating_income": 24558000,
      "net_income": 9982000,
      "opex": 18384000,
      "cogs": 253906000,
      "rd": null,
      "sga": 13691000,
      "fcf": 69620000,
      "ocf": 69620000,
      "capex": null,
      "gross_margin": 0.14465989327871503,
      "op_margin": 0.08272920821430496,
      "fcf_margin": 0.2345308036436156,
      "fcf_margin_change": 0.11577430000157604
    },
    {
      "date": "2024-06-30T00:00:00",
      "quarter_label": "2024-06 (Q2)",
      "revenue": 324969000,
      "gross_profit": 53139000,
      "operating_income": 34116000,
      "net_income": 18873000,
      "opex": 19023000,
      "cogs": 271830000,
      "rd": null,
      "sga": 14329000,
      "fcf": 42661000,
      "ocf": 42661000,
      "capex": null,
      "gross_margin": 0.16352021269721112,
      "op_margin": 0.10498232139065572,
      "fcf_margin": 0.13127713720385636,
      "incr_op_margin_yoy": 0.3779166106856554,
      "rev_growth_yoy": 0.15931590269379367,
      "op_leverage_ratio": 2.7254347334839992,
      "fcf_margin_change": -0.10325366643975922
    },
    {
      "date": "2024-09-30T00:00:00",
      "quarter_label": "2024-09 (Q3)",
      "revenue": 336205000,
      "gross_profit": 53411000,
      "operating_income": 35448000,
      "net_income": 20618000,
      "opex": 17963000,
      "cogs": 282794000,
      "rd": null,
      "sga": 13270000,
      "fcf": 70788000,
      "ocf": 70788000,
      "capex": null,
      "gross_margin": 0.15886438333754704,
      "op_margin": 0.1054356716884044,
      "fcf_margin": 0.2105501107954968,
      "incr_op_margin_yoy": 0.20240303424600647,
      "rev_growth_yoy": 0.12036962983697898,
      "rev_growth_yoy_accel": -0.03894627285681469,
      "op_leverage_ratio": Infinity,
      "fcf_margin_change": 0.07927297359164043
    },
    {
      "date": "2024-12-31T00:00:00",
      "quarter_label": "2024-12 (Q4)",
      "revenue": 343682000,
      "gross_profit": 59181000,
      "operating_income": 43582000,
      "net_income": 26837000,
      "opex": 15599000,
      "cogs": 284501000,
      "rd": null,
      "sga": 10905000,
      "fcf": 46260000,
      "ocf": 46260000,
      "capex": null,
      "gross_margin": 0.1721969727829796,
      "op_margin": 0.12680908514266095,
      "fcf_margin": 0.13460117201366378,
      "incr_op_margin_yoy": 0.4429235108677617,
      "rev_growth_yoy": 0.1175923517169615,
      "rev_growth_yoy_accel": -0.002777278120017476,
      "op_leverage_ratio": Infinity,
      "fcf_margin_change": -0.07594893878183301
    },
    {
      "date": "2025-03-31T00:00:00",
      "quarter_label": "2025-03 (Q1)",
      "revenue": 303102000,
      "gross_profit": 37455000,
      "operating_income": 20941000,
      "net_income": 10391000,
      "opex": 16514000,
      "cogs": 265647000,
      "rd": null,
      "sga": 11821000,
      "fcf": 20485000,
      "ocf": 20485000,
      "capex": null,
      "gross_margin": 0.1235722628026209,
      "op_margin": 0.06908895355358922,
      "fcf_margin": 0.0675845095050511,
      "incr_op_margin_yoy": -0.5783498560921011,
      "rev_growth_yoy": 0.021068021344256994,
      "rev_growth_yoy_accel": -0.09652433037270451,
      "fcf_margin_change": -0.06701666250861268
    },
    {
      "date": "2025-06-30T00:00:00",
      "quarter_label": "2025-06 (Q2)",
      "revenue": 327368000,
      "gross_profit": 43884000,
      "operating_income": 27091000,
      "net_income": 15201000,
      "opex": 16793000,
      "cogs": 283484000,
      "rd": null,
      "sga": 12099000,
      "fcf": 98486000,
      "ocf": 98486000,
      "capex": null,
      "gross_margin": 0.13405097627135212,
      "op_margin": 0.08275396495686811,
      "fcf_margin": 0.3008418660345544,
      "incr_op_margin_yoy": -2.9283034597749062,
      "rev_growth_yoy": 0.0073822426139108655,
      "rev_growth_yoy_accel": -0.013685778730346128,
      "op_leverage_ratio": 4.738680939917573,
      "fcf_margin_change": 0.23325735652950327
    },
    {
      "date": "2025-09-30T00:00:00",
      "quarter_label": "2025-09 (Q3)",
      "revenue": 295315000,
      "gross_profit": 35360000,
      "operating_income": 19606000,
      "net_income": 17737000,
      "opex": 15754000,
      "cogs": 259955000,
      "rd": null,
      "sga": 11061000,
      "fcf": 6681000,
      "ocf": 6681000,
      "capex": null,
      "gross_margin": 0.11973655249479369,
      "op_margin": 0.06639012579787684,
      "fcf_margin": 0.022623300543487462,
      "incr_op_margin_yoy": 0.38742968941061384,
      "rev_growth_yoy": -0.12162222453562559,
      "rev_growth_yoy_accel": -0.12900446714953645,
      "fcf_margin_change": -0.27821856549106694
    }
  ],
  "signals": [
    {
      "quarter": "2025-09 (Q3)",
      "signal": "YoY REVENUE GROWTH DECELERATION",
      "detail": "YoY growth: -12.2% vs prior quarter YoY: +0.7% (decel: -12.9%)",
      "severity": "WARNING"
    },
    {
      "quarter": "2025-09 (Q3)",
      "signal": "INCREMENTAL MARGIN (YoY)",
      "detail": "YoY Incr OPM: +38.7% vs year-ago OPM: +10.5%",
      "severity": "HIGH"
    },
    {
      "quarter": "2025-06 (Q2)",
      "signal": "FCF MARGIN EXPANSION",
      "detail": "FCF margin: +6.8% -> +30.1% (+23.3%)",
      "severity": "MEDIUM"
    },
    {
      "quarter": "2025-06 (Q2)",
      "signal": "OPERATING LEVERAGE",
      "detail": "Rev growth +8.0% vs OpEx growth +1.7% (leverage: 4.7x)",
      "severity": "MEDIUM"
    },
    {
      "quarter": "2025-03 (Q1)",
      "signal": "YoY REVENUE GROWTH DECELERATION",
      "detail": "YoY growth: +2.1% vs prior quarter YoY: +11.8% (decel: -9.7%)",
      "severity": "WARNING"
    },
    {
      "quarter": "2024-12 (Q4)",
      "signal": "INCREMENTAL MARGIN (YoY)",
      "detail": "YoY Incr OPM: +44.3% vs year-ago OPM: +9.0%",
      "severity": "HIGH"
    },
    {
      "quarter": "2024-09 (Q3)",
      "signal": "FCF MARGIN EXPANSION",
      "detail": "FCF margin: +13.1% -> +21.1% (+7.9%)",
      "severity": "MEDIUM"
    },
    {
      "quarter": "2024-09 (Q3)",
      "signal": "INCREMENTAL MARGIN (YoY)",
      "detail": "YoY Incr OPM: +20.2% vs year-ago OPM: +9.4%",
      "severity": "MEDIUM"
    },
    {
      "quarter": "2024-06 (Q2)",
      "signal": "OPERATING LEVERAGE",
      "detail": "Rev growth +9.5% vs OpEx growth +3.5% (leverage: 2.7x)",
      "severity": "MEDIUM"
    },
    {
      "quarter": "2024-06 (Q2)",
      "signal": "INCREMENTAL MARGIN (YoY)",
      "detail": "YoY Incr OPM: +37.8% vs year-ago OPM: +6.1%",
      "severity": "HIGH"
    },
    {
      "quarter": "2024-03 (Q1)",
      "signal": "FCF MARGIN EXPANSION",
      "detail": "FCF margin: +11.9% -> +23.5% (+11.6%)",
      "severity": "MEDIUM"
    },
    {
      "quarter": "2023-06 (Q2)",
      "signal": "GROSS MARGIN INFLECTION",
      "detail": "GM: +14.6% -> -51.2% -> +11.4% (reversal +62.6%)",
      "severity": "HIGH"
    },
    {
      "quarter": "2023-06 (Q2)",
      "signal": "OP MARGIN TURNED POSITIVE (QoQ)",
      "detail": "Op margin: -38.6% -> +6.1%",
      "severity": "HIGH"
    },
    {
      "quarter": "2021-09 (Q3)",
      "signal": "YoY REVENUE GROWTH DECELERATION",
      "detail": "YoY growth: -0.2% vs prior quarter YoY: +15.6% (decel: -15.8%)",
      "severity": "WARNING"
    },
    {
      "quarter": "2021-06 (Q2)",
      "signal": "YoY REVENUE GROWTH ACCELERATION",
      "detail": "YoY growth: +15.6% vs prior quarter YoY: +6.6% (accel: +9.0%)",
      "severity": "MEDIUM"
    },
    {
      "quarter": "2021-03 (Q1)",
      "signal": "GROSS MARGIN INFLECTION",
      "detail": "GM: +18.5% -> -19.9% -> +17.9% (reversal +37.9%)",
      "severity": "HIGH"
    },
    {
      "quarter": "2021-03 (Q1)",
      "signal": "OP MARGIN TURNED POSITIVE (QoQ)",
      "detail": "Op margin: -9.4% -> +7.5%",
      "severity": "HIGH"
    },
    {
      "quarter": "2020-12 (Q4)",
      "signal": "FCF MARGIN EXPANSION",
      "detail": "FCF margin: +15.3% -> +22.7% (+7.4%)",
      "severity": "MEDIUM"
    },
    {
      "quarter": "2020-09 (Q3)",
      "signal": "OPERATING LEVERAGE",
      "detail": "Rev growth +7.5% vs OpEx growth +2.1% (leverage: 3.6x)",
      "severity": "MEDIUM"
    },
    {
      "quarter": "2020-09 (Q3)",
      "signal": "YoY REVENUE GROWTH ACCELERATION",
      "detail": "YoY growth: +35.2% vs prior quarter YoY: +27.1% (accel: +8.0%)",
      "severity": "MEDIUM"
    },
    {
      "quarter": "2020-06 (Q2)",
      "signal": "FCF MARGIN EXPANSION",
      "detail": "FCF margin: +5.0% -> +21.0% (+16.0%)",
      "severity": "MEDIUM"
    },
    {
      "quarter": "2020-03 (Q1)",
      "signal": "OPERATING LEVERAGE",
      "detail": "Rev growth +23.3% vs OpEx growth +9.7% (leverage: 2.4x)",
      "severity": "MEDIUM"
    },
    {
      "quarter": "2019-09 (Q3)",
      "signal": "FCF TURNED POSITIVE",
      "detail": "FCF margin: -0.4% -> +13.1%",
      "severity": "HIGH"
    }
  ],
  "data_quality": {
    "n_quarters": 20,
    "coverage": {
      "revenue": [
        20,
        20
      ],
      "gross_profit": [
        20,
        20
      ],
      "op_income": [
        20,
        20
      ],
      "fcf": [
        19,
        20
      ]
    },
    "gaps": [
      [
        "2019-09 (Q3)",
        "2020-03 (Q1)",
        183
      ],
      [
        "2021-12 (Q4)",
        "2023-06 (Q2)",
        546
      ]
    ],
    "warnings": [
      "gap: 1Q missing between 2019-09 (Q3) and 2020-03 (Q1)",
      "gap: 5Q missing between 2021-12 (Q4) and 2023-06 (Q2)"
    ]
  },
  "market_cap": null,
  "source": "SEC EDGAR",
  "last_updated": "2026-02-02T21:36:31.630332"
}