{
  "ticker": "NEUE",
  "name": "NEUEHEALTH, INC.",
  "quarters": [
    {
      "date": "2020-09-30T00:00:00",
      "quarter_label": "2020-09 (Q3)",
      "revenue": 352120000,
      "gross_profit": null,
      "operating_income": -59256000,
      "net_income": -59256000,
      "opex": 411376000,
      "cogs": null,
      "rd": null,
      "sga": 97379000,
      "fcf": -76567000,
      "ocf": -75705000,
      "capex": -862000,
      "gross_margin": null,
      "op_margin": -0.1682835397023742,
      "fcf_margin": -0.21744575712825173
    },
    {
      "date": "2020-12-31T00:00:00",
      "quarter_label": "2020-12 (Q4)",
      "revenue": 359778000,
      "gross_profit": null,
      "operating_income": -163831000,
      "net_income": -163832000,
      "opex": 523609000,
      "cogs": null,
      "rd": null,
      "sga": 148684000,
      "fcf": -73870000,
      "ocf": -68577000,
      "capex": -5293000,
      "gross_margin": null,
      "op_margin": -0.45536692071221696,
      "fcf_margin": -0.2053210590975546,
      "op_leverage_ratio": 0.0797155502128677,
      "fcf_margin_change": 0.012124698030697129
    },
    {
      "date": "2021-03-31T00:00:00",
      "quarter_label": "2021-03 (Q1)",
      "revenue": 874558000,
      "gross_profit": null,
      "operating_income": -22833000,
      "net_income": -25162000,
      "opex": 897391000,
      "cogs": null,
      "rd": null,
      "sga": 208240000,
      "fcf": 339388000,
      "ocf": 343603000,
      "capex": -4215000,
      "gross_margin": null,
      "op_margin": -0.026108045435522857,
      "fcf_margin": 0.3880680297933356,
      "op_leverage_ratio": 2.0043602512807865,
      "fcf_margin_change": 0.5933890888908901
    },
    {
      "date": "2021-06-30T00:00:00",
      "quarter_label": "2021-06 (Q2)",
      "revenue": 1113840000,
      "gross_profit": null,
      "operating_income": -59045000,
      "net_income": -44518000,
      "opex": 1172885000,
      "cogs": null,
      "rd": null,
      "sga": 261060000,
      "fcf": 147204000,
      "ocf": 153543000,
      "capex": -6339000,
      "gross_margin": null,
      "op_margin": -0.053010306686777274,
      "fcf_margin": 0.1321590174531351,
      "op_leverage_ratio": 0.8912324236749358,
      "fcf_margin_change": -0.25590901234020047
    },
    {
      "date": "2021-09-30T00:00:00",
      "quarter_label": "2021-09 (Q3)",
      "revenue": 1078657000,
      "gross_profit": null,
      "operating_income": -296281000,
      "net_income": -300664000,
      "opex": 1374938000,
      "cogs": null,
      "rd": null,
      "sga": 309790000,
      "fcf": -274160000,
      "ocf": -264032000,
      "capex": -10128000,
      "gross_margin": null,
      "op_margin": -0.27467582373266014,
      "fcf_margin": -0.25416791436017194,
      "incr_op_margin_yoy": -0.3262394069400457,
      "rev_growth_yoy": 2.0633221628990115,
      "fcf_margin_change": -0.386326931813307
    },
    {
      "date": "2021-12-31T00:00:00",
      "quarter_label": "2021-12 (Q4)",
      "revenue": 380223000,
      "gross_profit": null,
      "operating_income": -819997000,
      "net_income": -814518000,
      "opex": 1782331000,
      "cogs": null,
      "rd": null,
      "sga": 459297000,
      "fcf": -160787000,
      "ocf": -151055000,
      "capex": -9732000,
      "gross_margin": null,
      "op_margin": -2.156621245953033,
      "fcf_margin": -0.4228755230483164,
      "incr_op_margin_yoy": -32.09420396184886,
      "rev_growth_yoy": 0.056826709804379365,
      "rev_growth_yoy_accel": -2.006495453094632,
      "fcf_margin_change": -0.16870760868814444
    },
    {
      "date": "2022-03-31T00:00:00",
      "quarter_label": "2022-03 (Q1)",
      "revenue": 1835575000,
      "gross_profit": null,
      "operating_income": -176980000,
      "net_income": -195234000,
      "opex": 2012555000,
      "cogs": null,
      "rd": null,
      "sga": 418918000,
      "fcf": 479266000,
      "ocf": 484757000,
      "capex": -5491000,
      "gross_margin": null,
      "op_margin": -0.0964166541819321,
      "fcf_margin": 0.26109856584449015,
      "incr_op_margin_yoy": -0.16039986805644438,
      "rev_growth_yoy": 1.0988602242504213,
      "rev_growth_yoy_accel": 1.042033514446042,
      "op_leverage_ratio": 29.632441007259796,
      "fcf_margin_change": 0.6839740888928065
    },
    {
      "date": "2022-06-30T00:00:00",
      "quarter_label": "2022-06 (Q2)",
      "revenue": 1576628000,
      "gross_profit": null,
      "operating_income": -248087000,
      "net_income": -274666000,
      "opex": 1824715000,
      "cogs": null,
      "rd": null,
      "sga": 413320000,
      "fcf": 232244000,
      "ocf": 241907000,
      "capex": -9663000,
      "gross_margin": null,
      "op_margin": -0.1573529075977339,
      "fcf_margin": 0.14730424678491058,
      "incr_op_margin_yoy": -0.40848509468698413,
      "rev_growth_yoy": 0.4154887596064067,
      "rev_growth_yoy_accel": -0.6833714646440145,
      "fcf_margin_change": -0.11379431905957957
    },
    {
      "date": "2022-09-30T00:00:00",
      "quarter_label": "2022-09 (Q3)",
      "revenue": 1632292000,
      "gross_profit": null,
      "operating_income": -252695000,
      "net_income": -306071000,
      "opex": 1884987000,
      "cogs": null,
      "rd": null,
      "sga": 297445000,
      "fcf": -621302000,
      "ocf": -614877000,
      "capex": -6425000,
      "gross_margin": null,
      "op_margin": -0.15480992371462948,
      "fcf_margin": -0.3806316516897712,
      "incr_op_margin_yoy": 0.0787269590976004,
      "rev_growth_yoy": 0.5132632523591837,
      "rev_growth_yoy_accel": 0.097774492752777,
      "op_leverage_ratio": 1.0688693298466994,
      "fcf_margin_change": -0.5279358984746818
    },
    {
      "date": "2022-12-31T00:00:00",
      "quarter_label": "2022-12 (Q4)",
      "revenue": 569374000,
      "gross_profit": null,
      "operating_income": 55514000,
      "net_income": null,
      "opex": -2687979000,
      "cogs": null,
      "rd": null,
      "sga": -490934000,
      "fcf": 116810000,
      "ocf": 122679000,
      "capex": -5869000,
      "gross_margin": null,
      "op_margin": 0.09750006147101904,
      "fcf_margin": 0.20515513528893134,
      "incr_op_margin_yoy": 4.628635323101649,
      "rev_growth_yoy": 0.4974738508717253,
      "rev_growth_yoy_accel": -0.015789401487458388,
      "fcf_margin_change": 0.5857867869787026
    },
    {
      "date": "2023-03-31T00:00:00",
      "quarter_label": "2023-03 (Q1)",
      "revenue": 756341000,
      "gross_profit": null,
      "operating_income": -85746000,
      "net_income": -175011000,
      "opex": 842087000,
      "cogs": null,
      "rd": null,
      "sga": 140324000,
      "fcf": -616887000,
      "ocf": -615024000,
      "capex": -1863000,
      "gross_margin": null,
      "op_margin": -0.11336949867850613,
      "fcf_margin": -0.8156202030565578,
      "incr_op_margin_yoy": -0.08453588378423957,
      "rev_growth_yoy": -0.5879541832940631,
      "rev_growth_yoy_accel": -1.0854280341657885,
      "op_leverage_ratio": Infinity,
      "fcf_margin_change": -1.0207753383454892
    },
    {
      "date": "2023-06-30T00:00:00",
      "quarter_label": "2023-06 (Q2)",
      "revenue": 297982000,
      "gross_profit": null,
      "operating_income": -23414000,
      "net_income": -112832000,
      "opex": 321396000,
      "cogs": null,
      "rd": null,
      "sga": 70280000,
      "fcf": -109533000,
      "ocf": -109002000,
      "capex": -531000,
      "gross_margin": null,
      "op_margin": -0.07857521595264143,
      "fcf_margin": -0.36758260566074463,
      "incr_op_margin_yoy": -0.17571165123106786,
      "rev_growth_yoy": -0.8110004389113983,
      "rev_growth_yoy_accel": -0.22304625561733515,
      "fcf_margin_change": 0.44803759739581317
    },
    {
      "date": "2023-09-30T00:00:00",
      "quarter_label": "2023-09 (Q3)",
      "revenue": 269399000,
      "gross_profit": null,
      "operating_income": -462775000,
      "net_income": -633895000,
      "opex": 732174000,
      "cogs": null,
      "rd": null,
      "sga": 72532000,
      "fcf": -1671525000,
      "ocf": -1671293000,
      "capex": -232000,
      "gross_margin": null,
      "op_margin": -1.717805188586446,
      "fcf_margin": -6.204644412191582,
      "incr_op_margin_yoy": 0.15414269498779434,
      "rev_growth_yoy": -0.8349566131549992,
      "rev_growth_yoy_accel": -0.02395617424360097,
      "fcf_margin_change": -5.837061806530838
    },
    {
      "date": "2023-12-31T00:00:00",
      "quarter_label": "2023-12 (Q4)",
      "revenue": 292871000,
      "gross_profit": null,
      "operating_income": -45935000,
      "net_income": null,
      "opex": 338806000,
      "cogs": null,
      "rd": null,
      "sga": null,
      "fcf": -331498000,
      "ocf": -331227000,
      "capex": -271000,
      "gross_margin": null,
      "op_margin": -0.15684379812272298,
      "fcf_margin": -1.1318908324825605,
      "incr_op_margin_yoy": 0.36690017829824634,
      "rev_growth_yoy": -0.485626319431516,
      "rev_growth_yoy_accel": 0.34933029372348323,
      "op_leverage_ratio": Infinity,
      "fcf_margin_change": 5.072753579709022
    },
    {
      "date": "2024-03-31T00:00:00",
      "quarter_label": "2024-03 (Q1)",
      "revenue": 245095000,
      "gross_profit": null,
      "operating_income": -23102000,
      "net_income": -15914000,
      "opex": 268197000,
      "cogs": null,
      "rd": null,
      "sga": null,
      "fcf": -48781000,
      "ocf": -48717000,
      "capex": -64000,
      "gross_margin": null,
      "op_margin": -0.094257328790877,
      "fcf_margin": -0.19902894795895468,
      "incr_op_margin_yoy": -0.12253201003039632,
      "rev_growth_yoy": -0.6759464315698871,
      "rev_growth_yoy_accel": -0.19032011213837108,
      "fcf_margin_change": 0.9328618845236059
    },
    {
      "date": "2024-06-30T00:00:00",
      "quarter_label": "2024-06 (Q2)",
      "revenue": 225991000,
      "gross_profit": null,
      "operating_income": -37549000,
      "net_income": -58630000,
      "opex": 263540000,
      "cogs": null,
      "rd": null,
      "sga": null,
      "fcf": -29244000,
      "ocf": -28431000,
      "capex": -813000,
      "gross_margin": null,
      "op_margin": -0.166152634396945,
      "fcf_margin": -0.12940338332057472,
      "incr_op_margin_yoy": 0.1963439874428748,
      "rev_growth_yoy": -0.2415951299071756,
      "rev_growth_yoy_accel": 0.4343513016627115,
      "fcf_margin_change": 0.06962556463837996
    },
    {
      "date": "2024-09-30T00:00:00",
      "quarter_label": "2024-09 (Q3)",
      "revenue": 232933000,
      "gross_profit": null,
      "operating_income": -17342000,
      "net_income": -57414000,
      "opex": 250275000,
      "cogs": null,
      "rd": null,
      "sga": null,
      "fcf": -22340000,
      "ocf": -21675000,
      "capex": -665000,
      "gross_margin": null,
      "op_margin": -0.07445059308899984,
      "fcf_margin": -0.09590740685089703,
      "incr_op_margin_yoy": -12.215022212471892,
      "rev_growth_yoy": -0.13536056184321396,
      "rev_growth_yoy_accel": 0.10623456806396164,
      "op_leverage_ratio": Infinity,
      "fcf_margin_change": 0.03349597646967768
    },
    {
      "date": "2024-12-31T00:00:00",
      "quarter_label": "2024-12 (Q4)",
      "revenue": 232638000,
      "gross_profit": null,
      "operating_income": -29417000,
      "net_income": null,
      "opex": 262055000,
      "cogs": null,
      "rd": null,
      "sga": null,
      "fcf": -25185000,
      "ocf": -24394000,
      "capex": -791000,
      "gross_margin": null,
      "op_margin": -0.1264496771808561,
      "fcf_margin": -0.10825832409150697,
      "incr_op_margin_yoy": -0.27423505387412217,
      "rev_growth_yoy": -0.20566392712149717,
      "rev_growth_yoy_accel": -0.07030336527828321,
      "fcf_margin_change": -0.012350917240609938
    },
    {
      "date": "2025-03-31T00:00:00",
      "quarter_label": "2025-03 (Q1)",
      "revenue": 215787000,
      "gross_profit": null,
      "operating_income": 2661000,
      "net_income": -11739000,
      "opex": 213126000,
      "cogs": null,
      "rd": null,
      "sga": null,
      "fcf": -22075000,
      "ocf": -21049000,
      "capex": -1026000,
      "gross_margin": null,
      "op_margin": 0.01233160477693281,
      "fcf_margin": -0.1022999531945854,
      "incr_op_margin_yoy": -0.8790432646376416,
      "rev_growth_yoy": -0.11957812276872233,
      "rev_growth_yoy_accel": 0.08608580435277484,
      "fcf_margin_change": 0.005958370896921569
    },
    {
      "date": "2025-06-30T00:00:00",
      "quarter_label": "2025-06 (Q2)",
      "revenue": 209082000,
      "gross_profit": null,
      "operating_income": 14257000,
      "net_income": -10055000,
      "opex": 194825000,
      "cogs": null,
      "rd": null,
      "sga": null,
      "fcf": -4453000,
      "ocf": -2826000,
      "capex": -1627000,
      "gross_margin": null,
      "op_margin": 0.06818855759941075,
      "fcf_margin": -0.021297863995944175,
      "incr_op_margin_yoy": -3.0638121710331774,
      "rev_growth_yoy": -0.07482156369058945,
      "rev_growth_yoy_accel": 0.044756559078132876,
      "fcf_margin_change": 0.08100208919864123
    }
  ],
  "signals": [
    {
      "quarter": "2025-06 (Q2)",
      "signal": "FCF MARGIN EXPANSION",
      "detail": "FCF margin: -10.2% -> -2.1% (+8.1%)",
      "severity": "MEDIUM"
    },
    {
      "quarter": "2025-06 (Q2)",
      "signal": "OP MARGIN TURNED POSITIVE (YoY)",
      "detail": "Op margin: -16.6% (year-ago) -> +6.8%",
      "severity": "HIGH"
    },
    {
      "quarter": "2025-03 (Q1)",
      "signal": "YoY REVENUE GROWTH ACCELERATION",
      "detail": "YoY growth: -12.0% vs prior quarter YoY: -20.6% (accel: +8.6%)",
      "severity": "MEDIUM"
    },
    {
      "quarter": "2025-03 (Q1)",
      "signal": "OP MARGIN TURNED POSITIVE (YoY)",
      "detail": "Op margin: -9.4% (year-ago) -> +1.2%",
      "severity": "HIGH"
    },
    {
      "quarter": "2025-03 (Q1)",
      "signal": "OP MARGIN TURNED POSITIVE (QoQ)",
      "detail": "Op margin: -12.6% -> +1.2%",
      "severity": "HIGH"
    },
    {
      "quarter": "2024-12 (Q4)",
      "signal": "YoY REVENUE GROWTH DECELERATION",
      "detail": "YoY growth: -20.6% vs prior quarter YoY: -13.5% (decel: -7.0%)",
      "severity": "WARNING"
    },
    {
      "quarter": "2024-09 (Q3)",
      "signal": "YoY REVENUE GROWTH ACCELERATION",
      "detail": "YoY growth: -13.5% vs prior quarter YoY: -24.2% (accel: +10.6%)",
      "severity": "MEDIUM"
    },
    {
      "quarter": "2024-06 (Q2)",
      "signal": "FCF MARGIN EXPANSION",
      "detail": "FCF margin: -19.9% -> -12.9% (+7.0%)",
      "severity": "MEDIUM"
    },
    {
      "quarter": "2024-06 (Q2)",
      "signal": "YoY REVENUE GROWTH ACCELERATION",
      "detail": "YoY growth: -24.2% vs prior quarter YoY: -67.6% (accel: +43.4%)",
      "severity": "HIGH"
    },
    {
      "quarter": "2024-03 (Q1)",
      "signal": "FCF MARGIN EXPANSION",
      "detail": "FCF margin: -113.2% -> -19.9% (+93.3%)",
      "severity": "MEDIUM"
    },
    {
      "quarter": "2024-03 (Q1)",
      "signal": "YoY REVENUE GROWTH DECELERATION",
      "detail": "YoY growth: -67.6% vs prior quarter YoY: -48.6% (decel: -19.0%)",
      "severity": "WARNING"
    },
    {
      "quarter": "2023-12 (Q4)",
      "signal": "FCF MARGIN EXPANSION",
      "detail": "FCF margin: -620.5% -> -113.2% (+507.3%)",
      "severity": "MEDIUM"
    },
    {
      "quarter": "2023-12 (Q4)",
      "signal": "YoY REVENUE GROWTH ACCELERATION",
      "detail": "YoY growth: -48.6% vs prior quarter YoY: -83.5% (accel: +34.9%)",
      "severity": "HIGH"
    },
    {
      "quarter": "2023-06 (Q2)",
      "signal": "FCF MARGIN EXPANSION",
      "detail": "FCF margin: -81.6% -> -36.8% (+44.8%)",
      "severity": "MEDIUM"
    },
    {
      "quarter": "2023-06 (Q2)",
      "signal": "YoY REVENUE GROWTH DECELERATION",
      "detail": "YoY growth: -81.1% vs prior quarter YoY: -58.8% (decel: -22.3%)",
      "severity": "WARNING"
    },
    {
      "quarter": "2023-03 (Q1)",
      "signal": "YoY REVENUE GROWTH DECELERATION",
      "detail": "YoY growth: -58.8% vs prior quarter YoY: +49.7% (decel: -108.5%)",
      "severity": "WARNING"
    },
    {
      "quarter": "2022-12 (Q4)",
      "signal": "FCF TURNED POSITIVE",
      "detail": "FCF margin: -38.1% -> +20.5%",
      "severity": "HIGH"
    },
    {
      "quarter": "2022-12 (Q4)",
      "signal": "OP MARGIN TURNED POSITIVE (YoY)",
      "detail": "Op margin: -215.7% (year-ago) -> +9.8%",
      "severity": "HIGH"
    },
    {
      "quarter": "2022-12 (Q4)",
      "signal": "OP MARGIN TURNED POSITIVE (QoQ)",
      "detail": "Op margin: -15.5% -> +9.8%",
      "severity": "HIGH"
    },
    {
      "quarter": "2022-09 (Q3)",
      "signal": "YoY REVENUE GROWTH ACCELERATION",
      "detail": "YoY growth: +51.3% vs prior quarter YoY: +41.5% (accel: +9.8%)",
      "severity": "MEDIUM"
    },
    {
      "quarter": "2022-06 (Q2)",
      "signal": "YoY REVENUE GROWTH DECELERATION",
      "detail": "YoY growth: +41.5% vs prior quarter YoY: +109.9% (decel: -68.3%)",
      "severity": "WARNING"
    },
    {
      "quarter": "2022-03 (Q1)",
      "signal": "FCF TURNED POSITIVE",
      "detail": "FCF margin: -42.3% -> +26.1%",
      "severity": "HIGH"
    },
    {
      "quarter": "2022-03 (Q1)",
      "signal": "OPERATING LEVERAGE",
      "detail": "Rev growth +382.8% vs OpEx growth +12.9% (leverage: 29.6x)",
      "severity": "MEDIUM"
    },
    {
      "quarter": "2022-03 (Q1)",
      "signal": "YoY REVENUE GROWTH ACCELERATION",
      "detail": "YoY growth: +109.9% vs prior quarter YoY: +5.7% (accel: +104.2%)",
      "severity": "HIGH"
    },
    {
      "quarter": "2021-12 (Q4)",
      "signal": "YoY REVENUE GROWTH DECELERATION",
      "detail": "YoY growth: +5.7% vs prior quarter YoY: +206.3% (decel: -200.6%)",
      "severity": "WARNING"
    },
    {
      "quarter": "2021-03 (Q1)",
      "signal": "FCF TURNED POSITIVE",
      "detail": "FCF margin: -20.5% -> +38.8%",
      "severity": "HIGH"
    },
    {
      "quarter": "2021-03 (Q1)",
      "signal": "OPERATING LEVERAGE",
      "detail": "Rev growth +143.1% vs OpEx growth +71.4% (leverage: 2.0x)",
      "severity": "MEDIUM"
    }
  ],
  "data_quality": {
    "n_quarters": 20,
    "coverage": {
      "revenue": [
        20,
        20
      ],
      "gross_profit": [
        0,
        20
      ],
      "op_income": [
        20,
        20
      ],
      "fcf": [
        20,
        20
      ]
    },
    "gaps": [],
    "warnings": [
      "gross_profit: no data"
    ]
  },
  "market_cap": null,
  "source": "SEC EDGAR",
  "last_updated": "2026-02-02T23:34:48.193048"
}