{
  "ticker": "NGS",
  "name": "NATURAL GAS SERVICES GROUP, INC.",
  "quarters": [
    {
      "date": "2020-12-31T00:00:00",
      "quarter_label": "2020-12 (Q4)",
      "revenue": 16995000,
      "gross_profit": null,
      "operating_income": -2237000,
      "net_income": -1877000,
      "opex": 19232000,
      "cogs": null,
      "rd": null,
      "sga": 3232000,
      "fcf": 1424000,
      "ocf": 4717000,
      "capex": -3293000,
      "gross_margin": null,
      "op_margin": -0.13162694910267725,
      "fcf_margin": 0.08378934980876729
    },
    {
      "date": "2021-03-31T00:00:00",
      "quarter_label": "2021-03 (Q1)",
      "revenue": 18397000,
      "gross_profit": null,
      "operating_income": -369000,
      "net_income": -394000,
      "opex": 18766000,
      "cogs": null,
      "rd": null,
      "sga": 2649000,
      "fcf": 2416000,
      "ocf": 7381000,
      "capex": -4965000,
      "gross_margin": null,
      "op_margin": -0.020057618089905964,
      "fcf_margin": 0.13132575963472307,
      "op_leverage_ratio": Infinity,
      "fcf_margin_change": 0.04753640982595578
    },
    {
      "date": "2021-06-30T00:00:00",
      "quarter_label": "2021-06 (Q2)",
      "revenue": 17749000,
      "gross_profit": null,
      "operating_income": -2293000,
      "net_income": -1918000,
      "opex": 20042000,
      "cogs": null,
      "rd": null,
      "sga": 2607000,
      "fcf": -2231000,
      "ocf": 5371000,
      "capex": -7602000,
      "gross_margin": null,
      "op_margin": -0.12919037692264354,
      "fcf_margin": -0.12569722237872555,
      "fcf_margin_change": -0.25702298201344864
    },
    {
      "date": "2021-09-30T00:00:00",
      "quarter_label": "2021-09 (Q3)",
      "revenue": 18245000,
      "gross_profit": null,
      "operating_income": -1563000,
      "net_income": -1257000,
      "opex": 19808000,
      "cogs": null,
      "rd": null,
      "sga": 2705000,
      "fcf": 693000,
      "ocf": 7206000,
      "capex": -6513000,
      "gross_margin": null,
      "op_margin": -0.08566730611126336,
      "fcf_margin": 0.03798300904357358,
      "op_leverage_ratio": Infinity,
      "fcf_margin_change": 0.16368023142229912
    },
    {
      "date": "2021-12-31T00:00:00",
      "quarter_label": "2021-12 (Q4)",
      "revenue": 18029000,
      "gross_profit": null,
      "operating_income": -8184000,
      "net_income": -5614000,
      "opex": 26213000,
      "cogs": null,
      "rd": null,
      "sga": 2802000,
      "fcf": 1939000,
      "ocf": 8569000,
      "capex": -6630000,
      "gross_margin": null,
      "op_margin": -0.4539353264185479,
      "fcf_margin": 0.10754894891563592,
      "incr_op_margin_yoy": -5.751450676982592,
      "rev_growth_yoy": 0.060841423948220064,
      "fcf_margin_change": 0.06956593987206233
    },
    {
      "date": "2022-03-31T00:00:00",
      "quarter_label": "2022-03 (Q1)",
      "revenue": 20336000,
      "gross_profit": null,
      "operating_income": 382000,
      "net_income": 337000,
      "opex": 19954000,
      "cogs": null,
      "rd": null,
      "sga": 2502000,
      "fcf": -3217000,
      "ocf": 4995000,
      "capex": -8212000,
      "gross_margin": null,
      "op_margin": 0.018784421715184893,
      "fcf_margin": -0.15819236821400473,
      "incr_op_margin_yoy": 0.3873130479628675,
      "rev_growth_yoy": 0.10539761917703973,
      "rev_growth_yoy_accel": 0.044556195228819664,
      "op_leverage_ratio": Infinity,
      "fcf_margin_change": -0.26574131712964066
    },
    {
      "date": "2022-06-30T00:00:00",
      "quarter_label": "2022-06 (Q2)",
      "revenue": 19926000,
      "gross_profit": null,
      "operating_income": 658000,
      "net_income": -70000,
      "opex": 19268000,
      "cogs": null,
      "rd": null,
      "sga": 2310000,
      "fcf": -2708000,
      "ocf": 8253000,
      "capex": -10961000,
      "gross_margin": null,
      "op_margin": 0.033022182073672586,
      "fcf_margin": -0.13590284050988657,
      "incr_op_margin_yoy": 1.3555351401010565,
      "rev_growth_yoy": 0.12265479745337765,
      "rev_growth_yoy_accel": 0.017257178276337923,
      "fcf_margin_change": 0.022289527704118156
    },
    {
      "date": "2022-09-30T00:00:00",
      "quarter_label": "2022-09 (Q3)",
      "revenue": 20743000,
      "gross_profit": null,
      "operating_income": -1498000,
      "net_income": -80000,
      "opex": 22241000,
      "cogs": null,
      "rd": null,
      "sga": 4064000,
      "fcf": -9150000,
      "ocf": 6927000,
      "capex": -16077000,
      "gross_margin": null,
      "op_margin": -0.07221713349081618,
      "fcf_margin": -0.4411126645133298,
      "incr_op_margin_yoy": 0.02602081665332266,
      "rev_growth_yoy": 0.13691422307481502,
      "rev_growth_yoy_accel": 0.014259425621437366,
      "op_leverage_ratio": 0.2657318793292329,
      "fcf_margin_change": -0.3052098240034432
    },
    {
      "date": "2022-12-31T00:00:00",
      "quarter_label": "2022-12 (Q4)",
      "revenue": 23821000,
      "gross_profit": null,
      "operating_income": 889000,
      "net_income": -756000,
      "opex": 22932000,
      "cogs": null,
      "rd": null,
      "sga": 4767000,
      "fcf": -22283000,
      "ocf": 7589000,
      "capex": -29872000,
      "gross_margin": null,
      "op_margin": 0.03732001175433441,
      "fcf_margin": -0.9354351202720289,
      "incr_op_margin_yoy": 1.566470994475138,
      "rev_growth_yoy": 0.321260191913029,
      "rev_growth_yoy_accel": 0.184345968838214,
      "op_leverage_ratio": 4.776098895636371,
      "fcf_margin_change": -0.4943224557586991
    },
    {
      "date": "2023-03-31T00:00:00",
      "quarter_label": "2023-03 (Q1)",
      "revenue": 26620000,
      "gross_profit": null,
      "operating_income": 402000,
      "net_income": 370000,
      "opex": 26218000,
      "cogs": null,
      "rd": null,
      "sga": 4562000,
      "fcf": -29570000,
      "ocf": 18222000,
      "capex": -47792000,
      "gross_margin": null,
      "op_margin": 0.015101427498121713,
      "fcf_margin": -1.1108189331329827,
      "incr_op_margin_yoy": 0.003182686187141948,
      "rev_growth_yoy": 0.30900865460267507,
      "rev_growth_yoy_accel": -0.012251537310353944,
      "op_leverage_ratio": 0.8200064781191776,
      "fcf_margin_change": -0.17538381286095384
    },
    {
      "date": "2023-06-30T00:00:00",
      "quarter_label": "2023-06 (Q2)",
      "revenue": 26957000,
      "gross_profit": null,
      "operating_income": 712000,
      "net_income": 504000,
      "opex": 26245000,
      "cogs": null,
      "rd": null,
      "sga": 4860000,
      "fcf": -41266000,
      "ocf": 4421000,
      "capex": -45687000,
      "gross_margin": null,
      "op_margin": 0.026412434618095487,
      "fcf_margin": -1.5308083243684387,
      "incr_op_margin_yoy": 0.007680273076376049,
      "rev_growth_yoy": 0.352855565592693,
      "rev_growth_yoy_accel": 0.04384691099001792,
      "op_leverage_ratio": 12.29299329381974,
      "fcf_margin_change": -0.419989391235456
    },
    {
      "date": "2023-09-30T00:00:00",
      "quarter_label": "2023-09 (Q3)",
      "revenue": 31369000,
      "gross_profit": null,
      "operating_income": 4904000,
      "net_income": 2171000,
      "opex": 26465000,
      "cogs": null,
      "rd": null,
      "sga": 2845000,
      "fcf": -32029000,
      "ocf": 3055000,
      "capex": -35084000,
      "gross_margin": null,
      "op_margin": 0.1563326851350059,
      "fcf_margin": -1.0210398801364404,
      "incr_op_margin_yoy": 0.6024844720496895,
      "rev_growth_yoy": 0.512269199247939,
      "rev_growth_yoy_accel": 0.15941363365524602,
      "op_leverage_ratio": 19.52485608393165,
      "fcf_margin_change": 0.5097684442319983
    },
    {
      "date": "2023-12-31T00:00:00",
      "quarter_label": "2023-12 (Q4)",
      "revenue": 36221000,
      "gross_profit": null,
      "operating_income": 4439000,
      "net_income": 1702000,
      "opex": 31782000,
      "cogs": null,
      "rd": null,
      "sga": 4190000,
      "fcf": -33045000,
      "ocf": -7665000,
      "capex": -25380000,
      "gross_margin": null,
      "op_margin": 0.12255321498578173,
      "fcf_margin": -0.9123160597443472,
      "incr_op_margin_yoy": 0.2862903225806452,
      "rev_growth_yoy": 0.520549095336048,
      "rev_growth_yoy_accel": 0.008279896088108973,
      "op_leverage_ratio": 0.7698841097846438,
      "fcf_margin_change": 0.10872382039209327
    },
    {
      "date": "2024-03-31T00:00:00",
      "quarter_label": "2024-03 (Q1)",
      "revenue": 36907000,
      "gross_profit": 21113000,
      "operating_income": 9319000,
      "net_income": 5098000,
      "opex": 27588000,
      "cogs": 15794000,
      "rd": null,
      "sga": 4702000,
      "fcf": -5323000,
      "ocf": 5609000,
      "capex": -10932000,
      "gross_margin": 0.5720595009076869,
      "op_margin": 0.2524995258352074,
      "fcf_margin": -0.1442273823393936,
      "incr_op_margin_yoy": 0.866822202780208,
      "rev_growth_yoy": 0.3864387678437265,
      "rev_growth_yoy_accel": -0.1341103274923215,
      "op_leverage_ratio": Infinity,
      "fcf_margin_change": 0.7680886774049536
    },
    {
      "date": "2024-06-30T00:00:00",
      "quarter_label": "2024-06 (Q2)",
      "revenue": 38491000,
      "gross_profit": 21002000,
      "operating_income": 8506000,
      "net_income": 4250000,
      "opex": 29985000,
      "cogs": 17489000,
      "rd": null,
      "sga": 4791000,
      "fcf": 8180000,
      "ocf": 25510000,
      "capex": -17330000,
      "gross_margin": 0.5456340443220493,
      "op_margin": 0.22098672416928633,
      "fcf_margin": 0.21251721181574915,
      "incr_op_margin_yoy": 0.6757412866308306,
      "rev_growth_yoy": 0.4278666023667322,
      "rev_growth_yoy_accel": 0.04142783452300569,
      "op_leverage_ratio": 0.4939677726645938,
      "fcf_margin_change": 0.35674459415514276
    },
    {
      "date": "2024-09-30T00:00:00",
      "quarter_label": "2024-09 (Q3)",
      "revenue": 40686000,
      "gross_profit": 22892000,
      "operating_income": 9457000,
      "net_income": 5014000,
      "opex": 31229000,
      "cogs": 17794000,
      "rd": null,
      "sga": 5213000,
      "fcf": -3170000,
      "ocf": 25918000,
      "capex": -29088000,
      "gross_margin": 0.5626505431843878,
      "op_margin": 0.23243867669468612,
      "fcf_margin": -0.07791377869537433,
      "incr_op_margin_yoy": 0.4886766126435548,
      "rev_growth_yoy": 0.2970129745927508,
      "rev_growth_yoy_accel": -0.1308536277739814,
      "op_leverage_ratio": 1.3745451289778268,
      "fcf_margin_change": -0.2904309905111235
    },
    {
      "date": "2024-12-31T00:00:00",
      "quarter_label": "2024-12 (Q4)",
      "revenue": 40658000,
      "gross_profit": 22979000,
      "operating_income": 6043000,
      "net_income": 2865000,
      "opex": 34615000,
      "cogs": 17679000,
      "rd": null,
      "sga": 6306000,
      "fcf": -5118000,
      "ocf": 9426000,
      "capex": -14544000,
      "gross_margin": 0.5651778247823307,
      "op_margin": 0.14863003590929214,
      "fcf_margin": -0.125879285749422,
      "incr_op_margin_yoy": 0.36150552174892947,
      "rev_growth_yoy": 0.12249799839871897,
      "rev_growth_yoy_accel": -0.1745149761940318,
      "fcf_margin_change": -0.047965507054047674
    },
    {
      "date": "2025-03-31T00:00:00",
      "quarter_label": "2025-03 (Q1)",
      "revenue": 41383000,
      "gross_profit": 24256000,
      "operating_income": 9507000,
      "net_income": 4854000,
      "opex": 31876000,
      "cogs": 17127000,
      "rd": null,
      "sga": 5378000,
      "fcf": 2011000,
      "ocf": 21267000,
      "capex": -19256000,
      "gross_margin": 0.586134403015731,
      "op_margin": 0.22973201556194572,
      "fcf_margin": 0.048594833627334896,
      "incr_op_margin_yoy": 0.0420017873100983,
      "rev_growth_yoy": 0.12127780637819384,
      "rev_growth_yoy_accel": -0.001220192020525132,
      "op_leverage_ratio": Infinity,
      "fcf_margin_change": 0.1744741193767569
    },
    {
      "date": "2025-06-30T00:00:00",
      "quarter_label": "2025-06 (Q2)",
      "revenue": 41382000,
      "gross_profit": 24223000,
      "operating_income": 9924000,
      "net_income": 5188000,
      "opex": 31458000,
      "cogs": 17159000,
      "rd": null,
      "sga": 5454000,
      "fcf": -14813000,
      "ocf": 10996000,
      "capex": -25809000,
      "gross_margin": 0.5853511188439419,
      "op_margin": 0.23981441206321588,
      "fcf_margin": -0.3579575660915374,
      "incr_op_margin_yoy": 0.49048772051193357,
      "rev_growth_yoy": 0.07510846691434361,
      "rev_growth_yoy_accel": -0.046169339463850226,
      "fcf_margin_change": -0.4065523997188723
    },
    {
      "date": "2025-09-30T00:00:00",
      "quarter_label": "2025-09 (Q3)",
      "revenue": 43401000,
      "gross_profit": 25828000,
      "operating_income": 10755000,
      "net_income": 5784000,
      "opex": 32646000,
      "cogs": 17573000,
      "rd": null,
      "sga": 5870000,
      "fcf": -25062000,
      "ocf": 16799000,
      "capex": -41861000,
      "gross_margin": 0.5951014953572499,
      "op_margin": 0.2478053501071404,
      "fcf_margin": -0.5774521324393447,
      "incr_op_margin_yoy": 0.47808471454880297,
      "rev_growth_yoy": 0.06673057071228432,
      "rev_growth_yoy_accel": -0.008377896202059296,
      "op_leverage_ratio": 1.2919315673774132,
      "fcf_margin_change": -0.21949456634780729
    }
  ],
  "signals": [
    {
      "quarter": "2025-09 (Q3)",
      "signal": "INCREMENTAL MARGIN (YoY)",
      "detail": "YoY Incr OPM: +47.8% vs year-ago OPM: +23.2%",
      "severity": "HIGH"
    },
    {
      "quarter": "2025-06 (Q2)",
      "signal": "INCREMENTAL MARGIN (YoY)",
      "detail": "YoY Incr OPM: +49.0% vs year-ago OPM: +22.1%",
      "severity": "HIGH"
    },
    {
      "quarter": "2025-03 (Q1)",
      "signal": "FCF TURNED POSITIVE",
      "detail": "FCF margin: -12.6% -> +4.9%",
      "severity": "HIGH"
    },
    {
      "quarter": "2024-12 (Q4)",
      "signal": "YoY REVENUE GROWTH DECELERATION",
      "detail": "YoY growth: +12.2% vs prior quarter YoY: +29.7% (decel: -17.5%)",
      "severity": "WARNING"
    },
    {
      "quarter": "2024-12 (Q4)",
      "signal": "INCREMENTAL MARGIN (YoY)",
      "detail": "YoY Incr OPM: +36.2% vs year-ago OPM: +12.3%",
      "severity": "HIGH"
    },
    {
      "quarter": "2024-09 (Q3)",
      "signal": "YoY REVENUE GROWTH DECELERATION",
      "detail": "YoY growth: +29.7% vs prior quarter YoY: +42.8% (decel: -13.1%)",
      "severity": "WARNING"
    },
    {
      "quarter": "2024-09 (Q3)",
      "signal": "INCREMENTAL MARGIN (YoY)",
      "detail": "YoY Incr OPM: +48.9% vs year-ago OPM: +15.6%",
      "severity": "HIGH"
    },
    {
      "quarter": "2024-06 (Q2)",
      "signal": "FCF TURNED POSITIVE",
      "detail": "FCF margin: -14.4% -> +21.3%",
      "severity": "HIGH"
    },
    {
      "quarter": "2024-06 (Q2)",
      "signal": "INCREMENTAL MARGIN (YoY)",
      "detail": "YoY Incr OPM: +67.6% vs year-ago OPM: +2.6%",
      "severity": "HIGH"
    },
    {
      "quarter": "2024-03 (Q1)",
      "signal": "FCF MARGIN EXPANSION",
      "detail": "FCF margin: -91.2% -> -14.4% (+76.8%)",
      "severity": "MEDIUM"
    },
    {
      "quarter": "2024-03 (Q1)",
      "signal": "YoY REVENUE GROWTH DECELERATION",
      "detail": "YoY growth: +38.6% vs prior quarter YoY: +52.1% (decel: -13.4%)",
      "severity": "WARNING"
    },
    {
      "quarter": "2024-03 (Q1)",
      "signal": "INCREMENTAL MARGIN (YoY)",
      "detail": "YoY Incr OPM: +86.7% vs year-ago OPM: +1.5%",
      "severity": "HIGH"
    },
    {
      "quarter": "2023-12 (Q4)",
      "signal": "FCF MARGIN EXPANSION",
      "detail": "FCF margin: -102.1% -> -91.2% (+10.9%)",
      "severity": "MEDIUM"
    },
    {
      "quarter": "2023-12 (Q4)",
      "signal": "INCREMENTAL MARGIN (YoY)",
      "detail": "YoY Incr OPM: +28.6% vs year-ago OPM: +3.7%",
      "severity": "HIGH"
    },
    {
      "quarter": "2023-09 (Q3)",
      "signal": "FCF MARGIN EXPANSION",
      "detail": "FCF margin: -153.1% -> -102.1% (+51.0%)",
      "severity": "MEDIUM"
    },
    {
      "quarter": "2023-09 (Q3)",
      "signal": "OPERATING LEVERAGE",
      "detail": "Rev growth +16.4% vs OpEx growth +0.8% (leverage: 19.5x)",
      "severity": "MEDIUM"
    },
    {
      "quarter": "2023-09 (Q3)",
      "signal": "YoY REVENUE GROWTH ACCELERATION",
      "detail": "YoY growth: +51.2% vs prior quarter YoY: +35.3% (accel: +15.9%)",
      "severity": "HIGH"
    },
    {
      "quarter": "2023-09 (Q3)",
      "signal": "OP MARGIN TURNED POSITIVE (YoY)",
      "detail": "Op margin: -7.2% (year-ago) -> +15.6%",
      "severity": "HIGH"
    },
    {
      "quarter": "2023-06 (Q2)",
      "signal": "OPERATING LEVERAGE",
      "detail": "Rev growth +1.3% vs OpEx growth +0.1% (leverage: 12.3x)",
      "severity": "MEDIUM"
    },
    {
      "quarter": "2022-12 (Q4)",
      "signal": "OPERATING LEVERAGE",
      "detail": "Rev growth +14.8% vs OpEx growth +3.1% (leverage: 4.8x)",
      "severity": "MEDIUM"
    },
    {
      "quarter": "2022-12 (Q4)",
      "signal": "YoY REVENUE GROWTH ACCELERATION",
      "detail": "YoY growth: +32.1% vs prior quarter YoY: +13.7% (accel: +18.4%)",
      "severity": "HIGH"
    },
    {
      "quarter": "2022-12 (Q4)",
      "signal": "OP MARGIN TURNED POSITIVE (YoY)",
      "detail": "Op margin: -45.4% (year-ago) -> +3.7%",
      "severity": "HIGH"
    },
    {
      "quarter": "2022-12 (Q4)",
      "signal": "OP MARGIN TURNED POSITIVE (QoQ)",
      "detail": "Op margin: -7.2% -> +3.7%",
      "severity": "HIGH"
    },
    {
      "quarter": "2022-06 (Q2)",
      "signal": "OP MARGIN TURNED POSITIVE (YoY)",
      "detail": "Op margin: -12.9% (year-ago) -> +3.3%",
      "severity": "HIGH"
    },
    {
      "quarter": "2022-03 (Q1)",
      "signal": "OP MARGIN TURNED POSITIVE (YoY)",
      "detail": "Op margin: -2.0% (year-ago) -> +1.9%",
      "severity": "HIGH"
    },
    {
      "quarter": "2022-03 (Q1)",
      "signal": "OP MARGIN TURNED POSITIVE (QoQ)",
      "detail": "Op margin: -45.4% -> +1.9%",
      "severity": "HIGH"
    },
    {
      "quarter": "2021-12 (Q4)",
      "signal": "FCF MARGIN EXPANSION",
      "detail": "FCF margin: +3.8% -> +10.8% (+7.0%)",
      "severity": "MEDIUM"
    },
    {
      "quarter": "2021-09 (Q3)",
      "signal": "FCF TURNED POSITIVE",
      "detail": "FCF margin: -12.6% -> +3.8%",
      "severity": "HIGH"
    }
  ],
  "data_quality": {
    "n_quarters": 20,
    "coverage": {
      "revenue": [
        20,
        20
      ],
      "gross_profit": [
        7,
        20
      ],
      "op_income": [
        20,
        20
      ],
      "fcf": [
        20,
        20
      ]
    },
    "gaps": [],
    "warnings": [
      "gross_profit: 7/20Q"
    ]
  },
  "market_cap": null,
  "source": "SEC EDGAR",
  "last_updated": "2026-02-02T22:30:26.508262"
}