{
  "ticker": "NGVC",
  "name": "Natural Grocers by Vitamin Cottage, Inc.",
  "quarters": [
    {
      "date": "2020-12-31T00:00:00",
      "quarter_label": "2020-12 (Q4)",
      "revenue": 265045000,
      "gross_profit": 73025000,
      "operating_income": 5202000,
      "net_income": 3632000,
      "opex": 67823000,
      "cogs": null,
      "rd": null,
      "sga": null,
      "fcf": 9070000,
      "ocf": 12343000,
      "capex": -3273000,
      "gross_margin": 0.2755192514478673,
      "op_margin": 0.019626855816936746,
      "fcf_margin": 0.034220604048369144
    },
    {
      "date": "2021-03-31T00:00:00",
      "quarter_label": "2021-03 (Q1)",
      "revenue": 259198000,
      "gross_profit": 71827000,
      "operating_income": 6706000,
      "net_income": 4704000,
      "opex": 65121000,
      "cogs": null,
      "rd": null,
      "sga": null,
      "fcf": -438000,
      "ocf": 4962000,
      "capex": -5400000,
      "gross_margin": 0.2771124777197355,
      "op_margin": 0.025872113210750083,
      "fcf_margin": -0.0016898278536099816,
      "fcf_margin_change": -0.03591043190197912
    },
    {
      "date": "2021-06-30T00:00:00",
      "quarter_label": "2021-06 (Q2)",
      "revenue": 258624000,
      "gross_profit": 71542000,
      "operating_income": 7048000,
      "net_income": 5032000,
      "opex": 64494000,
      "cogs": null,
      "rd": null,
      "sga": null,
      "fcf": 6867000,
      "ocf": 13708000,
      "capex": -6841000,
      "gross_margin": 0.27662552585993566,
      "op_margin": 0.02725191784211829,
      "fcf_margin": 0.02655206013363029,
      "fcf_margin_change": 0.028241887987240272
    },
    {
      "date": "2021-09-30T00:00:00",
      "quarter_label": "2021-09 (Q3)",
      "revenue": 272649000,
      "gross_profit": 75794000,
      "operating_income": 9371000,
      "net_income": 7213000,
      "opex": 66423000,
      "cogs": null,
      "rd": null,
      "sga": null,
      "fcf": 12031000,
      "ocf": 22867000,
      "capex": -10836000,
      "gross_margin": 0.2779911167838503,
      "op_margin": 0.03437019758003881,
      "fcf_margin": 0.04412633092364175,
      "op_leverage_ratio": 1.8130973833332753,
      "fcf_margin_change": 0.017574270790011462
    },
    {
      "date": "2021-12-31T00:00:00",
      "quarter_label": "2021-12 (Q4)",
      "revenue": 277288000,
      "gross_profit": 78737000,
      "operating_income": 12024000,
      "net_income": 8915000,
      "opex": 66713000,
      "cogs": null,
      "rd": null,
      "sga": null,
      "fcf": 7403000,
      "ocf": 12059000,
      "capex": -4656000,
      "gross_margin": 0.2839538674591039,
      "op_margin": 0.04336285739015031,
      "fcf_margin": 0.02669787369089178,
      "incr_op_margin_yoy": 0.5572163685371233,
      "rev_growth_yoy": 0.04619215604897282,
      "op_leverage_ratio": 3.8970946351257982,
      "fcf_margin_change": -0.01742845723274997
    },
    {
      "date": "2022-03-31T00:00:00",
      "quarter_label": "2022-03 (Q1)",
      "revenue": 271822000,
      "gross_profit": 76782000,
      "operating_income": 8864000,
      "net_income": 6357000,
      "opex": 67918000,
      "cogs": null,
      "rd": null,
      "sga": null,
      "fcf": 9323000,
      "ocf": 15522000,
      "capex": -6199000,
      "gross_margin": 0.2824716174555408,
      "op_margin": 0.03260957538389093,
      "fcf_margin": 0.034298180426897015,
      "incr_op_margin_yoy": 0.17094423320659063,
      "rev_growth_yoy": 0.04870407950678632,
      "rev_growth_yoy_accel": 0.0025119234578135016,
      "fcf_margin_change": 0.007600306736005234
    },
    {
      "date": "2022-06-30T00:00:00",
      "quarter_label": "2022-06 (Q2)",
      "revenue": 266309000,
      "gross_profit": 73559000,
      "operating_income": 5651000,
      "net_income": 3933000,
      "opex": 67908000,
      "cogs": null,
      "rd": null,
      "sga": null,
      "fcf": -3146000,
      "ocf": 1924000,
      "capex": -5070000,
      "gross_margin": 0.2762167256833228,
      "op_margin": 0.021219710937294647,
      "fcf_margin": -0.011813344648509813,
      "incr_op_margin_yoy": -0.18178269355888094,
      "rev_growth_yoy": 0.029714952981935164,
      "rev_growth_yoy_accel": -0.018989126524851154,
      "fcf_margin_change": -0.04611152507540683
    },
    {
      "date": "2022-09-30T00:00:00",
      "quarter_label": "2022-09 (Q3)",
      "revenue": 274206000,
      "gross_profit": 75803000,
      "operating_income": 3616000,
      "net_income": 2160000,
      "opex": 72187000,
      "cogs": null,
      "rd": null,
      "sga": null,
      "fcf": -1925000,
      "ocf": 10188000,
      "capex": -12113000,
      "gross_margin": 0.2764454461244466,
      "op_margin": 0.013187165853409481,
      "fcf_margin": -0.007020269432470479,
      "incr_op_margin_yoy": -3.6962106615285806,
      "rev_growth_yoy": 0.00571063895337962,
      "rev_growth_yoy_accel": -0.024004314028555546,
      "op_leverage_ratio": 0.4706032777399823,
      "fcf_margin_change": 0.004793075216039335
    },
    {
      "date": "2022-12-31T00:00:00",
      "quarter_label": "2022-12 (Q4)",
      "revenue": 280457000,
      "gross_profit": 78719000,
      "operating_income": 6417000,
      "net_income": 4407000,
      "opex": 72302000,
      "cogs": null,
      "rd": null,
      "sga": null,
      "fcf": 10794000,
      "ocf": 21207000,
      "capex": -10413000,
      "gross_margin": 0.28068117394110326,
      "op_margin": 0.022880512877196862,
      "fcf_margin": 0.038487183418491965,
      "incr_op_margin_yoy": -1.769327863679394,
      "rev_growth_yoy": 0.011428550820807248,
      "rev_growth_yoy_accel": 0.005717911867427628,
      "op_leverage_ratio": 14.309804434558723,
      "fcf_margin_change": 0.04550745285096244
    },
    {
      "date": "2023-03-31T00:00:00",
      "quarter_label": "2023-03 (Q1)",
      "revenue": 283245000,
      "gross_profit": 82477000,
      "operating_income": 8431000,
      "net_income": 5884000,
      "opex": 74046000,
      "cogs": null,
      "rd": null,
      "sga": null,
      "fcf": 7085000,
      "ocf": 13650000,
      "capex": -6565000,
      "gross_margin": 0.2911860756588819,
      "op_margin": 0.029765750498684886,
      "fcf_margin": 0.025013680735758794,
      "incr_op_margin_yoy": -0.03790597916484286,
      "rev_growth_yoy": 0.042023824414506555,
      "rev_growth_yoy_accel": 0.030595273593699308,
      "fcf_margin_change": -0.01347350268273317
    },
    {
      "date": "2023-06-30T00:00:00",
      "quarter_label": "2023-06 (Q2)",
      "revenue": 281791000,
      "gross_profit": 81390000,
      "operating_income": 9084000,
      "net_income": 7072000,
      "opex": 72306000,
      "cogs": null,
      "rd": null,
      "sga": null,
      "fcf": -4961000,
      "ocf": 1302000,
      "capex": -6263000,
      "gross_margin": 0.28883108403036295,
      "op_margin": 0.032236657664723146,
      "fcf_margin": -0.017605246441511617,
      "incr_op_margin_yoy": 0.2217413770830642,
      "rev_growth_yoy": 0.05813547420477716,
      "rev_growth_yoy_accel": 0.016111649790270605,
      "fcf_margin_change": -0.04261892717727041
    },
    {
      "date": "2023-09-30T00:00:00",
      "quarter_label": "2023-09 (Q3)",
      "revenue": 295075000,
      "gross_profit": 84345000,
      "operating_income": 7737000,
      "net_income": 5880000,
      "opex": 76608000,
      "cogs": null,
      "rd": null,
      "sga": null,
      "fcf": 15120000,
      "ocf": 28447000,
      "capex": -13327000,
      "gross_margin": 0.28584258239430654,
      "op_margin": 0.026220452427348977,
      "fcf_margin": 0.05124120986189952,
      "incr_op_margin_yoy": 0.19746993147731084,
      "rev_growth_yoy": 0.07610701443440333,
      "rev_growth_yoy_accel": 0.017971540229626173,
      "op_leverage_ratio": 0.7923292328780006,
      "fcf_margin_change": 0.06884645630341113
    },
    {
      "date": "2023-12-31T00:00:00",
      "quarter_label": "2023-12 (Q4)",
      "revenue": 301750000,
      "gross_profit": 88760000,
      "operating_income": 10803000,
      "net_income": 7755000,
      "opex": 77957000,
      "cogs": null,
      "rd": null,
      "sga": null,
      "fcf": 4890000,
      "ocf": 16624000,
      "capex": -11734000,
      "gross_margin": 0.29415078707539355,
      "op_margin": 0.03580115990057995,
      "fcf_margin": 0.01620546810273405,
      "incr_op_margin_yoy": 0.20598318696285164,
      "rev_growth_yoy": 0.07592251218546872,
      "rev_growth_yoy_accel": -0.0001845022489346121,
      "op_leverage_ratio": 1.2846387824532555,
      "fcf_margin_change": -0.03503574175916547
    },
    {
      "date": "2024-03-31T00:00:00",
      "quarter_label": "2024-03 (Q1)",
      "revenue": 308092000,
      "gross_profit": 90357000,
      "operating_income": 11261000,
      "net_income": 7961000,
      "opex": 79096000,
      "cogs": null,
      "rd": null,
      "sga": null,
      "fcf": 9774000,
      "ocf": 20223000,
      "capex": -10449000,
      "gross_margin": 0.2932792802150007,
      "op_margin": 0.036550770549056776,
      "fcf_margin": 0.03172429014709892,
      "incr_op_margin_yoy": 0.11389704994566749,
      "rev_growth_yoy": 0.08772264294162298,
      "rev_growth_yoy_accel": 0.011800130756154256,
      "op_leverage_ratio": 1.4385016115387779,
      "fcf_margin_change": 0.015518822044364868
    },
    {
      "date": "2024-06-30T00:00:00",
      "quarter_label": "2024-06 (Q2)",
      "revenue": 309082000,
      "gross_profit": 90331000,
      "operating_income": 12847000,
      "net_income": 9209000,
      "opex": 77484000,
      "cogs": null,
      "rd": null,
      "sga": null,
      "fcf": 3600000,
      "ocf": 12433000,
      "capex": -8833000,
      "gross_margin": 0.2922557767841544,
      "op_margin": 0.04156502158003378,
      "fcf_margin": 0.011647394542548579,
      "incr_op_margin_yoy": 0.13788428419625517,
      "rev_growth_yoy": 0.09684837343988985,
      "rev_growth_yoy_accel": 0.00912573049826687,
      "fcf_margin_change": -0.020076895604550338
    },
    {
      "date": "2024-09-30T00:00:00",
      "quarter_label": "2024-09 (Q3)",
      "revenue": 322661000,
      "gross_profit": 95362000,
      "operating_income": 12066000,
      "net_income": 9010000,
      "opex": 83296000,
      "cogs": null,
      "rd": null,
      "sga": null,
      "fcf": 17955000,
      "ocf": 24480000,
      "capex": -6525000,
      "gross_margin": 0.2955485788490087,
      "op_margin": 0.037395284834547717,
      "fcf_margin": 0.055646638422368985,
      "incr_op_margin_yoy": 0.15692742695570217,
      "rev_growth_yoy": 0.09348809624671693,
      "rev_growth_yoy_accel": -0.003360277193172917,
      "op_leverage_ratio": 0.5857071171570464,
      "fcf_margin_change": 0.043999243879820404
    },
    {
      "date": "2024-12-31T00:00:00",
      "quarter_label": "2024-12 (Q4)",
      "revenue": 330221000,
      "gross_profit": 98824000,
      "operating_income": 13348000,
      "net_income": 9938000,
      "opex": 85476000,
      "cogs": null,
      "rd": null,
      "sga": null,
      "fcf": -6936000,
      "ocf": 2682000,
      "capex": -9618000,
      "gross_margin": 0.29926624896660114,
      "op_margin": 0.04042141474951624,
      "fcf_margin": -0.021004115425730042,
      "incr_op_margin_yoy": 0.08938920304871624,
      "rev_growth_yoy": 0.09435294117647058,
      "rev_growth_yoy_accel": 0.0008648449297536526,
      "op_leverage_ratio": 0.8952472030960207,
      "fcf_margin_change": -0.07665075384809902
    },
    {
      "date": "2025-03-31T00:00:00",
      "quarter_label": "2025-03 (Q1)",
      "revenue": 335769000,
      "gross_profit": 101748000,
      "operating_income": 17553000,
      "net_income": 13101000,
      "opex": 84195000,
      "cogs": null,
      "rd": null,
      "sga": null,
      "fcf": 27640000,
      "ocf": 34062000,
      "capex": -6422000,
      "gross_margin": 0.3030297615324822,
      "op_margin": 0.05227701187423497,
      "fcf_margin": 0.08231849872978149,
      "incr_op_margin_yoy": 0.2273367778299671,
      "rev_growth_yoy": 0.08983355621048258,
      "rev_growth_yoy_accel": -0.004519384965987999,
      "op_leverage_ratio": Infinity,
      "fcf_margin_change": 0.10332261415551153
    },
    {
      "date": "2025-06-30T00:00:00",
      "quarter_label": "2025-06 (Q2)",
      "revenue": 328705000,
      "gross_profit": 98279000,
      "operating_income": 15587000,
      "net_income": 11605000,
      "opex": 82692000,
      "cogs": null,
      "rd": null,
      "sga": null,
      "fcf": -4151000,
      "ocf": 2933000,
      "capex": -7084000,
      "gross_margin": 0.2989884546934181,
      "op_margin": 0.04741941862764485,
      "fcf_margin": -0.012628344564274958,
      "incr_op_margin_yoy": 0.1396320644142078,
      "rev_growth_yoy": 0.06348800641900855,
      "rev_growth_yoy_accel": -0.026345549791474035,
      "fcf_margin_change": -0.09494684329405645
    },
    {
      "date": "2025-09-30T00:00:00",
      "quarter_label": "2025-09 (Q3)",
      "revenue": 336141000,
      "gross_profit": 99026000,
      "operating_income": 15502000,
      "net_income": 11800000,
      "opex": 83524000,
      "cogs": null,
      "rd": null,
      "sga": null,
      "fcf": 7550000,
      "ocf": 15627000,
      "capex": -8077000,
      "gross_margin": 0.29459661273096704,
      "op_margin": 0.046117551860677515,
      "fcf_margin": 0.022460812575675088,
      "incr_op_margin_yoy": 0.25489614243323444,
      "rev_growth_yoy": 0.0417775932015335,
      "rev_growth_yoy_accel": -0.02171041321747505,
      "op_leverage_ratio": 2.2483982598378485,
      "fcf_margin_change": 0.03508915713995005
    }
  ],
  "signals": [
    {
      "quarter": "2025-09 (Q3)",
      "signal": "FCF TURNED POSITIVE",
      "detail": "FCF margin: -1.3% -> +2.2%",
      "severity": "HIGH"
    },
    {
      "quarter": "2025-09 (Q3)",
      "signal": "OPERATING LEVERAGE",
      "detail": "Rev growth +2.3% vs OpEx growth +1.0% (leverage: 2.2x)",
      "severity": "MEDIUM"
    },
    {
      "quarter": "2025-09 (Q3)",
      "signal": "INCREMENTAL MARGIN (YoY)",
      "detail": "YoY Incr OPM: +25.5% vs year-ago OPM: +3.7%",
      "severity": "HIGH"
    },
    {
      "quarter": "2025-03 (Q1)",
      "signal": "FCF TURNED POSITIVE",
      "detail": "FCF margin: -2.1% -> +8.2%",
      "severity": "HIGH"
    },
    {
      "quarter": "2025-03 (Q1)",
      "signal": "INCREMENTAL MARGIN (YoY)",
      "detail": "YoY Incr OPM: +22.7% vs year-ago OPM: +3.7%",
      "severity": "MEDIUM"
    },
    {
      "quarter": "2024-09 (Q3)",
      "signal": "INCREMENTAL MARGIN (YoY)",
      "detail": "YoY Incr OPM: +15.7% vs year-ago OPM: +2.6%",
      "severity": "MEDIUM"
    },
    {
      "quarter": "2024-06 (Q2)",
      "signal": "INCREMENTAL MARGIN (YoY)",
      "detail": "YoY Incr OPM: +13.8% vs year-ago OPM: +3.2%",
      "severity": "MEDIUM"
    },
    {
      "quarter": "2023-12 (Q4)",
      "signal": "INCREMENTAL MARGIN (YoY)",
      "detail": "YoY Incr OPM: +20.6% vs year-ago OPM: +2.3%",
      "severity": "MEDIUM"
    },
    {
      "quarter": "2023-09 (Q3)",
      "signal": "FCF TURNED POSITIVE",
      "detail": "FCF margin: -1.8% -> +5.1%",
      "severity": "HIGH"
    },
    {
      "quarter": "2023-09 (Q3)",
      "signal": "INCREMENTAL MARGIN (YoY)",
      "detail": "YoY Incr OPM: +19.7% vs year-ago OPM: +1.3%",
      "severity": "MEDIUM"
    },
    {
      "quarter": "2023-06 (Q2)",
      "signal": "INCREMENTAL MARGIN (YoY)",
      "detail": "YoY Incr OPM: +22.2% vs year-ago OPM: +2.1%",
      "severity": "HIGH"
    },
    {
      "quarter": "2022-12 (Q4)",
      "signal": "FCF TURNED POSITIVE",
      "detail": "FCF margin: -0.7% -> +3.8%",
      "severity": "HIGH"
    },
    {
      "quarter": "2022-12 (Q4)",
      "signal": "OPERATING LEVERAGE",
      "detail": "Rev growth +2.3% vs OpEx growth +0.2% (leverage: 14.3x)",
      "severity": "MEDIUM"
    },
    {
      "quarter": "2022-03 (Q1)",
      "signal": "INCREMENTAL MARGIN (YoY)",
      "detail": "YoY Incr OPM: +17.1% vs year-ago OPM: +2.6%",
      "severity": "MEDIUM"
    },
    {
      "quarter": "2021-12 (Q4)",
      "signal": "OPERATING LEVERAGE",
      "detail": "Rev growth +1.7% vs OpEx growth +0.4% (leverage: 3.9x)",
      "severity": "MEDIUM"
    },
    {
      "quarter": "2021-12 (Q4)",
      "signal": "INCREMENTAL MARGIN (YoY)",
      "detail": "YoY Incr OPM: +55.7% vs year-ago OPM: +2.0%",
      "severity": "HIGH"
    },
    {
      "quarter": "2021-09 (Q3)",
      "signal": "OPERATING LEVERAGE",
      "detail": "Rev growth +5.4% vs OpEx growth +3.0% (leverage: 1.8x)",
      "severity": "MEDIUM"
    },
    {
      "quarter": "2021-06 (Q2)",
      "signal": "FCF TURNED POSITIVE",
      "detail": "FCF margin: -0.2% -> +2.7%",
      "severity": "HIGH"
    }
  ],
  "data_quality": {
    "n_quarters": 20,
    "coverage": {
      "revenue": [
        20,
        20
      ],
      "gross_profit": [
        20,
        20
      ],
      "op_income": [
        20,
        20
      ],
      "fcf": [
        20,
        20
      ]
    },
    "gaps": [],
    "warnings": []
  },
  "market_cap": null,
  "source": "SEC EDGAR",
  "last_updated": "2026-02-02T22:17:34.267753"
}