{
  "ticker": "NHC",
  "name": "NATIONAL HEALTHCARE CORP",
  "quarters": [
    {
      "date": "2020-12-31T00:00:00",
      "quarter_label": "2020-12 (Q4)",
      "revenue": 259825000,
      "gross_profit": null,
      "operating_income": 12779000,
      "net_income": 27550000,
      "opex": 247046000,
      "cogs": null,
      "rd": null,
      "sga": null,
      "fcf": 15203000,
      "ocf": 19359000,
      "capex": -4156000,
      "gross_margin": null,
      "op_margin": 0.04918310401231598,
      "fcf_margin": 0.05851246030982392
    },
    {
      "date": "2021-03-31T00:00:00",
      "quarter_label": "2021-03 (Q1)",
      "revenue": 250973000,
      "gross_profit": null,
      "operating_income": 15222000,
      "net_income": 21267000,
      "opex": 235751000,
      "cogs": null,
      "rd": null,
      "sga": null,
      "fcf": 8262000,
      "ocf": 12589000,
      "capex": -4327000,
      "gross_margin": null,
      "op_margin": 0.060651942639248044,
      "fcf_margin": 0.0329198758432182,
      "fcf_margin_change": -0.02559258446660572
    },
    {
      "date": "2021-06-30T00:00:00",
      "quarter_label": "2021-06 (Q2)",
      "revenue": 263158000,
      "gross_profit": null,
      "operating_income": 13795000,
      "net_income": 104883000,
      "opex": 249363000,
      "cogs": null,
      "rd": null,
      "sga": null,
      "fcf": 18717000,
      "ocf": 27533000,
      "capex": -8816000,
      "gross_margin": null,
      "op_margin": 0.05242097903160839,
      "fcf_margin": 0.07112457155017138,
      "op_leverage_ratio": 0.8408724712709934,
      "fcf_margin_change": 0.03820469570695318
    },
    {
      "date": "2021-09-30T00:00:00",
      "quarter_label": "2021-09 (Q3)",
      "revenue": 276737000,
      "gross_profit": null,
      "operating_income": 12762000,
      "net_income": -3348000,
      "opex": 263975000,
      "cogs": null,
      "rd": null,
      "sga": null,
      "fcf": -5882000,
      "ocf": 6749000,
      "capex": -12631000,
      "gross_margin": null,
      "op_margin": 0.04611598738152108,
      "fcf_margin": -0.021254837625615655,
      "op_leverage_ratio": 0.8805896198829585,
      "fcf_margin_change": -0.09237940917578703
    },
    {
      "date": "2021-12-31T00:00:00",
      "quarter_label": "2021-12 (Q4)",
      "revenue": 283434000,
      "gross_profit": null,
      "operating_income": 9146000,
      "net_income": 15788000,
      "opex": 274288000,
      "cogs": null,
      "rd": null,
      "sga": null,
      "fcf": 1898000,
      "ocf": 15523000,
      "capex": -13625000,
      "gross_margin": null,
      "op_margin": 0.03226853517926572,
      "fcf_margin": 0.0066964443221349595,
      "incr_op_margin_yoy": -0.1538819941547715,
      "rev_growth_yoy": 0.09086500529202347,
      "op_leverage_ratio": 0.6194280260356786,
      "fcf_margin_change": 0.027951281947750616
    },
    {
      "date": "2022-03-31T00:00:00",
      "quarter_label": "2022-03 (Q1)",
      "revenue": 278983000,
      "gross_profit": null,
      "operating_income": 14217000,
      "net_income": 15318000,
      "opex": 264766000,
      "cogs": null,
      "rd": null,
      "sga": null,
      "fcf": -36419000,
      "ocf": -27457000,
      "capex": -8962000,
      "gross_margin": null,
      "op_margin": 0.05096009434266604,
      "fcf_margin": -0.13054200435151964,
      "incr_op_margin_yoy": -0.0358800428418422,
      "rev_growth_yoy": 0.11160563088459714,
      "rev_growth_yoy_accel": 0.02074062559257367,
      "fcf_margin_change": -0.1372384486736546
    },
    {
      "date": "2022-06-30T00:00:00",
      "quarter_label": "2022-06 (Q2)",
      "revenue": 271359000,
      "gross_profit": null,
      "operating_income": 4551000,
      "net_income": 3203000,
      "opex": 266808000,
      "cogs": null,
      "rd": null,
      "sga": null,
      "fcf": 18171000,
      "ocf": 26242000,
      "capex": -8071000,
      "gross_margin": null,
      "op_margin": 0.016771140813461136,
      "fcf_margin": 0.06696295313588273,
      "incr_op_margin_yoy": -1.1271796122424094,
      "rev_growth_yoy": 0.031163787534484986,
      "rev_growth_yoy_accel": -0.08044184335011216,
      "fcf_margin_change": 0.19750495748740238
    },
    {
      "date": "2022-09-30T00:00:00",
      "quarter_label": "2022-09 (Q3)",
      "revenue": 270843000,
      "gross_profit": null,
      "operating_income": 4078000,
      "net_income": -2429000,
      "opex": 266765000,
      "cogs": null,
      "rd": null,
      "sga": null,
      "fcf": -9507000,
      "ocf": -1977000,
      "capex": -7530000,
      "gross_margin": null,
      "op_margin": 0.015056693361098496,
      "fcf_margin": -0.03510151637664625,
      "incr_op_margin_yoy": 1.473362741771293,
      "rev_growth_yoy": -0.021298200096120143,
      "rev_growth_yoy_accel": -0.052461987630605125,
      "fcf_margin_change": -0.10206446951252898
    },
    {
      "date": "2022-12-31T00:00:00",
      "quarter_label": "2022-12 (Q4)",
      "revenue": 264553000,
      "gross_profit": null,
      "operating_income": 9050000,
      "net_income": 6353000,
      "opex": 255503000,
      "cogs": null,
      "rd": null,
      "sga": null,
      "fcf": 6297000,
      "ocf": 11934000,
      "capex": -5637000,
      "gross_margin": null,
      "op_margin": 0.03420864628259744,
      "fcf_margin": 0.023802413883040448,
      "incr_op_margin_yoy": 0.005084476457814734,
      "rev_growth_yoy": -0.0666151555564964,
      "rev_growth_yoy_accel": -0.04531695546037626,
      "fcf_margin_change": 0.058903930259686696
    },
    {
      "date": "2023-03-31T00:00:00",
      "quarter_label": "2023-03 (Q1)",
      "revenue": 269563000,
      "gross_profit": null,
      "operating_income": 10012000,
      "net_income": 11723000,
      "opex": 259551000,
      "cogs": null,
      "rd": null,
      "sga": null,
      "fcf": 7217000,
      "ocf": 13857000,
      "capex": -6640000,
      "gross_margin": null,
      "op_margin": 0.03714159584215935,
      "fcf_margin": 0.026772962164688774,
      "incr_op_margin_yoy": 0.4463906581740977,
      "rev_growth_yoy": -0.03376549825616615,
      "rev_growth_yoy_accel": 0.03284965730033025,
      "op_leverage_ratio": 1.195309951117635,
      "fcf_margin_change": 0.002970548281648326
    },
    {
      "date": "2023-06-30T00:00:00",
      "quarter_label": "2023-06 (Q2)",
      "revenue": 282582000,
      "gross_profit": null,
      "operating_income": 13977000,
      "net_income": 16281000,
      "opex": 268605000,
      "cogs": null,
      "rd": null,
      "sga": null,
      "fcf": 33172000,
      "ocf": 39321000,
      "capex": -6149000,
      "gross_margin": null,
      "op_margin": 0.0494617491559972,
      "fcf_margin": 0.11738893489323453,
      "incr_op_margin_yoy": 0.8398823843892007,
      "rev_growth_yoy": 0.04135849557228616,
      "rev_growth_yoy_accel": 0.0751239938284523,
      "op_leverage_ratio": 1.3845210474631022,
      "fcf_margin_change": 0.09061597272854575
    },
    {
      "date": "2023-09-30T00:00:00",
      "quarter_label": "2023-09 (Q3)",
      "revenue": 288485000,
      "gross_profit": null,
      "operating_income": 13025000,
      "net_income": 10388000,
      "opex": 275460000,
      "cogs": null,
      "rd": null,
      "sga": null,
      "fcf": 25794000,
      "ocf": 32305000,
      "capex": -6511000,
      "gross_margin": null,
      "op_margin": 0.045149661160892245,
      "fcf_margin": 0.08941192782986984,
      "incr_op_margin_yoy": 0.5071420473869176,
      "rev_growth_yoy": 0.06513736740473264,
      "rev_growth_yoy_accel": 0.02377887183244648,
      "op_leverage_ratio": 0.8185306046290516,
      "fcf_margin_change": -0.027977007063364687
    },
    {
      "date": "2023-12-31T00:00:00",
      "quarter_label": "2023-12 (Q4)",
      "revenue": 300914000,
      "gross_profit": null,
      "operating_income": 20120000,
      "net_income": 28406000,
      "opex": 280794000,
      "cogs": null,
      "rd": null,
      "sga": null,
      "fcf": 17132000,
      "ocf": 25733000,
      "capex": -8601000,
      "gross_margin": null,
      "op_margin": 0.06686295752274736,
      "fcf_margin": 0.05693321015306699,
      "incr_op_margin_yoy": 0.30444707241274993,
      "rev_growth_yoy": 0.1374431588377376,
      "rev_growth_yoy_accel": 0.07230579143300497,
      "op_leverage_ratio": 2.2249409189035,
      "fcf_margin_change": -0.032478717676802854
    },
    {
      "date": "2024-03-31T00:00:00",
      "quarter_label": "2024-03 (Q1)",
      "revenue": 297176000,
      "gross_profit": null,
      "operating_income": 15629000,
      "net_income": 26213000,
      "opex": 281547000,
      "cogs": null,
      "rd": null,
      "sga": null,
      "fcf": 3691000,
      "ocf": 9646000,
      "capex": -5955000,
      "gross_margin": null,
      "op_margin": 0.052591730153175226,
      "fcf_margin": 0.012420249279888013,
      "incr_op_margin_yoy": 0.2034186796074313,
      "rev_growth_yoy": 0.10243616520071375,
      "rev_growth_yoy_accel": -0.035006993637023864,
      "fcf_margin_change": -0.04451296087317898
    },
    {
      "date": "2024-06-30T00:00:00",
      "quarter_label": "2024-06 (Q2)",
      "revenue": 300658000,
      "gross_profit": null,
      "operating_income": 22520000,
      "net_income": 26844000,
      "opex": 278138000,
      "cogs": null,
      "rd": null,
      "sga": null,
      "fcf": 42828000,
      "ocf": 50661000,
      "capex": -7833000,
      "gross_margin": null,
      "op_margin": 0.0749023807781599,
      "fcf_margin": 0.14244756500741707,
      "incr_op_margin_yoy": 0.47261562292542597,
      "rev_growth_yoy": 0.06396727321626997,
      "rev_growth_yoy_accel": -0.03846889198444378,
      "op_leverage_ratio": Infinity,
      "fcf_margin_change": 0.13002731572752904
    },
    {
      "date": "2024-09-30T00:00:00",
      "quarter_label": "2024-09 (Q3)",
      "revenue": 340198000,
      "gross_profit": null,
      "operating_income": 21047000,
      "net_income": 42789000,
      "opex": 319151000,
      "cogs": null,
      "rd": null,
      "sga": null,
      "fcf": 28551000,
      "ocf": 34207000,
      "capex": -5656000,
      "gross_margin": null,
      "op_margin": 0.061866912797841254,
      "fcf_margin": 0.08392465564171453,
      "incr_op_margin_yoy": 0.15512540367025698,
      "rev_growth_yoy": 0.17925715375149487,
      "rev_growth_yoy_accel": 0.1152898805352249,
      "op_leverage_ratio": 0.8918723298474035,
      "fcf_margin_change": -0.058522909365702536
    },
    {
      "date": "2024-12-31T00:00:00",
      "quarter_label": "2024-12 (Q4)",
      "revenue": 369350000,
      "gross_profit": null,
      "operating_income": 26564000,
      "net_income": 6081000,
      "opex": 342786000,
      "cogs": null,
      "rd": null,
      "sga": null,
      "fcf": 4633000,
      "ocf": 12789000,
      "capex": -8156000,
      "gross_margin": null,
      "op_margin": 0.0719209421957493,
      "fcf_margin": 0.01254365777717612,
      "incr_op_margin_yoy": 0.09416096791162545,
      "rev_growth_yoy": 0.227427105418824,
      "rev_growth_yoy_accel": 0.048169951667329125,
      "op_leverage_ratio": 1.1571168080438896,
      "fcf_margin_change": -0.07138099786453841
    },
    {
      "date": "2025-03-31T00:00:00",
      "quarter_label": "2025-03 (Q1)",
      "revenue": 373697000,
      "gross_profit": null,
      "operating_income": 30767000,
      "net_income": 32205000,
      "opex": 342930000,
      "cogs": null,
      "rd": null,
      "sga": null,
      "fcf": 33118000,
      "ocf": 39255000,
      "capex": -6137000,
      "gross_margin": null,
      "op_margin": 0.08233140753070001,
      "fcf_margin": 0.08862260066310407,
      "incr_op_margin_yoy": 0.19782804720272867,
      "rev_growth_yoy": 0.2574938756830969,
      "rev_growth_yoy_accel": 0.030066770264272902,
      "op_leverage_ratio": Infinity,
      "fcf_margin_change": 0.07607894288592795
    },
    {
      "date": "2025-06-30T00:00:00",
      "quarter_label": "2025-06 (Q2)",
      "revenue": 374910000,
      "gross_profit": null,
      "operating_income": 34090000,
      "net_income": 23722000,
      "opex": 340820000,
      "cogs": null,
      "rd": null,
      "sga": null,
      "fcf": 52615000,
      "ocf": 62819000,
      "capex": -10204000,
      "gross_margin": null,
      "op_margin": 0.09092848950414766,
      "fcf_margin": 0.14034034835027073,
      "incr_op_margin_yoy": 0.1558207186338415,
      "rev_growth_yoy": 0.24696499012166648,
      "rev_growth_yoy_accel": -0.010528885561430418,
      "fcf_margin_change": 0.051717747687166665
    },
    {
      "date": "2025-09-30T00:00:00",
      "quarter_label": "2025-09 (Q3)",
      "revenue": 382661000,
      "gross_profit": null,
      "operating_income": 30378000,
      "net_income": 39239000,
      "opex": 352283000,
      "cogs": null,
      "rd": null,
      "sga": null,
      "fcf": 56489000,
      "ocf": 66197000,
      "capex": -9708000,
      "gross_margin": null,
      "op_margin": 0.07938619300111587,
      "fcf_margin": 0.14762152401211517,
      "incr_op_margin_yoy": 0.21974424793349503,
      "rev_growth_yoy": 0.12481848805695507,
      "rev_growth_yoy_accel": -0.1221465020647114,
      "op_leverage_ratio": 0.6146919024560195,
      "fcf_margin_change": 0.007281175661844441
    }
  ],
  "signals": [
    {
      "quarter": "2025-09 (Q3)",
      "signal": "YoY REVENUE GROWTH DECELERATION",
      "detail": "YoY growth: +12.5% vs prior quarter YoY: +24.7% (decel: -12.2%)",
      "severity": "WARNING"
    },
    {
      "quarter": "2025-09 (Q3)",
      "signal": "INCREMENTAL MARGIN (YoY)",
      "detail": "YoY Incr OPM: +22.0% vs year-ago OPM: +6.2%",
      "severity": "MEDIUM"
    },
    {
      "quarter": "2025-06 (Q2)",
      "signal": "FCF MARGIN EXPANSION",
      "detail": "FCF margin: +8.9% -> +14.0% (+5.2%)",
      "severity": "MEDIUM"
    },
    {
      "quarter": "2025-03 (Q1)",
      "signal": "FCF MARGIN EXPANSION",
      "detail": "FCF margin: +1.3% -> +8.9% (+7.6%)",
      "severity": "MEDIUM"
    },
    {
      "quarter": "2025-03 (Q1)",
      "signal": "OPERATING LEVERAGE",
      "detail": "Rev growth +1.2% vs OpEx growth +0.0% (leverage: 28.0x)",
      "severity": "MEDIUM"
    },
    {
      "quarter": "2025-03 (Q1)",
      "signal": "INCREMENTAL MARGIN (YoY)",
      "detail": "YoY Incr OPM: +19.8% vs year-ago OPM: +5.3%",
      "severity": "MEDIUM"
    },
    {
      "quarter": "2024-09 (Q3)",
      "signal": "YoY REVENUE GROWTH ACCELERATION",
      "detail": "YoY growth: +17.9% vs prior quarter YoY: +6.4% (accel: +11.5%)",
      "severity": "MEDIUM"
    },
    {
      "quarter": "2024-09 (Q3)",
      "signal": "INCREMENTAL MARGIN (YoY)",
      "detail": "YoY Incr OPM: +15.5% vs year-ago OPM: +4.5%",
      "severity": "MEDIUM"
    },
    {
      "quarter": "2024-06 (Q2)",
      "signal": "FCF MARGIN EXPANSION",
      "detail": "FCF margin: +1.2% -> +14.2% (+13.0%)",
      "severity": "MEDIUM"
    },
    {
      "quarter": "2024-06 (Q2)",
      "signal": "INCREMENTAL MARGIN (YoY)",
      "detail": "YoY Incr OPM: +47.3% vs year-ago OPM: +4.9%",
      "severity": "HIGH"
    },
    {
      "quarter": "2024-03 (Q1)",
      "signal": "INCREMENTAL MARGIN (YoY)",
      "detail": "YoY Incr OPM: +20.3% vs year-ago OPM: +3.7%",
      "severity": "MEDIUM"
    },
    {
      "quarter": "2023-12 (Q4)",
      "signal": "OPERATING LEVERAGE",
      "detail": "Rev growth +4.3% vs OpEx growth +1.9% (leverage: 2.2x)",
      "severity": "MEDIUM"
    },
    {
      "quarter": "2023-12 (Q4)",
      "signal": "YoY REVENUE GROWTH ACCELERATION",
      "detail": "YoY growth: +13.7% vs prior quarter YoY: +6.5% (accel: +7.2%)",
      "severity": "MEDIUM"
    },
    {
      "quarter": "2023-12 (Q4)",
      "signal": "INCREMENTAL MARGIN (YoY)",
      "detail": "YoY Incr OPM: +30.4% vs year-ago OPM: +3.4%",
      "severity": "HIGH"
    },
    {
      "quarter": "2023-09 (Q3)",
      "signal": "INCREMENTAL MARGIN (YoY)",
      "detail": "YoY Incr OPM: +50.7% vs year-ago OPM: +1.5%",
      "severity": "HIGH"
    },
    {
      "quarter": "2023-06 (Q2)",
      "signal": "FCF MARGIN EXPANSION",
      "detail": "FCF margin: +2.7% -> +11.7% (+9.1%)",
      "severity": "MEDIUM"
    },
    {
      "quarter": "2023-06 (Q2)",
      "signal": "YoY REVENUE GROWTH ACCELERATION",
      "detail": "YoY growth: +4.1% vs prior quarter YoY: -3.4% (accel: +7.5%)",
      "severity": "MEDIUM"
    },
    {
      "quarter": "2023-06 (Q2)",
      "signal": "INCREMENTAL MARGIN (YoY)",
      "detail": "YoY Incr OPM: +84.0% vs year-ago OPM: +1.7%",
      "severity": "HIGH"
    },
    {
      "quarter": "2023-03 (Q1)",
      "signal": "INCREMENTAL MARGIN (YoY)",
      "detail": "YoY Incr OPM: +44.6% vs year-ago OPM: +5.1%",
      "severity": "HIGH"
    },
    {
      "quarter": "2022-12 (Q4)",
      "signal": "FCF TURNED POSITIVE",
      "detail": "FCF margin: -3.5% -> +2.4%",
      "severity": "HIGH"
    },
    {
      "quarter": "2022-09 (Q3)",
      "signal": "YoY REVENUE GROWTH DECELERATION",
      "detail": "YoY growth: -2.1% vs prior quarter YoY: +3.1% (decel: -5.2%)",
      "severity": "WARNING"
    },
    {
      "quarter": "2022-09 (Q3)",
      "signal": "INCREMENTAL MARGIN (YoY)",
      "detail": "YoY Incr OPM: +147.3% vs year-ago OPM: +4.6%",
      "severity": "HIGH"
    },
    {
      "quarter": "2022-06 (Q2)",
      "signal": "FCF TURNED POSITIVE",
      "detail": "FCF margin: -13.1% -> +6.7%",
      "severity": "HIGH"
    },
    {
      "quarter": "2022-06 (Q2)",
      "signal": "YoY REVENUE GROWTH DECELERATION",
      "detail": "YoY growth: +3.1% vs prior quarter YoY: +11.2% (decel: -8.0%)",
      "severity": "WARNING"
    },
    {
      "quarter": "2021-12 (Q4)",
      "signal": "FCF TURNED POSITIVE",
      "detail": "FCF margin: -2.1% -> +0.7%",
      "severity": "HIGH"
    }
  ],
  "data_quality": {
    "n_quarters": 20,
    "coverage": {
      "revenue": [
        20,
        20
      ],
      "gross_profit": [
        0,
        20
      ],
      "op_income": [
        20,
        20
      ],
      "fcf": [
        20,
        20
      ]
    },
    "gaps": [],
    "warnings": [
      "gross_profit: no data"
    ]
  },
  "market_cap": null,
  "source": "SEC EDGAR",
  "last_updated": "2026-02-02T21:33:54.819466",
  "sector": "Healthcare",
  "industry": "Medical Care Facilities"
}