{
  "ticker": "NHI",
  "name": "National Health Investors, Inc.",
  "quarters": [
    {
      "date": "2020-12-31T00:00:00",
      "quarter_label": "2020-12 (Q4)",
      "revenue": 81260000,
      "gross_profit": null,
      "operating_income": null,
      "net_income": 37140000,
      "opex": 39353000,
      "cogs": null,
      "rd": null,
      "sga": null,
      "fcf": 55621000,
      "ocf": 55621000,
      "capex": null,
      "gross_margin": null,
      "op_margin": null,
      "fcf_margin": 0.6844819099187792
    },
    {
      "date": "2021-03-31T00:00:00",
      "quarter_label": "2021-03 (Q1)",
      "revenue": 80885000,
      "gross_profit": null,
      "operating_income": null,
      "net_income": 35332000,
      "opex": 44242000,
      "cogs": null,
      "rd": null,
      "sga": null,
      "fcf": 56912000,
      "ocf": 56912000,
      "capex": null,
      "gross_margin": null,
      "op_margin": null,
      "fcf_margin": 0.7036162452865179,
      "fcf_margin_change": 0.019134335367738675
    },
    {
      "date": "2021-06-30T00:00:00",
      "quarter_label": "2021-06 (Q2)",
      "revenue": 74330000,
      "gross_profit": null,
      "operating_income": null,
      "net_income": 39183000,
      "opex": 40674000,
      "cogs": null,
      "rd": null,
      "sga": null,
      "fcf": 51600000,
      "ocf": 51600000,
      "capex": null,
      "gross_margin": null,
      "op_margin": null,
      "fcf_margin": 0.6942015337010629,
      "fcf_margin_change": -0.009414711585455038
    },
    {
      "date": "2021-09-30T00:00:00",
      "quarter_label": "2021-09 (Q3)",
      "revenue": 73833000,
      "gross_profit": null,
      "operating_income": null,
      "net_income": 30814000,
      "opex": 62368000,
      "cogs": null,
      "rd": null,
      "sga": null,
      "fcf": 48989000,
      "ocf": 48989000,
      "capex": null,
      "gross_margin": null,
      "op_margin": null,
      "fcf_margin": 0.663510896211721,
      "fcf_margin_change": -0.030690637489341865
    },
    {
      "date": "2021-12-31T00:00:00",
      "quarter_label": "2021-12 (Q4)",
      "revenue": 69667000,
      "gross_profit": null,
      "operating_income": null,
      "net_income": 6477000,
      "opex": 68852000,
      "cogs": null,
      "rd": null,
      "sga": null,
      "fcf": 53358000,
      "ocf": 53358000,
      "capex": null,
      "gross_margin": null,
      "op_margin": null,
      "fcf_margin": 0.7659006416237243,
      "rev_growth_yoy": -0.1426655180900812,
      "fcf_margin_change": 0.1023897454120033
    },
    {
      "date": "2022-03-31T00:00:00",
      "quarter_label": "2022-03 (Q1)",
      "revenue": 71327000,
      "gross_profit": null,
      "operating_income": null,
      "net_income": 8399000,
      "opex": 66208000,
      "cogs": null,
      "rd": null,
      "sga": null,
      "fcf": 38680000,
      "ocf": 38680000,
      "capex": null,
      "gross_margin": null,
      "op_margin": null,
      "fcf_margin": 0.5422911379982335,
      "rev_growth_yoy": -0.11816776905483094,
      "rev_growth_yoy_accel": 0.024497749035250274,
      "op_leverage_ratio": Infinity,
      "fcf_margin_change": -0.2236095036254908
    },
    {
      "date": "2022-06-30T00:00:00",
      "quarter_label": "2022-06 (Q2)",
      "revenue": 59899000,
      "gross_profit": null,
      "operating_income": null,
      "net_income": 21673000,
      "opex": 49611000,
      "cogs": null,
      "rd": null,
      "sga": null,
      "fcf": 56768000,
      "ocf": 56768000,
      "capex": null,
      "gross_margin": null,
      "op_margin": null,
      "fcf_margin": 0.9477286766056194,
      "rev_growth_yoy": -0.1941477196286829,
      "rev_growth_yoy_accel": -0.07597995057385197,
      "fcf_margin_change": 0.40543753860738596
    },
    {
      "date": "2022-09-30T00:00:00",
      "quarter_label": "2022-09 (Q3)",
      "revenue": 76298000,
      "gross_profit": null,
      "operating_income": null,
      "net_income": 34468000,
      "opex": 56928000,
      "cogs": null,
      "rd": null,
      "sga": null,
      "fcf": 43535000,
      "ocf": 43535000,
      "capex": null,
      "gross_margin": null,
      "op_margin": null,
      "fcf_margin": 0.570591627565598,
      "rev_growth_yoy": 0.03338615524223586,
      "rev_growth_yoy_accel": 0.22753387487091875,
      "op_leverage_ratio": 1.8562767278451595,
      "fcf_margin_change": -0.37713704904002143
    },
    {
      "date": "2022-12-31T00:00:00",
      "quarter_label": "2022-12 (Q4)",
      "revenue": 70670000,
      "gross_profit": null,
      "operating_income": null,
      "net_income": 1863000,
      "opex": 69110000,
      "cogs": null,
      "rd": null,
      "sga": null,
      "fcf": 46357000,
      "ocf": 46357000,
      "capex": null,
      "gross_margin": null,
      "op_margin": null,
      "fcf_margin": 0.6559643413046554,
      "rev_growth_yoy": 0.014397060301146885,
      "rev_growth_yoy_accel": -0.018989094941088972,
      "fcf_margin_change": 0.08537271373905742
    },
    {
      "date": "2023-03-31T00:00:00",
      "quarter_label": "2023-03 (Q1)",
      "revenue": 82388000,
      "gross_profit": null,
      "operating_income": null,
      "net_income": 34484000,
      "opex": 49602000,
      "cogs": null,
      "rd": null,
      "sga": null,
      "fcf": 31048000,
      "ocf": 31048000,
      "capex": null,
      "gross_margin": null,
      "op_margin": null,
      "fcf_margin": 0.3768509977181143,
      "rev_growth_yoy": 0.15507451596169752,
      "rev_growth_yoy_accel": 0.14067745566055065,
      "op_leverage_ratio": Infinity,
      "fcf_margin_change": -0.2791133435865411
    },
    {
      "date": "2023-06-30T00:00:00",
      "quarter_label": "2023-06 (Q2)",
      "revenue": 77876000,
      "gross_profit": null,
      "operating_income": null,
      "net_income": 39779000,
      "opex": 49742000,
      "cogs": null,
      "rd": null,
      "sga": null,
      "fcf": 50496000,
      "ocf": 50496000,
      "capex": null,
      "gross_margin": null,
      "op_margin": null,
      "fcf_margin": 0.6484154296574041,
      "rev_growth_yoy": 0.30012187181755956,
      "rev_growth_yoy_accel": 0.14504735585586204,
      "fcf_margin_change": 0.27156443193928975
    },
    {
      "date": "2023-09-30T00:00:00",
      "quarter_label": "2023-09 (Q3)",
      "revenue": 80106000,
      "gross_profit": null,
      "operating_income": null,
      "net_income": 29346000,
      "opex": 52012000,
      "cogs": null,
      "rd": null,
      "sga": null,
      "fcf": 49703000,
      "ocf": 49703000,
      "capex": null,
      "gross_margin": null,
      "op_margin": null,
      "fcf_margin": 0.6204653833670387,
      "rev_growth_yoy": 0.04990956512621563,
      "rev_growth_yoy_accel": -0.2502123066913439,
      "op_leverage_ratio": 0.6274781574141474,
      "fcf_margin_change": -0.02795004629036535
    },
    {
      "date": "2023-12-31T00:00:00",
      "quarter_label": "2023-12 (Q4)",
      "revenue": 79465000,
      "gross_profit": null,
      "operating_income": null,
      "net_income": 32046000,
      "opex": 49522000,
      "cogs": null,
      "rd": null,
      "sga": null,
      "fcf": 53203000,
      "ocf": 53203000,
      "capex": null,
      "gross_margin": null,
      "op_margin": null,
      "fcf_margin": 0.6695148807651167,
      "rev_growth_yoy": 0.12445167680769775,
      "rev_growth_yoy_accel": 0.07454211168148211,
      "fcf_margin_change": 0.04904949739807796
    },
    {
      "date": "2024-03-31T00:00:00",
      "quarter_label": "2024-03 (Q1)",
      "revenue": 81513000,
      "gross_profit": null,
      "operating_income": null,
      "net_income": 30947000,
      "opex": 51122000,
      "cogs": null,
      "rd": null,
      "sga": null,
      "fcf": 40827000,
      "ocf": 40827000,
      "capex": null,
      "gross_margin": null,
      "op_margin": null,
      "fcf_margin": 0.5008648927164993,
      "rev_growth_yoy": -0.010620478710491819,
      "rev_growth_yoy_accel": -0.13507215551818957,
      "op_leverage_ratio": 0.7976865286604166,
      "fcf_margin_change": -0.16864998804861742
    },
    {
      "date": "2024-06-30T00:00:00",
      "quarter_label": "2024-06 (Q2)",
      "revenue": 84970000,
      "gross_profit": null,
      "operating_income": null,
      "net_income": 35256000,
      "opex": 51771000,
      "cogs": null,
      "rd": null,
      "sga": null,
      "fcf": 60739000,
      "ocf": 60739000,
      "capex": null,
      "gross_margin": null,
      "op_margin": null,
      "fcf_margin": 0.7148287630928563,
      "rev_growth_yoy": 0.09109353330936361,
      "rev_growth_yoy_accel": 0.10171401201985543,
      "op_leverage_ratio": 3.340685880745728,
      "fcf_margin_change": 0.213963870376357
    },
    {
      "date": "2024-09-30T00:00:00",
      "quarter_label": "2024-09 (Q3)",
      "revenue": 82944000,
      "gross_profit": null,
      "operating_income": null,
      "net_income": 28540000,
      "opex": 54804000,
      "cogs": null,
      "rd": null,
      "sga": null,
      "fcf": 48629000,
      "ocf": 48629000,
      "capex": null,
      "gross_margin": null,
      "op_margin": null,
      "fcf_margin": 0.5862871334876543,
      "rev_growth_yoy": 0.03542805782338402,
      "rev_growth_yoy_accel": -0.05566547548597959,
      "fcf_margin_change": -0.128541629605202
    },
    {
      "date": "2024-12-31T00:00:00",
      "quarter_label": "2024-12 (Q4)",
      "revenue": 85755000,
      "gross_profit": null,
      "operating_income": null,
      "net_income": 43242000,
      "opex": 54189000,
      "cogs": null,
      "rd": null,
      "sga": null,
      "fcf": 57573000,
      "ocf": 57573000,
      "capex": null,
      "gross_margin": null,
      "op_margin": null,
      "fcf_margin": 0.6713661011019766,
      "rev_growth_yoy": 0.07915434468004783,
      "rev_growth_yoy_accel": 0.043726286856663805,
      "op_leverage_ratio": Infinity,
      "fcf_margin_change": 0.08507896761432232
    },
    {
      "date": "2025-03-31T00:00:00",
      "quarter_label": "2025-03 (Q1)",
      "revenue": 89296000,
      "gross_profit": null,
      "operating_income": null,
      "net_income": 34165000,
      "opex": 56008000,
      "cogs": null,
      "rd": null,
      "sga": null,
      "fcf": 46478000,
      "ocf": 46478000,
      "capex": null,
      "gross_margin": null,
      "op_margin": null,
      "fcf_margin": 0.5204936391327719,
      "rev_growth_yoy": 0.09548170230515378,
      "rev_growth_yoy_accel": 0.016327357625105954,
      "op_leverage_ratio": 1.2301127305376562,
      "fcf_margin_change": -0.15087246196920467
    },
    {
      "date": "2025-06-30T00:00:00",
      "quarter_label": "2025-06 (Q2)",
      "revenue": 90662000,
      "gross_profit": null,
      "operating_income": null,
      "net_income": 36987000,
      "opex": 55607000,
      "cogs": null,
      "rd": null,
      "sga": null,
      "fcf": 59817000,
      "ocf": 59817000,
      "capex": null,
      "gross_margin": null,
      "op_margin": null,
      "fcf_margin": 0.659780282808674,
      "rev_growth_yoy": 0.06698834882899847,
      "rev_growth_yoy_accel": -0.02849335347615531,
      "op_leverage_ratio": Infinity,
      "fcf_margin_change": 0.13928664367590204
    },
    {
      "date": "2025-09-30T00:00:00",
      "quarter_label": "2025-09 (Q3)",
      "revenue": 89847000,
      "gross_profit": null,
      "operating_income": null,
      "net_income": 32862000,
      "opex": 57555000,
      "cogs": null,
      "rd": null,
      "sga": null,
      "fcf": 62532000,
      "ocf": 62532000,
      "capex": null,
      "gross_margin": null,
      "op_margin": null,
      "fcf_margin": 0.6959831713913653,
      "rev_growth_yoy": 0.0832248263888889,
      "rev_growth_yoy_accel": 0.016236477559890425,
      "fcf_margin_change": 0.036202888582691384
    }
  ],
  "signals": [
    {
      "quarter": "2025-06 (Q2)",
      "signal": "FCF MARGIN EXPANSION",
      "detail": "FCF margin: +52.0% -> +66.0% (+13.9%)",
      "severity": "MEDIUM"
    },
    {
      "quarter": "2024-12 (Q4)",
      "signal": "FCF MARGIN EXPANSION",
      "detail": "FCF margin: +58.6% -> +67.1% (+8.5%)",
      "severity": "MEDIUM"
    },
    {
      "quarter": "2024-09 (Q3)",
      "signal": "YoY REVENUE GROWTH DECELERATION",
      "detail": "YoY growth: +3.5% vs prior quarter YoY: +9.1% (decel: -5.6%)",
      "severity": "WARNING"
    },
    {
      "quarter": "2024-06 (Q2)",
      "signal": "FCF MARGIN EXPANSION",
      "detail": "FCF margin: +50.1% -> +71.5% (+21.4%)",
      "severity": "MEDIUM"
    },
    {
      "quarter": "2024-06 (Q2)",
      "signal": "OPERATING LEVERAGE",
      "detail": "Rev growth +4.2% vs OpEx growth +1.3% (leverage: 3.3x)",
      "severity": "MEDIUM"
    },
    {
      "quarter": "2024-06 (Q2)",
      "signal": "YoY REVENUE GROWTH ACCELERATION",
      "detail": "YoY growth: +9.1% vs prior quarter YoY: -1.1% (accel: +10.2%)",
      "severity": "MEDIUM"
    },
    {
      "quarter": "2024-03 (Q1)",
      "signal": "YoY REVENUE GROWTH DECELERATION",
      "detail": "YoY growth: -1.1% vs prior quarter YoY: +12.4% (decel: -13.5%)",
      "severity": "WARNING"
    },
    {
      "quarter": "2023-12 (Q4)",
      "signal": "YoY REVENUE GROWTH ACCELERATION",
      "detail": "YoY growth: +12.4% vs prior quarter YoY: +5.0% (accel: +7.5%)",
      "severity": "MEDIUM"
    },
    {
      "quarter": "2023-09 (Q3)",
      "signal": "YoY REVENUE GROWTH DECELERATION",
      "detail": "YoY growth: +5.0% vs prior quarter YoY: +30.0% (decel: -25.0%)",
      "severity": "WARNING"
    },
    {
      "quarter": "2023-06 (Q2)",
      "signal": "FCF MARGIN EXPANSION",
      "detail": "FCF margin: +37.7% -> +64.8% (+27.2%)",
      "severity": "MEDIUM"
    },
    {
      "quarter": "2023-06 (Q2)",
      "signal": "YoY REVENUE GROWTH ACCELERATION",
      "detail": "YoY growth: +30.0% vs prior quarter YoY: +15.5% (accel: +14.5%)",
      "severity": "MEDIUM"
    },
    {
      "quarter": "2023-03 (Q1)",
      "signal": "YoY REVENUE GROWTH ACCELERATION",
      "detail": "YoY growth: +15.5% vs prior quarter YoY: +1.4% (accel: +14.1%)",
      "severity": "MEDIUM"
    },
    {
      "quarter": "2022-12 (Q4)",
      "signal": "FCF MARGIN EXPANSION",
      "detail": "FCF margin: +57.1% -> +65.6% (+8.5%)",
      "severity": "MEDIUM"
    },
    {
      "quarter": "2022-09 (Q3)",
      "signal": "OPERATING LEVERAGE",
      "detail": "Rev growth +27.4% vs OpEx growth +14.7% (leverage: 1.9x)",
      "severity": "MEDIUM"
    },
    {
      "quarter": "2022-09 (Q3)",
      "signal": "YoY REVENUE GROWTH ACCELERATION",
      "detail": "YoY growth: +3.3% vs prior quarter YoY: -19.4% (accel: +22.8%)",
      "severity": "HIGH"
    },
    {
      "quarter": "2022-06 (Q2)",
      "signal": "FCF MARGIN EXPANSION",
      "detail": "FCF margin: +54.2% -> +94.8% (+40.5%)",
      "severity": "MEDIUM"
    },
    {
      "quarter": "2022-06 (Q2)",
      "signal": "YoY REVENUE GROWTH DECELERATION",
      "detail": "YoY growth: -19.4% vs prior quarter YoY: -11.8% (decel: -7.6%)",
      "severity": "WARNING"
    },
    {
      "quarter": "2021-12 (Q4)",
      "signal": "FCF MARGIN EXPANSION",
      "detail": "FCF margin: +66.4% -> +76.6% (+10.2%)",
      "severity": "MEDIUM"
    }
  ],
  "data_quality": {
    "n_quarters": 20,
    "coverage": {
      "revenue": [
        20,
        20
      ],
      "gross_profit": [
        0,
        20
      ],
      "op_income": [
        0,
        20
      ],
      "fcf": [
        20,
        20
      ]
    },
    "gaps": [],
    "warnings": [
      "gross_profit: no data",
      "op_income: no data"
    ]
  },
  "market_cap": null,
  "source": "SEC EDGAR",
  "last_updated": "2026-02-02T21:14:56.089321"
}