{
  "ticker": "NINE",
  "name": "NINE ENERGY SERVICE, INC.",
  "quarters": [
    {
      "date": "2020-12-31T00:00:00",
      "quarter_label": "2020-12 (Q4)",
      "revenue": 61971000,
      "gross_profit": -4992000,
      "operating_income": -27265000,
      "net_income": -35375000,
      "opex": 22273000,
      "cogs": 66963000,
      "rd": null,
      "sga": null,
      "fcf": -9541000,
      "ocf": -9541000,
      "capex": null,
      "gross_margin": -0.08055380742605413,
      "op_margin": -0.4399638540607704,
      "fcf_margin": -0.15395910990624648
    },
    {
      "date": "2021-03-31T00:00:00",
      "quarter_label": "2021-03 (Q1)",
      "revenue": 66626000,
      "gross_profit": null,
      "operating_income": -17299000,
      "net_income": -8246000,
      "opex": null,
      "cogs": null,
      "rd": null,
      "sga": null,
      "fcf": -7671000,
      "ocf": -5243000,
      "capex": -2428000,
      "gross_margin": null,
      "op_margin": -0.2596433824633026,
      "fcf_margin": -0.11513523249182,
      "fcf_margin_change": 0.03882387741442647
    },
    {
      "date": "2021-06-30T00:00:00",
      "quarter_label": "2021-06 (Q2)",
      "revenue": 84832000,
      "gross_profit": null,
      "operating_income": -16497000,
      "net_income": -24530000,
      "opex": null,
      "cogs": null,
      "rd": null,
      "sga": null,
      "fcf": -20318000,
      "ocf": -19626000,
      "capex": -692000,
      "gross_margin": null,
      "op_margin": -0.1944667106752169,
      "fcf_margin": -0.23950867597133157,
      "fcf_margin_change": -0.12437344347951157
    },
    {
      "date": "2021-09-30T00:00:00",
      "quarter_label": "2021-09 (Q3)",
      "revenue": 92868000,
      "gross_profit": null,
      "operating_income": -8079000,
      "net_income": -16051000,
      "opex": null,
      "cogs": null,
      "rd": null,
      "sga": null,
      "fcf": -3547000,
      "ocf": -1835000,
      "capex": -1712000,
      "gross_margin": null,
      "op_margin": -0.08699444372657966,
      "fcf_margin": -0.038193995778955075,
      "fcf_margin_change": 0.2013146801923765
    },
    {
      "date": "2021-12-31T00:00:00",
      "quarter_label": "2021-12 (Q4)",
      "revenue": 105093000,
      "gross_profit": null,
      "operating_income": -8140000,
      "net_income": -15748000,
      "opex": null,
      "cogs": null,
      "rd": null,
      "sga": null,
      "fcf": -24293000,
      "ocf": -13712000,
      "capex": -10581000,
      "gross_margin": null,
      "op_margin": -0.07745520634105031,
      "fcf_margin": -0.2311571655581247,
      "incr_op_margin_yoy": 0.4435091136774732,
      "rev_growth_yoy": 0.6958416033305901,
      "fcf_margin_change": -0.19296316977916964
    },
    {
      "date": "2022-03-31T00:00:00",
      "quarter_label": "2022-03 (Q1)",
      "revenue": 116935000,
      "gross_profit": null,
      "operating_income": 1082000,
      "net_income": -6899000,
      "opex": null,
      "cogs": null,
      "rd": null,
      "sga": null,
      "fcf": -7335000,
      "ocf": -6459000,
      "capex": -876000,
      "gross_margin": null,
      "op_margin": 0.009253003805532988,
      "fcf_margin": -0.06272715611237012,
      "incr_op_margin_yoy": 0.3653620624540341,
      "rev_growth_yoy": 0.7550956083210758,
      "rev_growth_yoy_accel": 0.05925400499048572,
      "fcf_margin_change": 0.1684300094457546
    },
    {
      "date": "2022-06-30T00:00:00",
      "quarter_label": "2022-06 (Q2)",
      "revenue": 142346000,
      "gross_profit": null,
      "operating_income": 6418000,
      "net_income": -978000,
      "opex": null,
      "cogs": null,
      "rd": null,
      "sga": null,
      "fcf": -3498000,
      "ocf": -430000,
      "capex": -3068000,
      "gross_margin": null,
      "op_margin": 0.04508732243968921,
      "fcf_margin": -0.02457392550545853,
      "incr_op_margin_yoy": 0.3984247313697534,
      "rev_growth_yoy": 0.6779752923425123,
      "rev_growth_yoy_accel": -0.0771203159785635,
      "fcf_margin_change": 0.03815323060691159
    },
    {
      "date": "2022-09-30T00:00:00",
      "quarter_label": "2022-09 (Q3)",
      "revenue": 167432000,
      "gross_profit": null,
      "operating_income": 19762000,
      "net_income": 14286000,
      "opex": null,
      "cogs": null,
      "rd": null,
      "sga": null,
      "fcf": 9703000,
      "ocf": 15120000,
      "capex": -5417000,
      "gross_margin": null,
      "op_margin": 0.1180300062114769,
      "fcf_margin": 0.05795188494433561,
      "incr_op_margin_yoy": 0.3733839386299018,
      "rev_growth_yoy": 0.8029030451824094,
      "rev_growth_yoy_accel": 0.1249277528398971,
      "fcf_margin_change": 0.08252581044979414
    },
    {
      "date": "2022-12-31T00:00:00",
      "quarter_label": "2022-12 (Q4)",
      "revenue": 166669000,
      "gross_profit": null,
      "operating_income": 16306000,
      "net_income": 7984000,
      "opex": null,
      "cogs": null,
      "rd": null,
      "sga": null,
      "fcf": -10749000,
      "ocf": 8441000,
      "capex": -19190000,
      "gross_margin": null,
      "op_margin": 0.09783463031517559,
      "fcf_margin": -0.06449309709664065,
      "incr_op_margin_yoy": 0.39700532675068206,
      "rev_growth_yoy": 0.585919138287041,
      "rev_growth_yoy_accel": -0.2169839068953684,
      "fcf_margin_change": -0.12244498204097626
    },
    {
      "date": "2023-03-31T00:00:00",
      "quarter_label": "2023-03 (Q1)",
      "revenue": 163408000,
      "gross_profit": null,
      "operating_income": 6882000,
      "net_income": -6109000,
      "opex": null,
      "cogs": null,
      "rd": null,
      "sga": null,
      "fcf": -2378000,
      "ocf": 3965000,
      "capex": -6343000,
      "gross_margin": null,
      "op_margin": 0.04211544110447469,
      "fcf_margin": -0.014552531087829237,
      "incr_op_margin_yoy": 0.12480364943085233,
      "rev_growth_yoy": 0.3974259203831188,
      "rev_growth_yoy_accel": -0.1884932179039222,
      "fcf_margin_change": 0.049940566008811416
    },
    {
      "date": "2023-06-30T00:00:00",
      "quarter_label": "2023-06 (Q2)",
      "revenue": 161428000,
      "gross_profit": null,
      "operating_income": 9311000,
      "net_income": -2537000,
      "opex": null,
      "cogs": null,
      "rd": null,
      "sga": null,
      "fcf": 21163000,
      "ocf": 27130000,
      "capex": -5967000,
      "gross_margin": null,
      "op_margin": 0.057678965235275166,
      "fcf_margin": 0.13109869415466957,
      "incr_op_margin_yoy": 0.1516088460329106,
      "rev_growth_yoy": 0.1340536439380102,
      "rev_growth_yoy_accel": -0.26337227644510863,
      "fcf_margin_change": 0.1456512252424988
    },
    {
      "date": "2023-09-30T00:00:00",
      "quarter_label": "2023-09 (Q3)",
      "revenue": 140617000,
      "gross_profit": null,
      "operating_income": -813000,
      "net_income": -13262000,
      "opex": null,
      "cogs": null,
      "rd": null,
      "sga": null,
      "fcf": -13685000,
      "ocf": -9910000,
      "capex": -3775000,
      "gross_margin": null,
      "op_margin": -0.005781662245674421,
      "fcf_margin": -0.09732109204434741,
      "incr_op_margin_yoy": 0.76729442476226,
      "rev_growth_yoy": -0.16015457021357923,
      "rev_growth_yoy_accel": -0.29420821415158943,
      "fcf_margin_change": -0.22841978619901698
    },
    {
      "date": "2023-12-31T00:00:00",
      "quarter_label": "2023-12 (Q4)",
      "revenue": 144073000,
      "gross_profit": null,
      "operating_income": 2193000,
      "net_income": -10305000,
      "opex": null,
      "cogs": null,
      "rd": null,
      "sga": null,
      "fcf": 15806000,
      "ocf": 24324000,
      "capex": -8518000,
      "gross_margin": null,
      "op_margin": 0.015221450237032615,
      "fcf_margin": 0.10970827288943799,
      "incr_op_margin_yoy": 0.624579571605594,
      "rev_growth_yoy": -0.13557410196257252,
      "rev_growth_yoy_accel": 0.02458046825100671,
      "fcf_margin_change": 0.2070293649337854
    },
    {
      "date": "2024-03-31T00:00:00",
      "quarter_label": "2024-03 (Q1)",
      "revenue": 142120000,
      "gross_profit": null,
      "operating_income": 4419000,
      "net_income": -8055000,
      "opex": null,
      "cogs": null,
      "rd": null,
      "sga": null,
      "fcf": -14325000,
      "ocf": -8837000,
      "capex": -5488000,
      "gross_margin": null,
      "op_margin": 0.031093442161553617,
      "fcf_margin": -0.10079510273008725,
      "incr_op_margin_yoy": 0.1156989853438557,
      "rev_growth_yoy": -0.13027513952805247,
      "rev_growth_yoy_accel": 0.005298962434520049,
      "fcf_margin_change": -0.21050337561952526
    },
    {
      "date": "2024-06-30T00:00:00",
      "quarter_label": "2024-06 (Q2)",
      "revenue": 132401000,
      "gross_profit": null,
      "operating_income": -1436000,
      "net_income": -14041000,
      "opex": null,
      "cogs": null,
      "rd": null,
      "sga": null,
      "fcf": 10255000,
      "ocf": 12894000,
      "capex": -2639000,
      "gross_margin": null,
      "op_margin": -0.010845839532934042,
      "fcf_margin": 0.07745409777871769,
      "incr_op_margin_yoy": 0.370241499293761,
      "rev_growth_yoy": -0.1798139108457021,
      "rev_growth_yoy_accel": -0.04953877131764964,
      "fcf_margin_change": 0.17824920050880494
    },
    {
      "date": "2024-09-30T00:00:00",
      "quarter_label": "2024-09 (Q3)",
      "revenue": 138157000,
      "gross_profit": null,
      "operating_income": 2451000,
      "net_income": -10143000,
      "opex": null,
      "cogs": null,
      "rd": null,
      "sga": null,
      "fcf": -9251000,
      "ocf": -5850000,
      "capex": -3401000,
      "gross_margin": null,
      "op_margin": 0.01774068632063522,
      "fcf_margin": -0.06696005269367458,
      "incr_op_margin_yoy": -1.326829268292683,
      "rev_growth_yoy": -0.017494328566247323,
      "rev_growth_yoy_accel": 0.16231958227945478,
      "fcf_margin_change": -0.14441415047239226
    },
    {
      "date": "2024-12-31T00:00:00",
      "quarter_label": "2024-12 (Q4)",
      "revenue": 141426000,
      "gross_profit": null,
      "operating_income": 3506000,
      "net_income": -8843000,
      "opex": null,
      "cogs": null,
      "rd": null,
      "sga": null,
      "fcf": 11753000,
      "ocf": 14988000,
      "capex": -3235000,
      "gross_margin": null,
      "op_margin": 0.024790349723530326,
      "fcf_margin": 0.0831035311753143,
      "incr_op_margin_yoy": -0.4960332451832263,
      "rev_growth_yoy": -0.01837263054146162,
      "rev_growth_yoy_accel": -0.0008783019752142962,
      "fcf_margin_change": 0.15006358386898888
    },
    {
      "date": "2025-03-31T00:00:00",
      "quarter_label": "2025-03 (Q1)",
      "revenue": 150466000,
      "gross_profit": null,
      "operating_income": 5629000,
      "net_income": -7061000,
      "opex": null,
      "cogs": null,
      "rd": null,
      "sga": null,
      "fcf": -9258000,
      "ocf": -5277000,
      "capex": -3981000,
      "gross_margin": null,
      "op_margin": 0.037410444884558636,
      "fcf_margin": -0.061528850371512504,
      "incr_op_margin_yoy": 0.14497963096093938,
      "rev_growth_yoy": 0.05872502110892204,
      "rev_growth_yoy_accel": 0.07709765165038365,
      "fcf_margin_change": -0.1446323815468268
    },
    {
      "date": "2025-06-30T00:00:00",
      "quarter_label": "2025-06 (Q2)",
      "revenue": 147251000,
      "gross_profit": null,
      "operating_income": 3378000,
      "net_income": -10391000,
      "opex": null,
      "cogs": null,
      "rd": null,
      "sga": null,
      "fcf": 4216000,
      "ocf": 10088000,
      "capex": -5872000,
      "gross_margin": null,
      "op_margin": 0.02294042145723968,
      "fcf_margin": 0.02863138450672661,
      "incr_op_margin_yoy": 0.32417508417508417,
      "rev_growth_yoy": 0.11215927372149757,
      "rev_growth_yoy_accel": 0.053434252612575533,
      "fcf_margin_change": 0.09016023487823911
    },
    {
      "date": "2025-09-30T00:00:00",
      "quarter_label": "2025-09 (Q3)",
      "revenue": 132028000,
      "gross_profit": null,
      "operating_income": -1167000,
      "net_income": -14647000,
      "opex": null,
      "cogs": null,
      "rd": null,
      "sga": null,
      "fcf": -13415000,
      "ocf": -9944000,
      "capex": -3471000,
      "gross_margin": null,
      "op_margin": -0.008839034144272426,
      "fcf_margin": -0.10160723482897567,
      "incr_op_margin_yoy": 0.5903083700440529,
      "rev_growth_yoy": -0.04436257301475857,
      "rev_growth_yoy_accel": -0.15652184673625613,
      "fcf_margin_change": -0.13023861933570227
    }
  ],
  "signals": [
    {
      "quarter": "2025-09 (Q3)",
      "signal": "YoY REVENUE GROWTH DECELERATION",
      "detail": "YoY growth: -4.4% vs prior quarter YoY: +11.2% (decel: -15.7%)",
      "severity": "WARNING"
    },
    {
      "quarter": "2025-06 (Q2)",
      "signal": "FCF TURNED POSITIVE",
      "detail": "FCF margin: -6.2% -> +2.9%",
      "severity": "HIGH"
    },
    {
      "quarter": "2025-06 (Q2)",
      "signal": "YoY REVENUE GROWTH ACCELERATION",
      "detail": "YoY growth: +11.2% vs prior quarter YoY: +5.9% (accel: +5.3%)",
      "severity": "MEDIUM"
    },
    {
      "quarter": "2025-06 (Q2)",
      "signal": "OP MARGIN TURNED POSITIVE (YoY)",
      "detail": "Op margin: -1.1% (year-ago) -> +2.3%",
      "severity": "HIGH"
    },
    {
      "quarter": "2025-03 (Q1)",
      "signal": "YoY REVENUE GROWTH ACCELERATION",
      "detail": "YoY growth: +5.9% vs prior quarter YoY: -1.8% (accel: +7.7%)",
      "severity": "MEDIUM"
    },
    {
      "quarter": "2025-03 (Q1)",
      "signal": "INCREMENTAL MARGIN (YoY)",
      "detail": "YoY Incr OPM: +14.5% vs year-ago OPM: +3.1%",
      "severity": "MEDIUM"
    },
    {
      "quarter": "2024-12 (Q4)",
      "signal": "FCF TURNED POSITIVE",
      "detail": "FCF margin: -6.7% -> +8.3%",
      "severity": "HIGH"
    },
    {
      "quarter": "2024-09 (Q3)",
      "signal": "YoY REVENUE GROWTH ACCELERATION",
      "detail": "YoY growth: -1.7% vs prior quarter YoY: -18.0% (accel: +16.2%)",
      "severity": "HIGH"
    },
    {
      "quarter": "2024-09 (Q3)",
      "signal": "OP MARGIN TURNED POSITIVE (YoY)",
      "detail": "Op margin: -0.6% (year-ago) -> +1.8%",
      "severity": "HIGH"
    },
    {
      "quarter": "2024-09 (Q3)",
      "signal": "OP MARGIN TURNED POSITIVE (QoQ)",
      "detail": "Op margin: -1.1% -> +1.8%",
      "severity": "HIGH"
    },
    {
      "quarter": "2024-06 (Q2)",
      "signal": "FCF TURNED POSITIVE",
      "detail": "FCF margin: -10.1% -> +7.7%",
      "severity": "HIGH"
    },
    {
      "quarter": "2023-12 (Q4)",
      "signal": "FCF TURNED POSITIVE",
      "detail": "FCF margin: -9.7% -> +11.0%",
      "severity": "HIGH"
    },
    {
      "quarter": "2023-12 (Q4)",
      "signal": "INCREMENTAL MARGIN (YoY)",
      "detail": "YoY Incr OPM: +62.5% vs year-ago OPM: +9.8%",
      "severity": "HIGH"
    },
    {
      "quarter": "2023-12 (Q4)",
      "signal": "OP MARGIN TURNED POSITIVE (QoQ)",
      "detail": "Op margin: -0.6% -> +1.5%",
      "severity": "HIGH"
    },
    {
      "quarter": "2023-09 (Q3)",
      "signal": "YoY REVENUE GROWTH DECELERATION",
      "detail": "YoY growth: -16.0% vs prior quarter YoY: +13.4% (decel: -29.4%)",
      "severity": "WARNING"
    },
    {
      "quarter": "2023-06 (Q2)",
      "signal": "FCF TURNED POSITIVE",
      "detail": "FCF margin: -1.5% -> +13.1%",
      "severity": "HIGH"
    },
    {
      "quarter": "2023-06 (Q2)",
      "signal": "YoY REVENUE GROWTH DECELERATION",
      "detail": "YoY growth: +13.4% vs prior quarter YoY: +39.7% (decel: -26.3%)",
      "severity": "WARNING"
    },
    {
      "quarter": "2023-06 (Q2)",
      "signal": "INCREMENTAL MARGIN (YoY)",
      "detail": "YoY Incr OPM: +15.2% vs year-ago OPM: +4.5%",
      "severity": "MEDIUM"
    },
    {
      "quarter": "2023-03 (Q1)",
      "signal": "YoY REVENUE GROWTH DECELERATION",
      "detail": "YoY growth: +39.7% vs prior quarter YoY: +58.6% (decel: -18.8%)",
      "severity": "WARNING"
    },
    {
      "quarter": "2023-03 (Q1)",
      "signal": "INCREMENTAL MARGIN (YoY)",
      "detail": "YoY Incr OPM: +12.5% vs year-ago OPM: +0.9%",
      "severity": "MEDIUM"
    },
    {
      "quarter": "2022-12 (Q4)",
      "signal": "YoY REVENUE GROWTH DECELERATION",
      "detail": "YoY growth: +58.6% vs prior quarter YoY: +80.3% (decel: -21.7%)",
      "severity": "WARNING"
    },
    {
      "quarter": "2022-12 (Q4)",
      "signal": "OP MARGIN TURNED POSITIVE (YoY)",
      "detail": "Op margin: -7.7% (year-ago) -> +9.8%",
      "severity": "HIGH"
    },
    {
      "quarter": "2022-09 (Q3)",
      "signal": "FCF TURNED POSITIVE",
      "detail": "FCF margin: -2.5% -> +5.8%",
      "severity": "HIGH"
    },
    {
      "quarter": "2022-09 (Q3)",
      "signal": "YoY REVENUE GROWTH ACCELERATION",
      "detail": "YoY growth: +80.3% vs prior quarter YoY: +67.8% (accel: +12.5%)",
      "severity": "MEDIUM"
    },
    {
      "quarter": "2022-09 (Q3)",
      "signal": "OP MARGIN TURNED POSITIVE (YoY)",
      "detail": "Op margin: -8.7% (year-ago) -> +11.8%",
      "severity": "HIGH"
    },
    {
      "quarter": "2022-06 (Q2)",
      "signal": "YoY REVENUE GROWTH DECELERATION",
      "detail": "YoY growth: +67.8% vs prior quarter YoY: +75.5% (decel: -7.7%)",
      "severity": "WARNING"
    },
    {
      "quarter": "2022-06 (Q2)",
      "signal": "OP MARGIN TURNED POSITIVE (YoY)",
      "detail": "Op margin: -19.4% (year-ago) -> +4.5%",
      "severity": "HIGH"
    },
    {
      "quarter": "2022-03 (Q1)",
      "signal": "FCF MARGIN EXPANSION",
      "detail": "FCF margin: -23.1% -> -6.3% (+16.8%)",
      "severity": "MEDIUM"
    },
    {
      "quarter": "2022-03 (Q1)",
      "signal": "YoY REVENUE GROWTH ACCELERATION",
      "detail": "YoY growth: +75.5% vs prior quarter YoY: +69.6% (accel: +5.9%)",
      "severity": "MEDIUM"
    },
    {
      "quarter": "2022-03 (Q1)",
      "signal": "OP MARGIN TURNED POSITIVE (YoY)",
      "detail": "Op margin: -26.0% (year-ago) -> +0.9%",
      "severity": "HIGH"
    },
    {
      "quarter": "2022-03 (Q1)",
      "signal": "OP MARGIN TURNED POSITIVE (QoQ)",
      "detail": "Op margin: -7.7% -> +0.9%",
      "severity": "HIGH"
    },
    {
      "quarter": "2021-09 (Q3)",
      "signal": "FCF MARGIN EXPANSION",
      "detail": "FCF margin: -24.0% -> -3.8% (+20.1%)",
      "severity": "MEDIUM"
    }
  ],
  "data_quality": {
    "n_quarters": 20,
    "coverage": {
      "revenue": [
        20,
        20
      ],
      "gross_profit": [
        1,
        20
      ],
      "op_income": [
        20,
        20
      ],
      "fcf": [
        20,
        20
      ]
    },
    "gaps": [],
    "warnings": [
      "gross_profit: 1/20Q"
    ]
  },
  "market_cap": null,
  "source": "SEC EDGAR",
  "last_updated": "2026-02-02T23:53:35.192962",
  "sector": "Energy",
  "industry": "Oil & Gas Equipment & Services"
}