{
  "ticker": "NJR",
  "name": "NEW JERSEY RESOURCES CORPORATION",
  "quarters": [
    {
      "date": "2020-12-31T00:00:00",
      "quarter_label": "2020-12 (Q4)",
      "revenue": 225727000,
      "gross_profit": null,
      "operating_income": 111480000,
      "net_income": 81045000,
      "opex": 342825000,
      "cogs": null,
      "rd": null,
      "sga": null,
      "fcf": 31723000,
      "ocf": 31723000,
      "capex": null,
      "gross_margin": null,
      "op_margin": 0.4938709148661879,
      "fcf_margin": 0.14053702038302907
    },
    {
      "date": "2021-03-31T00:00:00",
      "quarter_label": "2021-03 (Q1)",
      "revenue": 339376000,
      "gross_profit": null,
      "operating_income": 201208000,
      "net_income": 149809000,
      "opex": 600979000,
      "cogs": null,
      "rd": null,
      "sga": null,
      "fcf": 324568000,
      "ocf": 324568000,
      "capex": null,
      "gross_margin": null,
      "op_margin": 0.5928763377492811,
      "fcf_margin": 0.9563669793974824,
      "op_leverage_ratio": 0.6686144142564857,
      "fcf_margin_change": 0.8158299590144533
    },
    {
      "date": "2021-06-30T00:00:00",
      "quarter_label": "2021-06 (Q2)",
      "revenue": 155392000,
      "gross_profit": null,
      "operating_income": -27456000,
      "net_income": -111831000,
      "opex": 395049000,
      "cogs": null,
      "rd": null,
      "sga": null,
      "fcf": -14495000,
      "ocf": -14495000,
      "capex": null,
      "gross_margin": null,
      "op_margin": -0.17668863261943987,
      "fcf_margin": -0.09328022034596375,
      "fcf_margin_change": -1.0496471997434462
    },
    {
      "date": "2021-09-30T00:00:00",
      "quarter_label": "2021-09 (Q3)",
      "revenue": 131610000,
      "gross_profit": null,
      "operating_income": 3118000,
      "net_income": -1133000,
      "opex": 529410000,
      "cogs": null,
      "rd": null,
      "sga": null,
      "fcf": 49158000,
      "ocf": 49158000,
      "capex": null,
      "gross_margin": null,
      "op_margin": 0.02369120887470557,
      "fcf_margin": 0.3735126510143606,
      "fcf_margin_change": 0.4667928713603243
    },
    {
      "date": "2021-12-31T00:00:00",
      "quarter_label": "2021-12 (Q4)",
      "revenue": 284090000,
      "gross_profit": null,
      "operating_income": 156885000,
      "net_income": 111312000,
      "opex": 518957000,
      "cogs": null,
      "rd": null,
      "sga": null,
      "fcf": -37407000,
      "ocf": -37407000,
      "capex": null,
      "gross_margin": null,
      "op_margin": 0.552236967158295,
      "fcf_margin": -0.13167306135379633,
      "incr_op_margin_yoy": 0.777975772321505,
      "rev_growth_yoy": 0.2585556889516983,
      "op_leverage_ratio": Infinity,
      "fcf_margin_change": -0.5051857123681569
    },
    {
      "date": "2022-03-31T00:00:00",
      "quarter_label": "2022-03 (Q1)",
      "revenue": 432643000,
      "gross_profit": null,
      "operating_income": 138875000,
      "net_income": 96035000,
      "opex": 773441000,
      "cogs": null,
      "rd": null,
      "sga": null,
      "fcf": 367859000,
      "ocf": 367859000,
      "capex": null,
      "gross_margin": null,
      "op_margin": 0.32099213439255925,
      "fcf_margin": 0.8502599140630959,
      "incr_op_margin_yoy": -0.6683285620851963,
      "rev_growth_yoy": 0.27481907972278535,
      "rev_growth_yoy_accel": 0.016263390771087072,
      "op_leverage_ratio": 1.0663416483235164,
      "fcf_margin_change": 0.9819329754168922
    },
    {
      "date": "2022-06-30T00:00:00",
      "quarter_label": "2022-06 (Q2)",
      "revenue": 243639000,
      "gross_profit": null,
      "operating_income": 29809000,
      "net_income": 13053000,
      "opex": 522526000,
      "cogs": null,
      "rd": null,
      "sga": null,
      "fcf": -94575000,
      "ocf": -94575000,
      "capex": null,
      "gross_margin": null,
      "op_margin": 0.12234904920804962,
      "fcf_margin": -0.3881767697289843,
      "incr_op_margin_yoy": 0.6489172436456764,
      "rev_growth_yoy": 0.5678992483525536,
      "rev_growth_yoy_accel": 0.2930801686297682,
      "fcf_margin_change": -1.2384366837920802
    },
    {
      "date": "2022-09-30T00:00:00",
      "quarter_label": "2022-09 (Q3)",
      "revenue": 238613000,
      "gross_profit": null,
      "operating_income": 80906000,
      "net_income": 54522000,
      "opex": 684580000,
      "cogs": null,
      "rd": null,
      "sga": null,
      "fcf": 87603000,
      "ocf": 87603000,
      "capex": null,
      "gross_margin": null,
      "op_margin": 0.3390678630250657,
      "fcf_margin": 0.3671342299036515,
      "incr_op_margin_yoy": 0.7269702718615366,
      "rev_growth_yoy": 0.8130309247017704,
      "rev_growth_yoy_accel": 0.24513167634921684,
      "fcf_margin_change": 0.7553109996326358
    },
    {
      "date": "2022-12-31T00:00:00",
      "quarter_label": "2022-12 (Q4)",
      "revenue": 364551000,
      "gross_profit": null,
      "operating_income": 172789000,
      "net_income": 115921000,
      "opex": 550778000,
      "cogs": null,
      "rd": null,
      "sga": null,
      "fcf": -88947000,
      "ocf": -88947000,
      "capex": null,
      "gross_margin": null,
      "op_margin": 0.4739775778971941,
      "fcf_margin": -0.24399055276216497,
      "incr_op_margin_yoy": 0.19766097861075552,
      "rev_growth_yoy": 0.2832236263156042,
      "rev_growth_yoy_accel": -0.5298072983861661,
      "op_leverage_ratio": Infinity,
      "fcf_margin_change": -0.6111247826658165
    },
    {
      "date": "2023-03-31T00:00:00",
      "quarter_label": "2023-03 (Q1)",
      "revenue": 384433000,
      "gross_profit": null,
      "operating_income": 165184000,
      "net_income": 110247000,
      "opex": 478843000,
      "cogs": null,
      "rd": null,
      "sga": null,
      "fcf": 432068000,
      "ocf": 432068000,
      "capex": null,
      "gross_margin": null,
      "op_margin": 0.42968215527803283,
      "fcf_margin": 1.123909758007247,
      "incr_op_margin_yoy": -0.5457166562953744,
      "rev_growth_yoy": -0.111431364889759,
      "rev_growth_yoy_accel": -0.3946549912053632,
      "op_leverage_ratio": Infinity,
      "fcf_margin_change": 1.367900310769412
    },
    {
      "date": "2023-06-30T00:00:00",
      "quarter_label": "2023-06 (Q2)",
      "revenue": 199315000,
      "gross_profit": null,
      "operating_income": 4734000,
      "net_income": 1532000,
      "opex": 259341000,
      "cogs": null,
      "rd": null,
      "sga": null,
      "fcf": 44777000,
      "ocf": 44777000,
      "capex": null,
      "gross_margin": null,
      "op_margin": 0.02375134836816095,
      "fcf_margin": 0.2246544414620074,
      "incr_op_margin_yoy": 0.5657206028336793,
      "rev_growth_yoy": -0.18192489708133755,
      "rev_growth_yoy_accel": -0.07049353219157856,
      "fcf_margin_change": -0.8992553165452396
    },
    {
      "date": "2023-09-30T00:00:00",
      "quarter_label": "2023-09 (Q3)",
      "revenue": 163221000,
      "gross_profit": null,
      "operating_income": 64293000,
      "net_income": 37024000,
      "opex": 267032000,
      "cogs": null,
      "rd": null,
      "sga": null,
      "fcf": 91095000,
      "ocf": 91095000,
      "capex": null,
      "gross_margin": null,
      "op_margin": 0.3939015200249968,
      "fcf_margin": 0.5581083316485012,
      "incr_op_margin_yoy": 0.22035494482173174,
      "rev_growth_yoy": -0.3159593148738753,
      "rev_growth_yoy_accel": -0.13403441779253775,
      "fcf_margin_change": 0.33345389018649374
    },
    {
      "date": "2023-12-31T00:00:00",
      "quarter_label": "2023-12 (Q4)",
      "revenue": 321191000,
      "gross_profit": null,
      "operating_income": 135819000,
      "net_income": 89411000,
      "opex": 331391000,
      "cogs": null,
      "rd": null,
      "sga": null,
      "fcf": 46415000,
      "ocf": 46415000,
      "capex": null,
      "gross_margin": null,
      "op_margin": 0.4228605409242476,
      "fcf_margin": 0.14450903045228541,
      "incr_op_margin_yoy": 0.852629151291513,
      "rev_growth_yoy": -0.1189408340671127,
      "rev_growth_yoy_accel": 0.1970184808067626,
      "op_leverage_ratio": 4.015619965720696,
      "fcf_margin_change": -0.41359930119621574
    },
    {
      "date": "2024-03-31T00:00:00",
      "quarter_label": "2024-03 (Q1)",
      "revenue": 433172000,
      "gross_profit": null,
      "operating_income": 170222000,
      "net_income": 120812000,
      "opex": 487691000,
      "cogs": null,
      "rd": null,
      "sga": null,
      "fcf": 292187000,
      "ocf": 292187000,
      "capex": null,
      "gross_margin": null,
      "op_margin": 0.3929663043779376,
      "fcf_margin": 0.6745288245777659,
      "incr_op_margin_yoy": 0.10336691355998276,
      "rev_growth_yoy": 0.1267815197966876,
      "rev_growth_yoy_accel": 0.24572235386380029,
      "op_leverage_ratio": 0.7392012718904629,
      "fcf_margin_change": 0.5300197941254805
    },
    {
      "date": "2024-06-30T00:00:00",
      "quarter_label": "2024-06 (Q2)",
      "revenue": 209892000,
      "gross_profit": null,
      "operating_income": 5936000,
      "net_income": -11574000,
      "opex": 269700000,
      "cogs": null,
      "rd": null,
      "sga": null,
      "fcf": 24292000,
      "ocf": 24292000,
      "capex": null,
      "gross_margin": null,
      "op_margin": 0.028281211289615613,
      "fcf_margin": 0.11573571169935014,
      "incr_op_margin_yoy": 0.11364280987047366,
      "rev_growth_yoy": 0.05306675363118681,
      "rev_growth_yoy_accel": -0.07371476616550077,
      "fcf_margin_change": -0.5587931128784157
    },
    {
      "date": "2024-09-30T00:00:00",
      "quarter_label": "2024-09 (Q3)",
      "revenue": 265694000,
      "gross_profit": null,
      "operating_income": 146127000,
      "net_income": 91126000,
      "opex": 249653000,
      "cogs": null,
      "rd": null,
      "sga": null,
      "fcf": 64513000,
      "ocf": 64513000,
      "capex": null,
      "gross_margin": null,
      "op_margin": 0.5499823104774666,
      "fcf_margin": 0.24280939727656628,
      "incr_op_margin_yoy": 0.7985908483210211,
      "rev_growth_yoy": 0.627817498973784,
      "rev_growth_yoy_accel": 0.5747507453425972,
      "op_leverage_ratio": Infinity,
      "fcf_margin_change": 0.12707368557721616
    },
    {
      "date": "2024-12-31T00:00:00",
      "quarter_label": "2024-12 (Q4)",
      "revenue": 358953000,
      "gross_profit": null,
      "operating_income": 189577000,
      "net_income": 131319000,
      "opex": 298784000,
      "cogs": null,
      "rd": null,
      "sga": null,
      "fcf": -8955000,
      "ocf": -8955000,
      "capex": null,
      "gross_margin": null,
      "op_margin": 0.5281387814003504,
      "fcf_margin": -0.02494755580814201,
      "incr_op_margin_yoy": 1.4236004448916901,
      "rev_growth_yoy": 0.11756867409111713,
      "rev_growth_yoy_accel": -0.5102488248826669,
      "op_leverage_ratio": 1.7835701387753273,
      "fcf_margin_change": -0.2677569530847083
    },
    {
      "date": "2025-03-31T00:00:00",
      "quarter_label": "2025-03 (Q1)",
      "revenue": 569199000,
      "gross_profit": null,
      "operating_income": 279949000,
      "net_income": 204287000,
      "opex": 633078000,
      "cogs": null,
      "rd": null,
      "sga": null,
      "fcf": 423033000,
      "ocf": 423033000,
      "capex": null,
      "gross_margin": null,
      "op_margin": 0.4918297467142423,
      "fcf_margin": 0.7432075600976109,
      "incr_op_margin_yoy": 0.8066560315231535,
      "rev_growth_yoy": 0.3140253756013777,
      "rev_growth_yoy_accel": 0.1964567015102606,
      "op_leverage_ratio": 0.523502680674085,
      "fcf_margin_change": 0.7681551159057529
    },
    {
      "date": "2025-06-30T00:00:00",
      "quarter_label": "2025-06 (Q2)",
      "revenue": 234836000,
      "gross_profit": null,
      "operating_income": -1062000,
      "net_income": -15051000,
      "opex": 300008000,
      "cogs": null,
      "rd": null,
      "sga": null,
      "fcf": -28904000,
      "ocf": -28904000,
      "capex": null,
      "gross_margin": null,
      "op_margin": -0.0045223049276942205,
      "fcf_margin": -0.12308163995298847,
      "incr_op_margin_yoy": -0.2805484284797947,
      "rev_growth_yoy": 0.1188420711604063,
      "rev_growth_yoy_accel": -0.19518330444097143,
      "fcf_margin_change": -0.8662892000505994
    },
    {
      "date": "2025-09-30T00:00:00",
      "quarter_label": "2025-09 (Q3)",
      "revenue": 188318000,
      "gross_profit": null,
      "operating_income": 40403000,
      "net_income": 15072000,
      "opex": 295675000,
      "cogs": null,
      "rd": null,
      "sga": null,
      "fcf": 81175000,
      "ocf": 81175000,
      "capex": null,
      "gross_margin": null,
      "op_margin": 0.2145466710564046,
      "fcf_margin": 0.4310527936787774,
      "incr_op_margin_yoy": 1.3663668320926385,
      "rev_growth_yoy": -0.2912222330952148,
      "rev_growth_yoy_accel": -0.41006430425562107,
      "fcf_margin_change": 0.5541344336317658
    }
  ],
  "signals": [
    {
      "quarter": "2025-09 (Q3)",
      "signal": "FCF TURNED POSITIVE",
      "detail": "FCF margin: -12.3% -> +43.1%",
      "severity": "HIGH"
    },
    {
      "quarter": "2025-09 (Q3)",
      "signal": "YoY REVENUE GROWTH DECELERATION",
      "detail": "YoY growth: -29.1% vs prior quarter YoY: +11.9% (decel: -41.0%)",
      "severity": "WARNING"
    },
    {
      "quarter": "2025-09 (Q3)",
      "signal": "INCREMENTAL MARGIN (YoY)",
      "detail": "YoY Incr OPM: +136.6% vs year-ago OPM: +55.0%",
      "severity": "HIGH"
    },
    {
      "quarter": "2025-09 (Q3)",
      "signal": "OP MARGIN TURNED POSITIVE (QoQ)",
      "detail": "Op margin: -0.5% -> +21.5%",
      "severity": "HIGH"
    },
    {
      "quarter": "2025-06 (Q2)",
      "signal": "YoY REVENUE GROWTH DECELERATION",
      "detail": "YoY growth: +11.9% vs prior quarter YoY: +31.4% (decel: -19.5%)",
      "severity": "WARNING"
    },
    {
      "quarter": "2025-03 (Q1)",
      "signal": "FCF TURNED POSITIVE",
      "detail": "FCF margin: -2.5% -> +74.3%",
      "severity": "HIGH"
    },
    {
      "quarter": "2025-03 (Q1)",
      "signal": "YoY REVENUE GROWTH ACCELERATION",
      "detail": "YoY growth: +31.4% vs prior quarter YoY: +11.8% (accel: +19.6%)",
      "severity": "HIGH"
    },
    {
      "quarter": "2025-03 (Q1)",
      "signal": "INCREMENTAL MARGIN (YoY)",
      "detail": "YoY Incr OPM: +80.7% vs year-ago OPM: +39.3%",
      "severity": "HIGH"
    },
    {
      "quarter": "2024-12 (Q4)",
      "signal": "OPERATING LEVERAGE",
      "detail": "Rev growth +35.1% vs OpEx growth +19.7% (leverage: 1.8x)",
      "severity": "MEDIUM"
    },
    {
      "quarter": "2024-12 (Q4)",
      "signal": "YoY REVENUE GROWTH DECELERATION",
      "detail": "YoY growth: +11.8% vs prior quarter YoY: +62.8% (decel: -51.0%)",
      "severity": "WARNING"
    },
    {
      "quarter": "2024-12 (Q4)",
      "signal": "INCREMENTAL MARGIN (YoY)",
      "detail": "YoY Incr OPM: +142.4% vs year-ago OPM: +42.3%",
      "severity": "HIGH"
    },
    {
      "quarter": "2024-09 (Q3)",
      "signal": "FCF MARGIN EXPANSION",
      "detail": "FCF margin: +11.6% -> +24.3% (+12.7%)",
      "severity": "MEDIUM"
    },
    {
      "quarter": "2024-09 (Q3)",
      "signal": "YoY REVENUE GROWTH ACCELERATION",
      "detail": "YoY growth: +62.8% vs prior quarter YoY: +5.3% (accel: +57.5%)",
      "severity": "HIGH"
    },
    {
      "quarter": "2024-09 (Q3)",
      "signal": "INCREMENTAL MARGIN (YoY)",
      "detail": "YoY Incr OPM: +79.9% vs year-ago OPM: +39.4%",
      "severity": "HIGH"
    },
    {
      "quarter": "2024-06 (Q2)",
      "signal": "YoY REVENUE GROWTH DECELERATION",
      "detail": "YoY growth: +5.3% vs prior quarter YoY: +12.7% (decel: -7.4%)",
      "severity": "WARNING"
    },
    {
      "quarter": "2024-03 (Q1)",
      "signal": "FCF MARGIN EXPANSION",
      "detail": "FCF margin: +14.5% -> +67.5% (+53.0%)",
      "severity": "MEDIUM"
    },
    {
      "quarter": "2024-03 (Q1)",
      "signal": "YoY REVENUE GROWTH ACCELERATION",
      "detail": "YoY growth: +12.7% vs prior quarter YoY: -11.9% (accel: +24.6%)",
      "severity": "HIGH"
    },
    {
      "quarter": "2023-12 (Q4)",
      "signal": "OPERATING LEVERAGE",
      "detail": "Rev growth +96.8% vs OpEx growth +24.1% (leverage: 4.0x)",
      "severity": "MEDIUM"
    },
    {
      "quarter": "2023-12 (Q4)",
      "signal": "YoY REVENUE GROWTH ACCELERATION",
      "detail": "YoY growth: -11.9% vs prior quarter YoY: -31.6% (accel: +19.7%)",
      "severity": "HIGH"
    },
    {
      "quarter": "2023-12 (Q4)",
      "signal": "INCREMENTAL MARGIN (YoY)",
      "detail": "YoY Incr OPM: +85.3% vs year-ago OPM: +47.4%",
      "severity": "HIGH"
    },
    {
      "quarter": "2023-09 (Q3)",
      "signal": "FCF MARGIN EXPANSION",
      "detail": "FCF margin: +22.5% -> +55.8% (+33.3%)",
      "severity": "MEDIUM"
    },
    {
      "quarter": "2023-09 (Q3)",
      "signal": "YoY REVENUE GROWTH DECELERATION",
      "detail": "YoY growth: -31.6% vs prior quarter YoY: -18.2% (decel: -13.4%)",
      "severity": "WARNING"
    },
    {
      "quarter": "2023-06 (Q2)",
      "signal": "YoY REVENUE GROWTH DECELERATION",
      "detail": "YoY growth: -18.2% vs prior quarter YoY: -11.1% (decel: -7.0%)",
      "severity": "WARNING"
    },
    {
      "quarter": "2023-06 (Q2)",
      "signal": "INCREMENTAL MARGIN (YoY)",
      "detail": "YoY Incr OPM: +56.6% vs year-ago OPM: +12.2%",
      "severity": "HIGH"
    },
    {
      "quarter": "2023-03 (Q1)",
      "signal": "FCF TURNED POSITIVE",
      "detail": "FCF margin: -24.4% -> +112.4%",
      "severity": "HIGH"
    },
    {
      "quarter": "2023-03 (Q1)",
      "signal": "YoY REVENUE GROWTH DECELERATION",
      "detail": "YoY growth: -11.1% vs prior quarter YoY: +28.3% (decel: -39.5%)",
      "severity": "WARNING"
    },
    {
      "quarter": "2022-12 (Q4)",
      "signal": "YoY REVENUE GROWTH DECELERATION",
      "detail": "YoY growth: +28.3% vs prior quarter YoY: +81.3% (decel: -53.0%)",
      "severity": "WARNING"
    },
    {
      "quarter": "2022-09 (Q3)",
      "signal": "FCF TURNED POSITIVE",
      "detail": "FCF margin: -38.8% -> +36.7%",
      "severity": "HIGH"
    },
    {
      "quarter": "2022-09 (Q3)",
      "signal": "YoY REVENUE GROWTH ACCELERATION",
      "detail": "YoY growth: +81.3% vs prior quarter YoY: +56.8% (accel: +24.5%)",
      "severity": "HIGH"
    },
    {
      "quarter": "2022-09 (Q3)",
      "signal": "INCREMENTAL MARGIN (YoY)",
      "detail": "YoY Incr OPM: +72.7% vs year-ago OPM: +2.4%",
      "severity": "HIGH"
    },
    {
      "quarter": "2022-06 (Q2)",
      "signal": "YoY REVENUE GROWTH ACCELERATION",
      "detail": "YoY growth: +56.8% vs prior quarter YoY: +27.5% (accel: +29.3%)",
      "severity": "HIGH"
    },
    {
      "quarter": "2022-06 (Q2)",
      "signal": "OP MARGIN TURNED POSITIVE (YoY)",
      "detail": "Op margin: -17.7% (year-ago) -> +12.2%",
      "severity": "HIGH"
    },
    {
      "quarter": "2022-03 (Q1)",
      "signal": "FCF TURNED POSITIVE",
      "detail": "FCF margin: -13.2% -> +85.0%",
      "severity": "HIGH"
    },
    {
      "quarter": "2021-12 (Q4)",
      "signal": "INCREMENTAL MARGIN (YoY)",
      "detail": "YoY Incr OPM: +77.8% vs year-ago OPM: +49.4%",
      "severity": "HIGH"
    },
    {
      "quarter": "2021-09 (Q3)",
      "signal": "FCF TURNED POSITIVE",
      "detail": "FCF margin: -9.3% -> +37.4%",
      "severity": "HIGH"
    },
    {
      "quarter": "2021-09 (Q3)",
      "signal": "OP MARGIN TURNED POSITIVE (QoQ)",
      "detail": "Op margin: -17.7% -> +2.4%",
      "severity": "HIGH"
    },
    {
      "quarter": "2021-03 (Q1)",
      "signal": "FCF MARGIN EXPANSION",
      "detail": "FCF margin: +14.1% -> +95.6% (+81.6%)",
      "severity": "MEDIUM"
    }
  ],
  "data_quality": {
    "n_quarters": 20,
    "coverage": {
      "revenue": [
        20,
        20
      ],
      "gross_profit": [
        0,
        20
      ],
      "op_income": [
        20,
        20
      ],
      "fcf": [
        20,
        20
      ]
    },
    "gaps": [],
    "warnings": [
      "gross_profit: no data"
    ]
  },
  "market_cap": null,
  "source": "SEC EDGAR",
  "last_updated": "2026-02-02T21:04:36.731143"
}