{
  "ticker": "NKE",
  "name": "NIKE, Inc.",
  "quarters": [
    {
      "date": "2021-02-28T00:00:00",
      "quarter_label": "2021-02 (Q1)",
      "revenue": 10357000000,
      "gross_profit": 4719000000,
      "operating_income": null,
      "net_income": 1449000000,
      "opex": null,
      "cogs": 5638000000,
      "rd": null,
      "sga": 3041000000,
      "fcf": 1113000000,
      "ocf": 1290000000,
      "capex": -177000000,
      "gross_margin": 0.4556338708120112,
      "op_margin": null,
      "fcf_margin": 0.10746355122139616
    },
    {
      "date": "2021-05-31T00:00:00",
      "quarter_label": "2021-05 (Q2)",
      "revenue": 12344000000,
      "gross_profit": 5655000000,
      "operating_income": null,
      "net_income": 1509000000,
      "opex": null,
      "cogs": 6689000000,
      "rd": null,
      "sga": 3742000000,
      "fcf": 1838000000,
      "ocf": 2012000000,
      "capex": -174000000,
      "gross_margin": 0.45811730395333766,
      "op_margin": null,
      "fcf_margin": 0.14889825016202204,
      "fcf_margin_change": 0.04143469894062589
    },
    {
      "date": "2021-08-31T00:00:00",
      "quarter_label": "2021-08 (Q3)",
      "revenue": 12248000000,
      "gross_profit": 5696000000,
      "operating_income": null,
      "net_income": 1874000000,
      "opex": null,
      "cogs": 6552000000,
      "rd": null,
      "sga": 3572000000,
      "fcf": 927000000,
      "ocf": 1111000000,
      "capex": -184000000,
      "gross_margin": 0.465055519268452,
      "op_margin": null,
      "fcf_margin": 0.07568582625734814,
      "fcf_margin_change": -0.0732124239046739
    },
    {
      "date": "2021-11-30T00:00:00",
      "quarter_label": "2021-11 (Q4)",
      "revenue": 11357000000,
      "gross_profit": 5213000000,
      "operating_income": null,
      "net_income": 1337000000,
      "opex": null,
      "cogs": 6144000000,
      "rd": null,
      "sga": 3759000000,
      "fcf": 2579000000,
      "ocf": 2757000000,
      "capex": -178000000,
      "gross_margin": 0.4590120630448182,
      "op_margin": null,
      "fcf_margin": 0.22708461741657127,
      "fcf_margin_change": 0.1513987911592231
    },
    {
      "date": "2022-02-28T00:00:00",
      "quarter_label": "2022-02 (Q1)",
      "revenue": 10871000000,
      "gross_profit": 5067000000,
      "operating_income": null,
      "net_income": 1396000000,
      "opex": null,
      "cogs": 5804000000,
      "rd": null,
      "sga": 3438000000,
      "fcf": 15000000,
      "ocf": 169000000,
      "capex": -154000000,
      "gross_margin": 0.4661024744733695,
      "op_margin": null,
      "fcf_margin": 0.0013798178640419465,
      "rev_growth_yoy": 0.049628270734768755,
      "fcf_margin_change": -0.2257047995525293
    },
    {
      "date": "2022-05-31T00:00:00",
      "quarter_label": "2022-05 (Q2)",
      "revenue": 12234000000,
      "gross_profit": 5503000000,
      "operating_income": null,
      "net_income": 1439000000,
      "opex": null,
      "cogs": 6731000000,
      "rd": null,
      "sga": 4035000000,
      "fcf": 909000000,
      "ocf": 1151000000,
      "capex": -242000000,
      "gross_margin": 0.4498119993460847,
      "op_margin": null,
      "fcf_margin": 0.0743011280039235,
      "rev_growth_yoy": -0.008911211924821775,
      "rev_growth_yoy_accel": -0.05853948265959053,
      "fcf_margin_change": 0.07292131013988155
    },
    {
      "date": "2022-08-31T00:00:00",
      "quarter_label": "2022-08 (Q3)",
      "revenue": 12687000000,
      "gross_profit": 5615000000,
      "operating_income": null,
      "net_income": 1468000000,
      "opex": null,
      "cogs": 7072000000,
      "rd": null,
      "sga": 3920000000,
      "fcf": 93000000,
      "ocf": 357000000,
      "capex": -264000000,
      "gross_margin": 0.44257901789233073,
      "op_margin": null,
      "fcf_margin": 0.007330338141404587,
      "rev_growth_yoy": 0.035842586544742,
      "rev_growth_yoy_accel": 0.044753798469563774,
      "fcf_margin_change": -0.0669707898625189
    },
    {
      "date": "2022-11-30T00:00:00",
      "quarter_label": "2022-11 (Q4)",
      "revenue": 13315000000,
      "gross_profit": 5711000000,
      "operating_income": null,
      "net_income": 1331000000,
      "opex": null,
      "cogs": 7604000000,
      "rd": null,
      "sga": 4124000000,
      "fcf": 765000000,
      "ocf": 1001000000,
      "capex": -236000000,
      "gross_margin": 0.428914757791964,
      "op_margin": null,
      "fcf_margin": 0.05745399924896733,
      "rev_growth_yoy": 0.172404684335652,
      "rev_growth_yoy_accel": 0.13656209779091,
      "fcf_margin_change": 0.05012366110756274
    },
    {
      "date": "2023-02-28T00:00:00",
      "quarter_label": "2023-02 (Q1)",
      "revenue": 12390000000,
      "gross_profit": 5371000000,
      "operating_income": null,
      "net_income": 1240000000,
      "opex": null,
      "cogs": 7019000000,
      "rd": null,
      "sga": 3959000000,
      "fcf": 2030000000,
      "ocf": 2230000000,
      "capex": -200000000,
      "gross_margin": 0.43349475383373687,
      "op_margin": null,
      "fcf_margin": 0.1638418079096045,
      "rev_growth_yoy": 0.13972955569864778,
      "rev_growth_yoy_accel": -0.032675128637004225,
      "fcf_margin_change": 0.10638780866063718
    },
    {
      "date": "2023-05-31T00:00:00",
      "quarter_label": "2023-05 (Q2)",
      "revenue": 12825000000,
      "gross_profit": 5595000000,
      "operating_income": null,
      "net_income": 1031000000,
      "opex": null,
      "cogs": 7230000000,
      "rd": null,
      "sga": 4374000000,
      "fcf": 1984000000,
      "ocf": 2253000000,
      "capex": -269000000,
      "gross_margin": 0.43625730994152045,
      "op_margin": null,
      "fcf_margin": 0.15469785575048733,
      "rev_growth_yoy": 0.04830799411476214,
      "rev_growth_yoy_accel": -0.09142156158388565,
      "fcf_margin_change": -0.009143952159117175
    },
    {
      "date": "2023-08-31T00:00:00",
      "quarter_label": "2023-08 (Q3)",
      "revenue": 12939000000,
      "gross_profit": 5720000000,
      "operating_income": null,
      "net_income": 1450000000,
      "opex": null,
      "cogs": 7219000000,
      "rd": null,
      "sga": 4116000000,
      "fcf": -319000000,
      "ocf": -66000000,
      "capex": -253000000,
      "gross_margin": 0.44207434886776414,
      "op_margin": null,
      "fcf_margin": -0.024654146379163768,
      "rev_growth_yoy": 0.019862851737999527,
      "rev_growth_yoy_accel": -0.02844514237676261,
      "fcf_margin_change": -0.1793520021296511
    },
    {
      "date": "2023-11-30T00:00:00",
      "quarter_label": "2023-11 (Q4)",
      "revenue": 13388000000,
      "gross_profit": 5971000000,
      "operating_income": null,
      "net_income": 1578000000,
      "opex": null,
      "cogs": 7417000000,
      "rd": null,
      "sga": 4146000000,
      "fcf": 2612000000,
      "ocf": 2817000000,
      "capex": -205000000,
      "gross_margin": 0.4459964146997311,
      "op_margin": null,
      "fcf_margin": 0.19510008963250672,
      "rev_growth_yoy": 0.005482538490424333,
      "rev_growth_yoy_accel": -0.014380313247575193,
      "fcf_margin_change": 0.2197542360116705
    },
    {
      "date": "2024-02-29T00:00:00",
      "quarter_label": "2024-02 (Q1)",
      "revenue": 12429000000,
      "gross_profit": 5562000000,
      "operating_income": null,
      "net_income": 1172000000,
      "opex": null,
      "cogs": 6867000000,
      "rd": null,
      "sga": 4226000000,
      "fcf": 1918000000,
      "ocf": 2059000000,
      "capex": -141000000,
      "gross_margin": 0.44750181028240404,
      "op_margin": null,
      "fcf_margin": 0.15431651782122455,
      "rev_growth_yoy": 0.0031476997578692495,
      "rev_growth_yoy_accel": -0.002334838732555084,
      "fcf_margin_change": -0.04078357181128217
    },
    {
      "date": "2024-05-31T00:00:00",
      "quarter_label": "2024-05 (Q2)",
      "revenue": 12606000000,
      "gross_profit": 5634000000,
      "operating_income": null,
      "net_income": 1500000000,
      "opex": null,
      "cogs": 6972000000,
      "rd": null,
      "sga": 4088000000,
      "fcf": 2406000000,
      "ocf": 2619000000,
      "capex": -213000000,
      "gross_margin": 0.4469300333174679,
      "op_margin": null,
      "fcf_margin": 0.190861494526416,
      "rev_growth_yoy": -0.017076023391812866,
      "rev_growth_yoy_accel": -0.020223723149682116,
      "fcf_margin_change": 0.03654497670519144
    },
    {
      "date": "2024-08-31T00:00:00",
      "quarter_label": "2024-08 (Q3)",
      "revenue": 11589000000,
      "gross_profit": 5257000000,
      "operating_income": null,
      "net_income": 1051000000,
      "opex": null,
      "cogs": 6332000000,
      "rd": null,
      "sga": 4048000000,
      "fcf": 274000000,
      "ocf": 394000000,
      "capex": -120000000,
      "gross_margin": 0.4536198118905859,
      "op_margin": null,
      "fcf_margin": 0.023643109845543187,
      "rev_growth_yoy": -0.10433572919081846,
      "rev_growth_yoy_accel": -0.08725970579900559,
      "fcf_margin_change": -0.1672183846808728
    },
    {
      "date": "2024-11-30T00:00:00",
      "quarter_label": "2024-11 (Q4)",
      "revenue": 12354000000,
      "gross_profit": 5389000000,
      "operating_income": null,
      "net_income": 1163000000,
      "opex": null,
      "cogs": 6965000000,
      "rd": null,
      "sga": 4005000000,
      "fcf": 920000000,
      "ocf": 1049000000,
      "capex": -129000000,
      "gross_margin": 0.4362149910960013,
      "op_margin": null,
      "fcf_margin": 0.0744698073498462,
      "rev_growth_yoy": -0.07723334329250074,
      "rev_growth_yoy_accel": 0.02710238589831772,
      "fcf_margin_change": 0.05082669750430302
    },
    {
      "date": "2025-02-28T00:00:00",
      "quarter_label": "2025-02 (Q1)",
      "revenue": 11269000000,
      "gross_profit": 4675000000,
      "operating_income": null,
      "net_income": 794000000,
      "opex": null,
      "cogs": 6594000000,
      "rd": null,
      "sga": 3887000000,
      "fcf": 1711000000,
      "ocf": 1792000000,
      "capex": -81000000,
      "gross_margin": 0.41485491170467653,
      "op_margin": null,
      "fcf_margin": 0.1518324607329843,
      "rev_growth_yoy": -0.0933301150535039,
      "rev_growth_yoy_accel": -0.01609677176100316,
      "fcf_margin_change": 0.07736265338313808
    },
    {
      "date": "2025-05-31T00:00:00",
      "quarter_label": "2025-05 (Q2)",
      "revenue": 11097000000,
      "gross_profit": 4469000000,
      "operating_income": null,
      "net_income": 211000000,
      "opex": null,
      "cogs": 6628000000,
      "rd": null,
      "sga": 4148000000,
      "fcf": 363000000,
      "ocf": 463000000,
      "capex": -100000000,
      "gross_margin": 0.4027214562494368,
      "op_margin": null,
      "fcf_margin": 0.03271154366044877,
      "rev_growth_yoy": -0.11970490242741552,
      "rev_growth_yoy_accel": -0.02637478737391162,
      "fcf_margin_change": -0.11912091707253553
    },
    {
      "date": "2025-08-31T00:00:00",
      "quarter_label": "2025-08 (Q3)",
      "revenue": 11720000000,
      "gross_profit": 4943000000,
      "operating_income": null,
      "net_income": 727000000,
      "opex": null,
      "cogs": 6777000000,
      "rd": null,
      "sga": 4016000000,
      "fcf": 15000000,
      "ocf": 222000000,
      "capex": -207000000,
      "gross_margin": 0.42175767918088736,
      "op_margin": null,
      "fcf_margin": 0.001279863481228669,
      "rev_growth_yoy": 0.011303822590387437,
      "rev_growth_yoy_accel": 0.13100872501780295,
      "fcf_margin_change": -0.0314316801792201
    },
    {
      "date": "2025-11-30T00:00:00",
      "quarter_label": "2025-11 (Q4)",
      "revenue": 12427000000,
      "gross_profit": 5045000000,
      "operating_income": null,
      "net_income": 792000000,
      "opex": null,
      "cogs": 7382000000,
      "rd": null,
      "sga": 4039000000,
      "fcf": 386000000,
      "ocf": 579000000,
      "capex": -193000000,
      "gross_margin": 0.4059708698800998,
      "op_margin": null,
      "fcf_margin": 0.031061398567634988,
      "rev_growth_yoy": 0.005909017322324753,
      "rev_growth_yoy_accel": -0.005394805268062684,
      "fcf_margin_change": 0.029781535086406317
    }
  ],
  "signals": [
    {
      "quarter": "2025-08 (Q3)",
      "signal": "YoY REVENUE GROWTH ACCELERATION",
      "detail": "YoY growth: +1.1% vs prior quarter YoY: -12.0% (accel: +13.1%)",
      "severity": "MEDIUM"
    },
    {
      "quarter": "2025-02 (Q1)",
      "signal": "FCF MARGIN EXPANSION",
      "detail": "FCF margin: +7.4% -> +15.2% (+7.7%)",
      "severity": "MEDIUM"
    },
    {
      "quarter": "2024-11 (Q4)",
      "signal": "FCF MARGIN EXPANSION",
      "detail": "FCF margin: +2.4% -> +7.4% (+5.1%)",
      "severity": "MEDIUM"
    },
    {
      "quarter": "2024-08 (Q3)",
      "signal": "YoY REVENUE GROWTH DECELERATION",
      "detail": "YoY growth: -10.4% vs prior quarter YoY: -1.7% (decel: -8.7%)",
      "severity": "WARNING"
    },
    {
      "quarter": "2023-11 (Q4)",
      "signal": "FCF TURNED POSITIVE",
      "detail": "FCF margin: -2.5% -> +19.5%",
      "severity": "HIGH"
    },
    {
      "quarter": "2023-05 (Q2)",
      "signal": "YoY REVENUE GROWTH DECELERATION",
      "detail": "YoY growth: +4.8% vs prior quarter YoY: +14.0% (decel: -9.1%)",
      "severity": "WARNING"
    },
    {
      "quarter": "2023-02 (Q1)",
      "signal": "FCF MARGIN EXPANSION",
      "detail": "FCF margin: +5.7% -> +16.4% (+10.6%)",
      "severity": "MEDIUM"
    },
    {
      "quarter": "2022-11 (Q4)",
      "signal": "FCF MARGIN EXPANSION",
      "detail": "FCF margin: +0.7% -> +5.7% (+5.0%)",
      "severity": "MEDIUM"
    },
    {
      "quarter": "2022-11 (Q4)",
      "signal": "YoY REVENUE GROWTH ACCELERATION",
      "detail": "YoY growth: +17.2% vs prior quarter YoY: +3.6% (accel: +13.7%)",
      "severity": "MEDIUM"
    },
    {
      "quarter": "2022-05 (Q2)",
      "signal": "FCF MARGIN EXPANSION",
      "detail": "FCF margin: +0.1% -> +7.4% (+7.3%)",
      "severity": "MEDIUM"
    },
    {
      "quarter": "2022-05 (Q2)",
      "signal": "YoY REVENUE GROWTH DECELERATION",
      "detail": "YoY growth: -0.9% vs prior quarter YoY: +5.0% (decel: -5.9%)",
      "severity": "WARNING"
    },
    {
      "quarter": "2021-11 (Q4)",
      "signal": "FCF MARGIN EXPANSION",
      "detail": "FCF margin: +7.6% -> +22.7% (+15.1%)",
      "severity": "MEDIUM"
    }
  ],
  "data_quality": {
    "n_quarters": 20,
    "coverage": {
      "revenue": [
        20,
        20
      ],
      "gross_profit": [
        20,
        20
      ],
      "op_income": [
        0,
        20
      ],
      "fcf": [
        20,
        20
      ]
    },
    "gaps": [],
    "warnings": [
      "op_income: no data"
    ]
  },
  "market_cap": null,
  "source": "SEC EDGAR",
  "last_updated": "2026-02-02T19:51:06.427939",
  "sector": "Consumer Cyclical",
  "industry": "Footwear & Accessories"
}