{
  "ticker": "NLCP",
  "name": "NewLake Capital Partners, Inc.",
  "quarters": [
    {
      "date": "2020-12-31T00:00:00",
      "quarter_label": "2020-12 (Q4)",
      "revenue": 4069000,
      "gross_profit": null,
      "operating_income": 3019000,
      "net_income": null,
      "opex": 2541000,
      "cogs": null,
      "rd": null,
      "sga": null,
      "fcf": 3225000,
      "ocf": 3225000,
      "capex": null,
      "gross_margin": null,
      "op_margin": 0.7419513393954289,
      "fcf_margin": 0.7925780289997543
    },
    {
      "date": "2021-03-31T00:00:00",
      "quarter_label": "2021-03 (Q1)",
      "revenue": 4419000,
      "gross_profit": null,
      "operating_income": 1536000,
      "net_income": null,
      "opex": 2883000,
      "cogs": null,
      "rd": null,
      "sga": null,
      "fcf": 1927000,
      "ocf": 1927000,
      "capex": null,
      "gross_margin": null,
      "op_margin": 0.34758995247793617,
      "fcf_margin": 0.436071509391265,
      "op_leverage_ratio": 0.6390854255323737,
      "fcf_margin_change": -0.3565065196084893
    },
    {
      "date": "2021-06-30T00:00:00",
      "quarter_label": "2021-06 (Q2)",
      "revenue": 6616000,
      "gross_profit": null,
      "operating_income": 2800000,
      "net_income": null,
      "opex": 3850000,
      "cogs": null,
      "rd": null,
      "sga": null,
      "fcf": 7914000,
      "ocf": 7914000,
      "capex": null,
      "gross_margin": null,
      "op_margin": 0.42321644498186217,
      "fcf_margin": 1.1961910519951633,
      "op_leverage_ratio": 1.4822594357869434,
      "fcf_margin_change": 0.7601195426038982
    },
    {
      "date": "2021-09-30T00:00:00",
      "quarter_label": "2021-09 (Q3)",
      "revenue": 8048000,
      "gross_profit": null,
      "operating_income": 2758000,
      "net_income": null,
      "opex": 5332000,
      "cogs": null,
      "rd": null,
      "sga": null,
      "fcf": 5933000,
      "ocf": 5933000,
      "capex": null,
      "gross_margin": null,
      "op_margin": 0.3426938369781312,
      "fcf_margin": 0.7372017892644135,
      "op_leverage_ratio": 0.5622895952559289,
      "fcf_margin_change": -0.4589892627307498
    },
    {
      "date": "2021-12-31T00:00:00",
      "quarter_label": "2021-12 (Q4)",
      "revenue": 9118000,
      "gross_profit": null,
      "operating_income": 4402000,
      "net_income": null,
      "opex": 4641000,
      "cogs": null,
      "rd": null,
      "sga": null,
      "fcf": 10923000,
      "ocf": 10923000,
      "capex": null,
      "gross_margin": null,
      "op_margin": 0.48278131169116034,
      "fcf_margin": 1.1979600789646851,
      "incr_op_margin_yoy": 0.2739156268568033,
      "rev_growth_yoy": 1.2408454165642664,
      "op_leverage_ratio": Infinity,
      "fcf_margin_change": 0.46075828970027166
    },
    {
      "date": "2022-03-31T00:00:00",
      "quarter_label": "2022-03 (Q1)",
      "revenue": 10166000,
      "gross_profit": null,
      "operating_income": 5113000,
      "net_income": 5017000,
      "opex": 4993000,
      "cogs": null,
      "rd": null,
      "sga": null,
      "fcf": 6237000,
      "ocf": 6237000,
      "capex": null,
      "gross_margin": null,
      "op_margin": 0.5029510131811922,
      "fcf_margin": 0.6135156403698603,
      "incr_op_margin_yoy": 0.6224116930572473,
      "rev_growth_yoy": 1.300520479746549,
      "rev_growth_yoy_accel": 0.05967506318228266,
      "op_leverage_ratio": 1.5154115735109377,
      "fcf_margin_change": -0.5844444385948249
    },
    {
      "date": "2022-06-30T00:00:00",
      "quarter_label": "2022-06 (Q2)",
      "revenue": 10501000,
      "gross_profit": null,
      "operating_income": 3788000,
      "net_income": 3758000,
      "opex": 6713000,
      "cogs": null,
      "rd": null,
      "sga": null,
      "fcf": 9491000,
      "ocf": 9491000,
      "capex": null,
      "gross_margin": null,
      "op_margin": 0.360727549757166,
      "fcf_margin": 0.9038186839348633,
      "incr_op_margin_yoy": 0.2543114543114543,
      "rev_growth_yoy": 0.5872128174123338,
      "rev_growth_yoy_accel": -0.7133076623342153,
      "op_leverage_ratio": 0.09565943706564059,
      "fcf_margin_change": 0.290303043565003
    },
    {
      "date": "2022-09-30T00:00:00",
      "quarter_label": "2022-09 (Q3)",
      "revenue": 12073000,
      "gross_profit": null,
      "operating_income": 6710000,
      "net_income": 6510000,
      "opex": 5363000,
      "cogs": null,
      "rd": null,
      "sga": null,
      "fcf": 7796000,
      "ocf": 7796000,
      "capex": null,
      "gross_margin": null,
      "op_margin": 0.5557856373726497,
      "fcf_margin": 0.645738424583782,
      "incr_op_margin_yoy": 0.9818633540372671,
      "rev_growth_yoy": 0.500124254473161,
      "rev_growth_yoy_accel": -0.08708856293917278,
      "op_leverage_ratio": Infinity,
      "fcf_margin_change": -0.25808025935108136
    },
    {
      "date": "2022-12-31T00:00:00",
      "quarter_label": "2022-12 (Q4)",
      "revenue": 12176000,
      "gross_profit": null,
      "operating_income": 6905000,
      "net_income": 6691000,
      "opex": 5271000,
      "cogs": null,
      "rd": null,
      "sga": null,
      "fcf": 13484000,
      "ocf": 13484000,
      "capex": null,
      "gross_margin": null,
      "op_margin": 0.5670992115637319,
      "fcf_margin": 1.1074244415243102,
      "incr_op_margin_yoy": 0.8185088293001962,
      "rev_growth_yoy": 0.33538056591357757,
      "rev_growth_yoy_accel": -0.16474368855958343,
      "fcf_margin_change": 0.46168601694052824
    },
    {
      "date": "2023-03-31T00:00:00",
      "quarter_label": "2023-03 (Q1)",
      "revenue": 11416000,
      "gross_profit": null,
      "operating_income": 5842000,
      "net_income": 5868000,
      "opex": 5574000,
      "cogs": null,
      "rd": null,
      "sga": null,
      "fcf": 8237000,
      "ocf": 8237000,
      "capex": null,
      "gross_margin": null,
      "op_margin": 0.5117379117028732,
      "fcf_margin": 0.721531184302733,
      "incr_op_margin_yoy": 0.5832,
      "rev_growth_yoy": 0.1229588825496754,
      "rev_growth_yoy_accel": -0.21242168336390216,
      "fcf_margin_change": -0.3858932572215772
    },
    {
      "date": "2023-06-30T00:00:00",
      "quarter_label": "2023-06 (Q2)",
      "revenue": 11376000,
      "gross_profit": null,
      "operating_income": 5787000,
      "net_income": 5797000,
      "opex": 5589000,
      "cogs": null,
      "rd": null,
      "sga": null,
      "fcf": 9977000,
      "ocf": 9977000,
      "capex": null,
      "gross_margin": null,
      "op_margin": 0.5087025316455697,
      "fcf_margin": 0.877021800281294,
      "rev_growth_yoy": 0.08332539758118275,
      "rev_growth_yoy_accel": -0.039633484968492644,
      "fcf_margin_change": 0.15549061597856095
    },
    {
      "date": "2023-09-30T00:00:00",
      "quarter_label": "2023-09 (Q3)",
      "revenue": 11491000,
      "gross_profit": null,
      "operating_income": 5983000,
      "net_income": 5958000,
      "opex": 5508000,
      "cogs": null,
      "rd": null,
      "sga": null,
      "fcf": 9389000,
      "ocf": 9389000,
      "capex": null,
      "gross_margin": null,
      "op_margin": 0.5206683491428075,
      "fcf_margin": 0.8170742320076582,
      "rev_growth_yoy": -0.04820674231756813,
      "rev_growth_yoy_accel": -0.13153213989875087,
      "op_leverage_ratio": Infinity,
      "fcf_margin_change": -0.05994756827363579
    },
    {
      "date": "2023-12-31T00:00:00",
      "quarter_label": "2023-12 (Q4)",
      "revenue": 13021000,
      "gross_profit": null,
      "operating_income": 7043000,
      "net_income": 6962000,
      "opex": 5811000,
      "cogs": null,
      "rd": null,
      "sga": null,
      "fcf": 12481000,
      "ocf": 12481000,
      "capex": null,
      "gross_margin": null,
      "op_margin": 0.5408954765379003,
      "fcf_margin": 0.9585285308348053,
      "rev_growth_yoy": 0.0693988173455979,
      "rev_growth_yoy_accel": 0.11760555966316602,
      "op_leverage_ratio": 2.4203875439323586,
      "fcf_margin_change": 0.1414542988271471
    },
    {
      "date": "2024-03-31T00:00:00",
      "quarter_label": "2024-03 (Q1)",
      "revenue": 12608000,
      "gross_profit": null,
      "operating_income": 6977000,
      "net_income": 6869000,
      "opex": 5645000,
      "cogs": null,
      "rd": null,
      "sga": null,
      "fcf": 10042000,
      "ocf": 10042000,
      "capex": null,
      "gross_margin": null,
      "op_margin": 0.553378807106599,
      "fcf_margin": 0.7964784263959391,
      "incr_op_margin_yoy": 0.9521812080536913,
      "rev_growth_yoy": 0.10441485634197617,
      "rev_growth_yoy_accel": 0.03501603899637827,
      "fcf_margin_change": -0.16205010443886614
    },
    {
      "date": "2024-06-30T00:00:00",
      "quarter_label": "2024-06 (Q2)",
      "revenue": 12455000,
      "gross_profit": null,
      "operating_income": 6965000,
      "net_income": 6796000,
      "opex": 5502000,
      "cogs": null,
      "rd": null,
      "sga": null,
      "fcf": 11717000,
      "ocf": 11717000,
      "capex": null,
      "gross_margin": null,
      "op_margin": 0.5592131674026496,
      "fcf_margin": 0.9407466880770775,
      "incr_op_margin_yoy": 1.0917516218721037,
      "rev_growth_yoy": 0.09484880450070324,
      "rev_growth_yoy_accel": -0.009566051841272932,
      "fcf_margin_change": 0.14426826168113838
    },
    {
      "date": "2024-09-30T00:00:00",
      "quarter_label": "2024-09 (Q3)",
      "revenue": 12554000,
      "gross_profit": null,
      "operating_income": 6635000,
      "net_income": 6422000,
      "opex": 5931000,
      "cogs": null,
      "rd": null,
      "sga": null,
      "fcf": 10961000,
      "ocf": 10961000,
      "capex": null,
      "gross_margin": null,
      "op_margin": 0.5285168073920663,
      "fcf_margin": 0.8731081726939621,
      "incr_op_margin_yoy": 0.6133584195672624,
      "rev_growth_yoy": 0.0925071795318075,
      "rev_growth_yoy_accel": -0.002341624968895742,
      "fcf_margin_change": -0.06763851538311538
    },
    {
      "date": "2024-12-31T00:00:00",
      "quarter_label": "2024-12 (Q4)",
      "revenue": 12513000,
      "gross_profit": null,
      "operating_income": 6218000,
      "net_income": 6028000,
      "opex": 5786000,
      "cogs": null,
      "rd": null,
      "sga": null,
      "fcf": 10629000,
      "ocf": 10629000,
      "capex": null,
      "gross_margin": null,
      "op_margin": 0.49692319987213296,
      "fcf_margin": 0.8494365859506113,
      "rev_growth_yoy": -0.03901390062207204,
      "rev_growth_yoy_accel": -0.13152108015387953,
      "fcf_margin_change": -0.023671586743350792
    },
    {
      "date": "2025-03-31T00:00:00",
      "quarter_label": "2025-03 (Q1)",
      "revenue": 13209000,
      "gross_profit": null,
      "operating_income": 6493000,
      "net_income": 6297000,
      "opex": 6729000,
      "cogs": null,
      "rd": null,
      "sga": null,
      "fcf": 10162000,
      "ocf": 10162000,
      "capex": null,
      "gross_margin": null,
      "op_margin": 0.49155878567643274,
      "fcf_margin": 0.769323945794534,
      "rev_growth_yoy": 0.047668147208121826,
      "rev_growth_yoy_accel": 0.08668204783019387,
      "op_leverage_ratio": 0.34128290247283866,
      "fcf_margin_change": -0.08011264015607733
    },
    {
      "date": "2025-06-30T00:00:00",
      "quarter_label": "2025-06 (Q2)",
      "revenue": 12932000,
      "gross_profit": null,
      "operating_income": 7564000,
      "net_income": 7319000,
      "opex": 5344000,
      "cogs": null,
      "rd": null,
      "sga": null,
      "fcf": 11463000,
      "ocf": 11463000,
      "capex": null,
      "gross_margin": null,
      "op_margin": 0.5849056603773585,
      "fcf_margin": 0.8864058150324776,
      "rev_growth_yoy": 0.03829787234042553,
      "rev_growth_yoy_accel": -0.009370274867696295,
      "fcf_margin_change": 0.11708186923794361
    },
    {
      "date": "2025-09-30T00:00:00",
      "quarter_label": "2025-09 (Q3)",
      "revenue": 12587000,
      "gross_profit": null,
      "operating_income": 6916000,
      "net_income": 6666000,
      "opex": 5682000,
      "cogs": null,
      "rd": null,
      "sga": null,
      "fcf": 10740000,
      "ocf": 10740000,
      "capex": null,
      "gross_margin": null,
      "op_margin": 0.5494557877174863,
      "fcf_margin": 0.8532613013426551,
      "rev_growth_yoy": 0.0026286442568105783,
      "rev_growth_yoy_accel": -0.03566922808361495,
      "fcf_margin_change": -0.03314451368982252
    }
  ],
  "signals": [
    {
      "quarter": "2025-06 (Q2)",
      "signal": "FCF MARGIN EXPANSION",
      "detail": "FCF margin: +76.9% -> +88.6% (+11.7%)",
      "severity": "MEDIUM"
    },
    {
      "quarter": "2025-03 (Q1)",
      "signal": "YoY REVENUE GROWTH ACCELERATION",
      "detail": "YoY growth: +4.8% vs prior quarter YoY: -3.9% (accel: +8.7%)",
      "severity": "MEDIUM"
    },
    {
      "quarter": "2024-12 (Q4)",
      "signal": "YoY REVENUE GROWTH DECELERATION",
      "detail": "YoY growth: -3.9% vs prior quarter YoY: +9.3% (decel: -13.2%)",
      "severity": "WARNING"
    },
    {
      "quarter": "2024-06 (Q2)",
      "signal": "FCF MARGIN EXPANSION",
      "detail": "FCF margin: +79.6% -> +94.1% (+14.4%)",
      "severity": "MEDIUM"
    },
    {
      "quarter": "2024-06 (Q2)",
      "signal": "INCREMENTAL MARGIN (YoY)",
      "detail": "YoY Incr OPM: +109.2% vs year-ago OPM: +50.9%",
      "severity": "HIGH"
    },
    {
      "quarter": "2024-03 (Q1)",
      "signal": "INCREMENTAL MARGIN (YoY)",
      "detail": "YoY Incr OPM: +95.2% vs year-ago OPM: +51.2%",
      "severity": "HIGH"
    },
    {
      "quarter": "2023-12 (Q4)",
      "signal": "FCF MARGIN EXPANSION",
      "detail": "FCF margin: +81.7% -> +95.9% (+14.1%)",
      "severity": "MEDIUM"
    },
    {
      "quarter": "2023-12 (Q4)",
      "signal": "OPERATING LEVERAGE",
      "detail": "Rev growth +13.3% vs OpEx growth +5.5% (leverage: 2.4x)",
      "severity": "MEDIUM"
    },
    {
      "quarter": "2023-12 (Q4)",
      "signal": "YoY REVENUE GROWTH ACCELERATION",
      "detail": "YoY growth: +6.9% vs prior quarter YoY: -4.8% (accel: +11.8%)",
      "severity": "MEDIUM"
    },
    {
      "quarter": "2023-09 (Q3)",
      "signal": "YoY REVENUE GROWTH DECELERATION",
      "detail": "YoY growth: -4.8% vs prior quarter YoY: +8.3% (decel: -13.2%)",
      "severity": "WARNING"
    },
    {
      "quarter": "2023-06 (Q2)",
      "signal": "FCF MARGIN EXPANSION",
      "detail": "FCF margin: +72.2% -> +87.7% (+15.5%)",
      "severity": "MEDIUM"
    },
    {
      "quarter": "2023-03 (Q1)",
      "signal": "YoY REVENUE GROWTH DECELERATION",
      "detail": "YoY growth: +12.3% vs prior quarter YoY: +33.5% (decel: -21.2%)",
      "severity": "WARNING"
    },
    {
      "quarter": "2022-12 (Q4)",
      "signal": "FCF MARGIN EXPANSION",
      "detail": "FCF margin: +64.6% -> +110.7% (+46.2%)",
      "severity": "MEDIUM"
    },
    {
      "quarter": "2022-12 (Q4)",
      "signal": "YoY REVENUE GROWTH DECELERATION",
      "detail": "YoY growth: +33.5% vs prior quarter YoY: +50.0% (decel: -16.5%)",
      "severity": "WARNING"
    },
    {
      "quarter": "2022-12 (Q4)",
      "signal": "INCREMENTAL MARGIN (YoY)",
      "detail": "YoY Incr OPM: +81.9% vs year-ago OPM: +48.3%",
      "severity": "HIGH"
    },
    {
      "quarter": "2022-09 (Q3)",
      "signal": "YoY REVENUE GROWTH DECELERATION",
      "detail": "YoY growth: +50.0% vs prior quarter YoY: +58.7% (decel: -8.7%)",
      "severity": "WARNING"
    },
    {
      "quarter": "2022-09 (Q3)",
      "signal": "INCREMENTAL MARGIN (YoY)",
      "detail": "YoY Incr OPM: +98.2% vs year-ago OPM: +34.3%",
      "severity": "HIGH"
    },
    {
      "quarter": "2022-06 (Q2)",
      "signal": "FCF MARGIN EXPANSION",
      "detail": "FCF margin: +61.4% -> +90.4% (+29.0%)",
      "severity": "MEDIUM"
    },
    {
      "quarter": "2022-06 (Q2)",
      "signal": "YoY REVENUE GROWTH DECELERATION",
      "detail": "YoY growth: +58.7% vs prior quarter YoY: +130.1% (decel: -71.3%)",
      "severity": "WARNING"
    },
    {
      "quarter": "2022-03 (Q1)",
      "signal": "OPERATING LEVERAGE",
      "detail": "Rev growth +11.5% vs OpEx growth +7.6% (leverage: 1.5x)",
      "severity": "MEDIUM"
    },
    {
      "quarter": "2022-03 (Q1)",
      "signal": "YoY REVENUE GROWTH ACCELERATION",
      "detail": "YoY growth: +130.1% vs prior quarter YoY: +124.1% (accel: +6.0%)",
      "severity": "MEDIUM"
    },
    {
      "quarter": "2022-03 (Q1)",
      "signal": "INCREMENTAL MARGIN (YoY)",
      "detail": "YoY Incr OPM: +62.2% vs year-ago OPM: +34.8%",
      "severity": "HIGH"
    },
    {
      "quarter": "2021-12 (Q4)",
      "signal": "FCF MARGIN EXPANSION",
      "detail": "FCF margin: +73.7% -> +119.8% (+46.1%)",
      "severity": "MEDIUM"
    },
    {
      "quarter": "2021-06 (Q2)",
      "signal": "FCF MARGIN EXPANSION",
      "detail": "FCF margin: +43.6% -> +119.6% (+76.0%)",
      "severity": "MEDIUM"
    }
  ],
  "data_quality": {
    "n_quarters": 20,
    "coverage": {
      "revenue": [
        20,
        20
      ],
      "gross_profit": [
        0,
        20
      ],
      "op_income": [
        20,
        20
      ],
      "fcf": [
        20,
        20
      ]
    },
    "gaps": [],
    "warnings": [
      "gross_profit: no data"
    ]
  },
  "market_cap": null,
  "source": "SEC EDGAR",
  "last_updated": "2026-02-02T22:44:29.753448"
}