{
  "ticker": "NLOP",
  "name": "Net Lease Office Properties",
  "quarters": [
    {
      "date": "2023-03-31T00:00:00",
      "quarter_label": "2023-03 (Q1)",
      "revenue": 42664000,
      "gross_profit": null,
      "operating_income": null,
      "net_income": 3743000,
      "opex": 30656000,
      "cogs": null,
      "rd": null,
      "sga": null,
      "fcf": 20459000,
      "ocf": 20459000,
      "capex": null,
      "gross_margin": null,
      "op_margin": null,
      "fcf_margin": 0.4795377836114757
    },
    {
      "date": "2023-06-30T00:00:00",
      "quarter_label": "2023-06 (Q2)",
      "revenue": 42803000,
      "gross_profit": null,
      "operating_income": null,
      "net_income": 3825000,
      "opex": 30788000,
      "cogs": null,
      "rd": null,
      "sga": null,
      "fcf": 22763000,
      "ocf": 22763000,
      "capex": null,
      "gross_margin": null,
      "op_margin": null,
      "fcf_margin": 0.5318085180945261,
      "fcf_margin_change": 0.05227073448305042
    },
    {
      "date": "2023-09-30T00:00:00",
      "quarter_label": "2023-09 (Q3)",
      "revenue": 43106000,
      "gross_profit": null,
      "operating_income": null,
      "net_income": 2764000,
      "opex": 32006000,
      "cogs": null,
      "rd": null,
      "sga": null,
      "fcf": 20647000,
      "ocf": 20647000,
      "capex": null,
      "gross_margin": null,
      "op_margin": null,
      "fcf_margin": 0.47898204426297963,
      "fcf_margin_change": -0.05282647383154648
    },
    {
      "date": "2023-12-31T00:00:00",
      "quarter_label": "2023-12 (Q4)",
      "revenue": 174965000,
      "gross_profit": null,
      "operating_income": null,
      "net_income": -131745761,
      "opex": 167045000,
      "cogs": null,
      "rd": null,
      "sga": null,
      "fcf": 7097000,
      "ocf": 7097000,
      "capex": null,
      "gross_margin": null,
      "op_margin": null,
      "fcf_margin": 0.0405623981939245,
      "op_leverage_ratio": 0.725010407480205,
      "fcf_margin_change": -0.43841964606905515
    },
    {
      "date": "2024-03-31T00:00:00",
      "quarter_label": "2024-03 (Q1)",
      "revenue": 44007000,
      "gross_profit": null,
      "operating_income": null,
      "net_income": -27842000,
      "opex": 34207000,
      "cogs": null,
      "rd": null,
      "sga": null,
      "fcf": 26393000,
      "ocf": 26393000,
      "capex": null,
      "gross_margin": null,
      "op_margin": null,
      "fcf_margin": 0.5997454950348808,
      "rev_growth_yoy": 0.03147852990811926,
      "fcf_margin_change": 0.5591830968409564
    },
    {
      "date": "2024-06-30T00:00:00",
      "quarter_label": "2024-06 (Q2)",
      "revenue": 39029000,
      "gross_profit": null,
      "operating_income": null,
      "net_income": 12451000,
      "opex": 36664000,
      "cogs": null,
      "rd": null,
      "sga": null,
      "fcf": 14691000,
      "ocf": 14691000,
      "capex": null,
      "gross_margin": null,
      "op_margin": null,
      "fcf_margin": 0.3764124112839171,
      "rev_growth_yoy": -0.08817138985585123,
      "rev_growth_yoy_accel": -0.11964991976397049,
      "fcf_margin_change": -0.22333308375096372
    },
    {
      "date": "2024-09-30T00:00:00",
      "quarter_label": "2024-09 (Q3)",
      "revenue": 31481000,
      "gross_profit": null,
      "operating_income": null,
      "net_income": -40295000,
      "opex": 59277000,
      "cogs": null,
      "rd": null,
      "sga": null,
      "fcf": 20294000,
      "ocf": 20294000,
      "capex": null,
      "gross_margin": null,
      "op_margin": null,
      "fcf_margin": 0.6446428004193006,
      "rev_growth_yoy": -0.26968403470514546,
      "rev_growth_yoy_accel": -0.18151264484929425,
      "fcf_margin_change": 0.26823038913538344
    },
    {
      "date": "2024-12-31T00:00:00",
      "quarter_label": "2024-12 (Q4)",
      "revenue": 27730000,
      "gross_profit": null,
      "operating_income": null,
      "net_income": -35785000,
      "opex": 55967000,
      "cogs": null,
      "rd": null,
      "sga": null,
      "fcf": 10481000,
      "ocf": 10481000,
      "capex": null,
      "gross_margin": null,
      "op_margin": null,
      "fcf_margin": 0.37796610169491524,
      "rev_growth_yoy": -0.8415111593747321,
      "rev_growth_yoy_accel": -0.5718271246695866,
      "fcf_margin_change": -0.2666766987243853
    },
    {
      "date": "2025-03-31T00:00:00",
      "quarter_label": "2025-03 (Q1)",
      "revenue": 29213000,
      "gross_profit": null,
      "operating_income": null,
      "net_income": 492000,
      "opex": 22307000,
      "cogs": null,
      "rd": null,
      "sga": null,
      "fcf": 14122000,
      "ocf": 14122000,
      "capex": null,
      "gross_margin": null,
      "op_margin": null,
      "fcf_margin": 0.4834149180159518,
      "rev_growth_yoy": -0.33617379053332425,
      "rev_growth_yoy_accel": 0.5053373688414078,
      "op_leverage_ratio": Infinity,
      "fcf_margin_change": 0.10544881632103659
    },
    {
      "date": "2025-06-30T00:00:00",
      "quarter_label": "2025-06 (Q2)",
      "revenue": 29174000,
      "gross_profit": null,
      "operating_income": null,
      "net_income": -81540000,
      "opex": 103638000,
      "cogs": null,
      "rd": null,
      "sga": null,
      "fcf": 11706000,
      "ocf": 11706000,
      "capex": null,
      "gross_margin": null,
      "op_margin": null,
      "fcf_margin": 0.401247686296017,
      "rev_growth_yoy": -0.25250454790027926,
      "rev_growth_yoy_accel": 0.08366924263304498,
      "fcf_margin_change": -0.08216723171993484
    },
    {
      "date": "2025-09-30T00:00:00",
      "quarter_label": "2025-09 (Q3)",
      "revenue": 29784000,
      "gross_profit": null,
      "operating_income": null,
      "net_income": -64161000,
      "opex": 69513000,
      "cogs": null,
      "rd": null,
      "sga": null,
      "fcf": 16329000,
      "ocf": 16329000,
      "capex": null,
      "gross_margin": null,
      "op_margin": null,
      "fcf_margin": 0.5482473811442385,
      "rev_growth_yoy": -0.05390553031987548,
      "rev_growth_yoy_accel": 0.19859901758040377,
      "op_leverage_ratio": Infinity,
      "fcf_margin_change": 0.14699969484822156
    }
  ],
  "signals": [
    {
      "quarter": "2025-09 (Q3)",
      "signal": "FCF MARGIN EXPANSION",
      "detail": "FCF margin: +40.1% -> +54.8% (+14.7%)",
      "severity": "MEDIUM"
    },
    {
      "quarter": "2025-09 (Q3)",
      "signal": "YoY REVENUE GROWTH ACCELERATION",
      "detail": "YoY growth: -5.4% vs prior quarter YoY: -25.3% (accel: +19.9%)",
      "severity": "HIGH"
    },
    {
      "quarter": "2025-06 (Q2)",
      "signal": "YoY REVENUE GROWTH ACCELERATION",
      "detail": "YoY growth: -25.3% vs prior quarter YoY: -33.6% (accel: +8.4%)",
      "severity": "MEDIUM"
    },
    {
      "quarter": "2025-03 (Q1)",
      "signal": "FCF MARGIN EXPANSION",
      "detail": "FCF margin: +37.8% -> +48.3% (+10.5%)",
      "severity": "MEDIUM"
    },
    {
      "quarter": "2025-03 (Q1)",
      "signal": "YoY REVENUE GROWTH ACCELERATION",
      "detail": "YoY growth: -33.6% vs prior quarter YoY: -84.2% (accel: +50.5%)",
      "severity": "HIGH"
    },
    {
      "quarter": "2024-12 (Q4)",
      "signal": "YoY REVENUE GROWTH DECELERATION",
      "detail": "YoY growth: -84.2% vs prior quarter YoY: -27.0% (decel: -57.2%)",
      "severity": "WARNING"
    },
    {
      "quarter": "2024-09 (Q3)",
      "signal": "FCF MARGIN EXPANSION",
      "detail": "FCF margin: +37.6% -> +64.5% (+26.8%)",
      "severity": "MEDIUM"
    },
    {
      "quarter": "2024-09 (Q3)",
      "signal": "YoY REVENUE GROWTH DECELERATION",
      "detail": "YoY growth: -27.0% vs prior quarter YoY: -8.8% (decel: -18.2%)",
      "severity": "WARNING"
    },
    {
      "quarter": "2024-06 (Q2)",
      "signal": "YoY REVENUE GROWTH DECELERATION",
      "detail": "YoY growth: -8.8% vs prior quarter YoY: +3.1% (decel: -12.0%)",
      "severity": "WARNING"
    },
    {
      "quarter": "2024-03 (Q1)",
      "signal": "FCF MARGIN EXPANSION",
      "detail": "FCF margin: +4.1% -> +60.0% (+55.9%)",
      "severity": "MEDIUM"
    },
    {
      "quarter": "2023-06 (Q2)",
      "signal": "FCF MARGIN EXPANSION",
      "detail": "FCF margin: +48.0% -> +53.2% (+5.2%)",
      "severity": "MEDIUM"
    }
  ],
  "data_quality": {
    "n_quarters": 11,
    "coverage": {
      "revenue": [
        11,
        11
      ],
      "gross_profit": [
        0,
        11
      ],
      "op_income": [
        0,
        11
      ],
      "fcf": [
        11,
        11
      ]
    },
    "gaps": [],
    "warnings": [
      "gross_profit: no data",
      "op_income: no data"
    ]
  },
  "market_cap": null,
  "source": "SEC EDGAR",
  "last_updated": "2026-02-02T22:49:07.592456"
}