{
  "ticker": "NMIH",
  "name": "NMI Holdings, Inc.",
  "quarters": [
    {
      "date": "2020-12-31T00:00:00",
      "quarter_label": "2020-12 (Q4)",
      "revenue": 109903000,
      "gross_profit": null,
      "operating_income": null,
      "net_income": 48268000,
      "opex": 48287000,
      "cogs": null,
      "rd": null,
      "sga": null,
      "fcf": 34564000,
      "ocf": 37621000,
      "capex": -3057000,
      "gross_margin": null,
      "op_margin": null,
      "fcf_margin": 0.3144955096767149
    },
    {
      "date": "2021-03-31T00:00:00",
      "quarter_label": "2021-03 (Q1)",
      "revenue": 115194000,
      "gross_profit": null,
      "operating_income": null,
      "net_income": 52891000,
      "opex": 47738000,
      "cogs": null,
      "rd": null,
      "sga": null,
      "fcf": 83008000,
      "ocf": 85464000,
      "capex": -2456000,
      "gross_margin": null,
      "op_margin": null,
      "fcf_margin": 0.7205930864454746,
      "op_leverage_ratio": Infinity,
      "fcf_margin_change": 0.4060975767687597
    },
    {
      "date": "2021-06-30T00:00:00",
      "quarter_label": "2021-06 (Q2)",
      "revenue": 120765000,
      "gross_profit": null,
      "operating_income": null,
      "net_income": 57522000,
      "opex": 47110000,
      "cogs": null,
      "rd": null,
      "sga": null,
      "fcf": 93486000,
      "ocf": 97080000,
      "capex": -3594000,
      "gross_margin": null,
      "op_margin": null,
      "fcf_margin": 0.7741150167681033,
      "op_leverage_ratio": Infinity,
      "fcf_margin_change": 0.05352193032262875
    },
    {
      "date": "2021-09-30T00:00:00",
      "quarter_label": "2021-09 (Q3)",
      "revenue": 124041000,
      "gross_profit": null,
      "operating_income": null,
      "net_income": 60193000,
      "opex": 46590000,
      "cogs": null,
      "rd": null,
      "sga": null,
      "fcf": 95780000,
      "ocf": 98837000,
      "capex": -3057000,
      "gross_margin": null,
      "op_margin": null,
      "fcf_margin": 0.7721640425343234,
      "op_leverage_ratio": Infinity,
      "fcf_margin_change": -0.0019509742337799896
    },
    {
      "date": "2021-12-31T00:00:00",
      "quarter_label": "2021-12 (Q4)",
      "revenue": 125072000,
      "gross_profit": null,
      "operating_income": null,
      "net_income": 60523000,
      "opex": 46909000,
      "cogs": null,
      "rd": null,
      "sga": null,
      "fcf": 41207000,
      "ocf": 44338000,
      "capex": -3131000,
      "gross_margin": null,
      "op_margin": null,
      "fcf_margin": 0.3294662274529871,
      "rev_growth_yoy": 0.13802171005341074,
      "fcf_margin_change": -0.44269781508133627
    },
    {
      "date": "2022-03-31T00:00:00",
      "quarter_label": "2022-03 (Q1)",
      "revenue": 127441000,
      "gross_profit": null,
      "operating_income": null,
      "net_income": 67680000,
      "opex": 40694000,
      "cogs": null,
      "rd": null,
      "sga": null,
      "fcf": 78336000,
      "ocf": 80310000,
      "capex": -1974000,
      "gross_margin": null,
      "op_margin": null,
      "fcf_margin": 0.6146844422124748,
      "rev_growth_yoy": 0.10631630119624286,
      "rev_growth_yoy_accel": -0.03170540885716788,
      "op_leverage_ratio": Infinity,
      "fcf_margin_change": 0.28521821475948766
    },
    {
      "date": "2022-06-30T00:00:00",
      "quarter_label": "2022-06 (Q2)",
      "revenue": 132220000,
      "gross_profit": null,
      "operating_income": null,
      "net_income": 75444000,
      "opex": 35031000,
      "cogs": null,
      "rd": null,
      "sga": null,
      "fcf": 90186000,
      "ocf": 93524000,
      "capex": -3338000,
      "gross_margin": null,
      "op_margin": null,
      "fcf_margin": 0.6820904553017698,
      "rev_growth_yoy": 0.09485364136960212,
      "rev_growth_yoy_accel": -0.011462659826640742,
      "op_leverage_ratio": Infinity,
      "fcf_margin_change": 0.06740601308929506
    },
    {
      "date": "2022-09-30T00:00:00",
      "quarter_label": "2022-09 (Q3)",
      "revenue": 130577000,
      "gross_profit": null,
      "operating_income": null,
      "net_income": 76838000,
      "opex": 31988000,
      "cogs": null,
      "rd": null,
      "sga": null,
      "fcf": 105324000,
      "ocf": 107769000,
      "capex": -2445000,
      "gross_margin": null,
      "op_margin": null,
      "fcf_margin": 0.8066045321917336,
      "rev_growth_yoy": 0.05269225498020816,
      "rev_growth_yoy_accel": -0.04216138638939396,
      "fcf_margin_change": 0.12451407688996374
    },
    {
      "date": "2022-12-31T00:00:00",
      "quarter_label": "2022-12 (Q4)",
      "revenue": 133107000,
      "gross_profit": null,
      "operating_income": null,
      "net_income": 72940000,
      "opex": 38327000,
      "cogs": null,
      "rd": null,
      "sga": null,
      "fcf": 28976000,
      "ocf": 31791000,
      "capex": -2815000,
      "gross_margin": null,
      "op_margin": null,
      "fcf_margin": 0.21768952797373542,
      "rev_growth_yoy": 0.06424299603428425,
      "rev_growth_yoy_accel": 0.011550741054076094,
      "op_leverage_ratio": 0.09777327674790617,
      "fcf_margin_change": -0.5889150042179981
    },
    {
      "date": "2023-03-31T00:00:00",
      "quarter_label": "2023-03 (Q1)",
      "revenue": 136779000,
      "gross_profit": null,
      "operating_income": null,
      "net_income": 74458000,
      "opex": 40606000,
      "cogs": null,
      "rd": null,
      "sga": null,
      "fcf": 88318000,
      "ocf": 89835000,
      "capex": -1517000,
      "gross_margin": null,
      "op_margin": null,
      "fcf_margin": 0.6456985355939143,
      "rev_growth_yoy": 0.073273122464513,
      "rev_growth_yoy_accel": 0.009030126430228741,
      "op_leverage_ratio": 0.46394049203481225,
      "fcf_margin_change": 0.4280090076201789
    },
    {
      "date": "2023-06-30T00:00:00",
      "quarter_label": "2023-06 (Q2)",
      "revenue": 142685000,
      "gross_profit": null,
      "operating_income": null,
      "net_income": 80284000,
      "opex": 38636000,
      "cogs": null,
      "rd": null,
      "sga": null,
      "fcf": 98872000,
      "ocf": 101905000,
      "capex": -3033000,
      "gross_margin": null,
      "op_margin": null,
      "fcf_margin": 0.6929389914847391,
      "rev_growth_yoy": 0.07914838904855544,
      "rev_growth_yoy_accel": 0.005875266584042443,
      "op_leverage_ratio": Infinity,
      "fcf_margin_change": 0.04724045589082482
    },
    {
      "date": "2023-09-30T00:00:00",
      "quarter_label": "2023-09 (Q3)",
      "revenue": 148159000,
      "gross_profit": null,
      "operating_income": null,
      "net_income": 83955000,
      "opex": 40859000,
      "cogs": null,
      "rd": null,
      "sga": null,
      "fcf": 117477000,
      "ocf": 120826000,
      "capex": -3349000,
      "gross_margin": null,
      "op_margin": null,
      "fcf_margin": 0.7929116692202296,
      "rev_growth_yoy": 0.13464852156199025,
      "rev_growth_yoy_accel": 0.055500132513434816,
      "op_leverage_ratio": 0.6667747852536575,
      "fcf_margin_change": 0.09997267773549046
    },
    {
      "date": "2023-12-31T00:00:00",
      "quarter_label": "2023-12 (Q4)",
      "revenue": 151380000,
      "gross_profit": null,
      "operating_income": null,
      "net_income": 83413000,
      "opex": 46199000,
      "cogs": null,
      "rd": null,
      "sga": null,
      "fcf": 28644000,
      "ocf": 30117000,
      "capex": -1473000,
      "gross_margin": null,
      "op_margin": null,
      "fcf_margin": 0.18921918351169242,
      "rev_growth_yoy": 0.13728053370596588,
      "rev_growth_yoy_accel": 0.002632012143975626,
      "op_leverage_ratio": 0.16634477465536887,
      "fcf_margin_change": -0.6036924857085372
    },
    {
      "date": "2024-03-31T00:00:00",
      "quarter_label": "2024-03 (Q1)",
      "revenue": 156253000,
      "gross_profit": null,
      "operating_income": null,
      "net_income": 89050000,
      "opex": 41686000,
      "cogs": null,
      "rd": null,
      "sga": null,
      "fcf": 109388000,
      "ocf": 111574000,
      "capex": -2186000,
      "gross_margin": null,
      "op_margin": null,
      "fcf_margin": 0.7000697586606337,
      "rev_growth_yoy": 0.14237565708186198,
      "rev_growth_yoy_accel": 0.005095123375896099,
      "op_leverage_ratio": Infinity,
      "fcf_margin_change": 0.5108505751489413
    },
    {
      "date": "2024-06-30T00:00:00",
      "quarter_label": "2024-06 (Q2)",
      "revenue": 162122000,
      "gross_profit": null,
      "operating_income": null,
      "net_income": 92079000,
      "opex": 43478000,
      "cogs": null,
      "rd": null,
      "sga": null,
      "fcf": 115949000,
      "ocf": 117789000,
      "capex": -1840000,
      "gross_margin": null,
      "op_margin": null,
      "fcf_margin": 0.7151959635336351,
      "rev_growth_yoy": 0.13622314889441778,
      "rev_growth_yoy_accel": -0.0061525081874442,
      "op_leverage_ratio": 0.8737515596843398,
      "fcf_margin_change": 0.015126204873001425
    },
    {
      "date": "2024-09-30T00:00:00",
      "quarter_label": "2024-09 (Q3)",
      "revenue": 166092000,
      "gross_profit": null,
      "operating_income": null,
      "net_income": 92810000,
      "opex": 46765000,
      "cogs": null,
      "rd": null,
      "sga": null,
      "fcf": 126938000,
      "ocf": 128420000,
      "capex": -1482000,
      "gross_margin": null,
      "op_margin": null,
      "fcf_margin": 0.7642631794427185,
      "rev_growth_yoy": 0.1210388839017542,
      "rev_growth_yoy_accel": -0.01518426499266358,
      "op_leverage_ratio": 0.32390556388279507,
      "fcf_margin_change": 0.04906721590908336
    },
    {
      "date": "2024-12-31T00:00:00",
      "quarter_label": "2024-12 (Q4)",
      "revenue": 166504000,
      "gross_profit": null,
      "operating_income": null,
      "net_income": 86167000,
      "opex": 55631000,
      "cogs": null,
      "rd": null,
      "sga": null,
      "fcf": 34424000,
      "ocf": 35821000,
      "capex": -1397000,
      "gross_margin": null,
      "op_margin": null,
      "fcf_margin": 0.20674578388507184,
      "rev_growth_yoy": 0.09990751750561501,
      "rev_growth_yoy_accel": -0.02113136639613919,
      "fcf_margin_change": -0.5575173955576467
    },
    {
      "date": "2025-03-31T00:00:00",
      "quarter_label": "2025-03 (Q1)",
      "revenue": 173246000,
      "gross_profit": null,
      "operating_income": null,
      "net_income": 102559000,
      "opex": 41875000,
      "cogs": null,
      "rd": null,
      "sga": null,
      "fcf": 99445000,
      "ocf": 101151000,
      "capex": -1706000,
      "gross_margin": null,
      "op_margin": null,
      "fcf_margin": 0.5740103667617146,
      "rev_growth_yoy": 0.10875311194025075,
      "rev_growth_yoy_accel": 0.008845594434635742,
      "op_leverage_ratio": Infinity,
      "fcf_margin_change": 0.36726458287664276
    },
    {
      "date": "2025-06-30T00:00:00",
      "quarter_label": "2025-06 (Q2)",
      "revenue": 173779000,
      "gross_profit": null,
      "operating_income": null,
      "net_income": 96151000,
      "opex": 50178000,
      "cogs": null,
      "rd": null,
      "sga": null,
      "fcf": 126708000,
      "ocf": 128356000,
      "capex": -1648000,
      "gross_margin": null,
      "op_margin": null,
      "fcf_margin": 0.7291329792437521,
      "rev_growth_yoy": 0.07190264122080903,
      "rev_growth_yoy_accel": -0.036850470719441725,
      "fcf_margin_change": 0.15512261248203751
    },
    {
      "date": "2025-09-30T00:00:00",
      "quarter_label": "2025-09 (Q3)",
      "revenue": 178679000,
      "gross_profit": null,
      "operating_income": null,
      "net_income": 95999000,
      "opex": 54996000,
      "cogs": null,
      "rd": null,
      "sga": null,
      "fcf": 126270000,
      "ocf": 128049000,
      "capex": -1779000,
      "gross_margin": null,
      "op_margin": null,
      "fcf_margin": 0.7066862921775923,
      "rev_growth_yoy": 0.07578330082123161,
      "rev_growth_yoy_accel": 0.0038806596004225813,
      "op_leverage_ratio": 0.29366036737074125,
      "fcf_margin_change": -0.02244668706615982
    }
  ],
  "signals": [
    {
      "quarter": "2025-06 (Q2)",
      "signal": "FCF MARGIN EXPANSION",
      "detail": "FCF margin: +57.4% -> +72.9% (+15.5%)",
      "severity": "MEDIUM"
    },
    {
      "quarter": "2025-03 (Q1)",
      "signal": "FCF MARGIN EXPANSION",
      "detail": "FCF margin: +20.7% -> +57.4% (+36.7%)",
      "severity": "MEDIUM"
    },
    {
      "quarter": "2024-03 (Q1)",
      "signal": "FCF MARGIN EXPANSION",
      "detail": "FCF margin: +18.9% -> +70.0% (+51.1%)",
      "severity": "MEDIUM"
    },
    {
      "quarter": "2023-09 (Q3)",
      "signal": "FCF MARGIN EXPANSION",
      "detail": "FCF margin: +69.3% -> +79.3% (+10.0%)",
      "severity": "MEDIUM"
    },
    {
      "quarter": "2023-09 (Q3)",
      "signal": "YoY REVENUE GROWTH ACCELERATION",
      "detail": "YoY growth: +13.5% vs prior quarter YoY: +7.9% (accel: +5.6%)",
      "severity": "MEDIUM"
    },
    {
      "quarter": "2023-03 (Q1)",
      "signal": "FCF MARGIN EXPANSION",
      "detail": "FCF margin: +21.8% -> +64.6% (+42.8%)",
      "severity": "MEDIUM"
    },
    {
      "quarter": "2022-09 (Q3)",
      "signal": "FCF MARGIN EXPANSION",
      "detail": "FCF margin: +68.2% -> +80.7% (+12.5%)",
      "severity": "MEDIUM"
    },
    {
      "quarter": "2022-06 (Q2)",
      "signal": "FCF MARGIN EXPANSION",
      "detail": "FCF margin: +61.5% -> +68.2% (+6.7%)",
      "severity": "MEDIUM"
    },
    {
      "quarter": "2022-03 (Q1)",
      "signal": "FCF MARGIN EXPANSION",
      "detail": "FCF margin: +32.9% -> +61.5% (+28.5%)",
      "severity": "MEDIUM"
    },
    {
      "quarter": "2021-06 (Q2)",
      "signal": "FCF MARGIN EXPANSION",
      "detail": "FCF margin: +72.1% -> +77.4% (+5.4%)",
      "severity": "MEDIUM"
    },
    {
      "quarter": "2021-03 (Q1)",
      "signal": "FCF MARGIN EXPANSION",
      "detail": "FCF margin: +31.4% -> +72.1% (+40.6%)",
      "severity": "MEDIUM"
    }
  ],
  "data_quality": {
    "n_quarters": 20,
    "coverage": {
      "revenue": [
        20,
        20
      ],
      "gross_profit": [
        0,
        20
      ],
      "op_income": [
        0,
        20
      ],
      "fcf": [
        20,
        20
      ]
    },
    "gaps": [],
    "warnings": [
      "gross_profit: no data",
      "op_income: no data"
    ]
  },
  "market_cap": null,
  "source": "SEC EDGAR",
  "last_updated": "2026-02-02T21:23:03.040100",
  "sector": "Financial Services",
  "industry": "Insurance - Specialty"
}