{
  "ticker": "NMM",
  "name": "NAVIOS MARITIME PARTNERS L.P.",
  "quarters": [
    {
      "date": "2011-06-30T00:00:00",
      "quarter_label": "2011-06 (Q2)",
      "revenue": 45675000,
      "gross_profit": 42434000,
      "operating_income": null,
      "net_income": 13511000,
      "opex": null,
      "cogs": 3241000,
      "rd": null,
      "sga": null,
      "fcf": null,
      "ocf": null,
      "capex": null,
      "gross_margin": 0.9290421455938698,
      "op_margin": null,
      "fcf_margin": null
    },
    {
      "date": "2012-06-30T00:00:00",
      "quarter_label": "2012-06 (Q2)",
      "revenue": 49122000,
      "gross_profit": 45199000,
      "operating_income": null,
      "net_income": 16681000,
      "opex": null,
      "cogs": 3923000,
      "rd": null,
      "sga": null,
      "fcf": null,
      "ocf": null,
      "capex": null,
      "gross_margin": 0.9201376165465576,
      "op_margin": null,
      "fcf_margin": null,
      "rev_growth_yoy": 0.0754679802955665
    },
    {
      "date": "2013-06-30T00:00:00",
      "quarter_label": "2013-06 (Q2)",
      "revenue": 49154000,
      "gross_profit": 45496000,
      "operating_income": null,
      "net_income": 19511000,
      "opex": null,
      "cogs": 3658000,
      "rd": null,
      "sga": null,
      "fcf": null,
      "ocf": null,
      "capex": null,
      "gross_margin": 0.9255808276030435,
      "op_margin": null,
      "fcf_margin": null,
      "rev_growth_yoy": 0.0006514392736452099,
      "rev_growth_yoy_accel": -0.0748165410219213
    },
    {
      "date": "2014-06-30T00:00:00",
      "quarter_label": "2014-06 (Q2)",
      "revenue": 55178000,
      "gross_profit": 51538000,
      "operating_income": null,
      "net_income": 29985000,
      "opex": null,
      "cogs": 3640000,
      "rd": null,
      "sga": null,
      "fcf": null,
      "ocf": null,
      "capex": null,
      "gross_margin": 0.9340316792924717,
      "op_margin": null,
      "fcf_margin": null,
      "rev_growth_yoy": 0.12255360703096391,
      "rev_growth_yoy_accel": 0.1219021677573187
    },
    {
      "date": "2015-06-30T00:00:00",
      "quarter_label": "2015-06 (Q2)",
      "revenue": 56473000,
      "gross_profit": 54996000,
      "operating_income": null,
      "net_income": 11355000,
      "opex": null,
      "cogs": 1477000,
      "rd": null,
      "sga": null,
      "fcf": null,
      "ocf": null,
      "capex": null,
      "gross_margin": 0.9738459086643174,
      "op_margin": null,
      "fcf_margin": null,
      "rev_growth_yoy": 0.023469498713255283,
      "rev_growth_yoy_accel": -0.09908410831770863
    },
    {
      "date": "2016-06-30T00:00:00",
      "quarter_label": "2016-06 (Q2)",
      "revenue": 44877000,
      "gross_profit": 42915000,
      "operating_income": null,
      "net_income": -16807000,
      "opex": null,
      "cogs": 1962000,
      "rd": null,
      "sga": null,
      "fcf": null,
      "ocf": null,
      "capex": null,
      "gross_margin": 0.9562805000334247,
      "op_margin": null,
      "fcf_margin": null,
      "rev_growth_yoy": -0.2053370637295699,
      "rev_growth_yoy_accel": -0.22880656244282518
    },
    {
      "date": "2017-06-30T00:00:00",
      "quarter_label": "2017-06 (Q2)",
      "revenue": 50018000,
      "gross_profit": 50018000,
      "operating_income": null,
      "net_income": 4090000,
      "opex": null,
      "cogs": 0,
      "rd": null,
      "sga": null,
      "fcf": null,
      "ocf": null,
      "capex": null,
      "gross_margin": 1.0,
      "op_margin": null,
      "fcf_margin": null,
      "rev_growth_yoy": 0.11455756846491522,
      "rev_growth_yoy_accel": 0.3198946321944851
    },
    {
      "date": "2018-06-30T00:00:00",
      "quarter_label": "2018-06 (Q2)",
      "revenue": 58196000,
      "gross_profit": 55438000,
      "operating_income": null,
      "net_income": -29533000,
      "opex": null,
      "cogs": 2758000,
      "rd": null,
      "sga": null,
      "fcf": null,
      "ocf": null,
      "capex": null,
      "gross_margin": 0.9526084266959929,
      "op_margin": null,
      "fcf_margin": null,
      "rev_growth_yoy": 0.16350113958974768,
      "rev_growth_yoy_accel": 0.04894357112483247
    },
    {
      "date": "2019-06-30T00:00:00",
      "quarter_label": "2019-06 (Q2)",
      "revenue": 47745000,
      "gross_profit": 45261000,
      "operating_income": null,
      "net_income": -6523000,
      "opex": null,
      "cogs": 2484000,
      "rd": null,
      "sga": null,
      "fcf": null,
      "ocf": null,
      "capex": null,
      "gross_margin": 0.9479736098020736,
      "op_margin": null,
      "fcf_margin": null,
      "rev_growth_yoy": -0.17958278919513368,
      "rev_growth_yoy_accel": -0.34308392878488136
    },
    {
      "date": "2020-06-30T00:00:00",
      "quarter_label": "2020-06 (Q2)",
      "revenue": 46549000,
      "gross_profit": 44609000,
      "operating_income": null,
      "net_income": -14641000,
      "opex": null,
      "cogs": 1940000,
      "rd": null,
      "sga": null,
      "fcf": null,
      "ocf": null,
      "capex": null,
      "gross_margin": 0.9583234870781328,
      "op_margin": null,
      "fcf_margin": null,
      "rev_growth_yoy": -0.02504974342863127,
      "rev_growth_yoy_accel": 0.1545330457665024
    },
    {
      "date": "2021-06-30T00:00:00",
      "quarter_label": "2021-06 (Q2)",
      "revenue": 152009000,
      "gross_profit": 146140000,
      "operating_income": null,
      "net_income": 99913000,
      "opex": null,
      "cogs": 5869000,
      "rd": null,
      "sga": null,
      "fcf": null,
      "ocf": null,
      "capex": null,
      "gross_margin": 0.9613904439868692,
      "op_margin": null,
      "fcf_margin": null,
      "rev_growth_yoy": 2.2655696148144964,
      "rev_growth_yoy_accel": 2.2906193582431276
    },
    {
      "date": "2022-06-30T00:00:00",
      "quarter_label": "2022-06 (Q2)",
      "revenue": 280661000,
      "gross_profit": 258943000,
      "operating_income": null,
      "net_income": 118160000,
      "opex": null,
      "cogs": 21718000,
      "rd": null,
      "sga": null,
      "fcf": null,
      "ocf": null,
      "capex": null,
      "gross_margin": 0.922618390157521,
      "op_margin": null,
      "fcf_margin": null,
      "rev_growth_yoy": 0.8463446243314541,
      "rev_growth_yoy_accel": -1.4192249904830423
    },
    {
      "date": "2023-06-30T00:00:00",
      "quarter_label": "2023-06 (Q2)",
      "revenue": 346938000,
      "gross_profit": 304982000,
      "operating_income": null,
      "net_income": 112308000,
      "opex": null,
      "cogs": 41956000,
      "rd": null,
      "sga": null,
      "fcf": null,
      "ocf": null,
      "capex": null,
      "gross_margin": 0.8790677296808075,
      "op_margin": null,
      "fcf_margin": null,
      "rev_growth_yoy": 0.2361460979615978,
      "rev_growth_yoy_accel": -0.6101985263698563
    },
    {
      "date": "2024-06-30T00:00:00",
      "quarter_label": "2024-06 (Q2)",
      "revenue": 342155000,
      "gross_profit": 302111000,
      "operating_income": null,
      "net_income": 101469000,
      "opex": null,
      "cogs": 40044000,
      "rd": null,
      "sga": null,
      "fcf": null,
      "ocf": null,
      "capex": null,
      "gross_margin": 0.8829653227338486,
      "op_margin": null,
      "fcf_margin": null,
      "rev_growth_yoy": -0.013786324934138089,
      "rev_growth_yoy_accel": -0.2499324228957359
    },
    {
      "date": "2025-06-30T00:00:00",
      "quarter_label": "2025-06 (Q2)",
      "revenue": 327558000,
      "gross_profit": 296343000,
      "operating_income": null,
      "net_income": 69947000,
      "opex": null,
      "cogs": 31215000,
      "rd": null,
      "sga": null,
      "fcf": null,
      "ocf": null,
      "capex": null,
      "gross_margin": 0.9047038997673694,
      "op_margin": null,
      "fcf_margin": null,
      "rev_growth_yoy": -0.04266195145475004,
      "rev_growth_yoy_accel": -0.02887562652061195
    }
  ],
  "signals": [
    {
      "quarter": "2024-06 (Q2)",
      "signal": "YoY REVENUE GROWTH DECELERATION",
      "detail": "YoY growth: -1.4% vs prior quarter YoY: +23.6% (decel: -25.0%)",
      "severity": "WARNING"
    },
    {
      "quarter": "2023-06 (Q2)",
      "signal": "YoY REVENUE GROWTH DECELERATION",
      "detail": "YoY growth: +23.6% vs prior quarter YoY: +84.6% (decel: -61.0%)",
      "severity": "WARNING"
    },
    {
      "quarter": "2022-06 (Q2)",
      "signal": "YoY REVENUE GROWTH DECELERATION",
      "detail": "YoY growth: +84.6% vs prior quarter YoY: +226.6% (decel: -141.9%)",
      "severity": "WARNING"
    },
    {
      "quarter": "2021-06 (Q2)",
      "signal": "YoY REVENUE GROWTH ACCELERATION",
      "detail": "YoY growth: +226.6% vs prior quarter YoY: -2.5% (accel: +229.1%)",
      "severity": "HIGH"
    },
    {
      "quarter": "2020-06 (Q2)",
      "signal": "YoY REVENUE GROWTH ACCELERATION",
      "detail": "YoY growth: -2.5% vs prior quarter YoY: -18.0% (accel: +15.5%)",
      "severity": "HIGH"
    },
    {
      "quarter": "2019-06 (Q2)",
      "signal": "YoY REVENUE GROWTH DECELERATION",
      "detail": "YoY growth: -18.0% vs prior quarter YoY: +16.4% (decel: -34.3%)",
      "severity": "WARNING"
    },
    {
      "quarter": "2017-06 (Q2)",
      "signal": "GROSS MARGIN INFLECTION",
      "detail": "GM: +97.4% -> +95.6% -> +100.0% (reversal +4.4%)",
      "severity": "MEDIUM"
    },
    {
      "quarter": "2017-06 (Q2)",
      "signal": "YoY REVENUE GROWTH ACCELERATION",
      "detail": "YoY growth: +11.5% vs prior quarter YoY: -20.5% (accel: +32.0%)",
      "severity": "HIGH"
    },
    {
      "quarter": "2016-06 (Q2)",
      "signal": "YoY REVENUE GROWTH DECELERATION",
      "detail": "YoY growth: -20.5% vs prior quarter YoY: +2.3% (decel: -22.9%)",
      "severity": "WARNING"
    },
    {
      "quarter": "2015-06 (Q2)",
      "signal": "YoY REVENUE GROWTH DECELERATION",
      "detail": "YoY growth: +2.3% vs prior quarter YoY: +12.3% (decel: -9.9%)",
      "severity": "WARNING"
    },
    {
      "quarter": "2014-06 (Q2)",
      "signal": "YoY REVENUE GROWTH ACCELERATION",
      "detail": "YoY growth: +12.3% vs prior quarter YoY: +0.1% (accel: +12.2%)",
      "severity": "MEDIUM"
    },
    {
      "quarter": "2013-06 (Q2)",
      "signal": "YoY REVENUE GROWTH DECELERATION",
      "detail": "YoY growth: +0.1% vs prior quarter YoY: +7.5% (decel: -7.5%)",
      "severity": "WARNING"
    }
  ],
  "data_quality": {
    "n_quarters": 15,
    "coverage": {
      "revenue": [
        15,
        15
      ],
      "gross_profit": [
        15,
        15
      ],
      "op_income": [
        0,
        15
      ],
      "fcf": [
        0,
        15
      ]
    },
    "gaps": [
      [
        "2011-06 (Q2)",
        "2012-06 (Q2)",
        366
      ],
      [
        "2012-06 (Q2)",
        "2013-06 (Q2)",
        365
      ],
      [
        "2013-06 (Q2)",
        "2014-06 (Q2)",
        365
      ],
      [
        "2014-06 (Q2)",
        "2015-06 (Q2)",
        365
      ],
      [
        "2015-06 (Q2)",
        "2016-06 (Q2)",
        366
      ],
      [
        "2016-06 (Q2)",
        "2017-06 (Q2)",
        365
      ],
      [
        "2017-06 (Q2)",
        "2018-06 (Q2)",
        365
      ],
      [
        "2018-06 (Q2)",
        "2019-06 (Q2)",
        365
      ],
      [
        "2019-06 (Q2)",
        "2020-06 (Q2)",
        366
      ],
      [
        "2020-06 (Q2)",
        "2021-06 (Q2)",
        365
      ],
      [
        "2021-06 (Q2)",
        "2022-06 (Q2)",
        365
      ],
      [
        "2022-06 (Q2)",
        "2023-06 (Q2)",
        365
      ],
      [
        "2023-06 (Q2)",
        "2024-06 (Q2)",
        366
      ],
      [
        "2024-06 (Q2)",
        "2025-06 (Q2)",
        365
      ]
    ],
    "warnings": [
      "op_income: no data",
      "fcf: no data",
      "gap: 3Q missing between 2011-06 (Q2) and 2012-06 (Q2)",
      "gap: 3Q missing between 2012-06 (Q2) and 2013-06 (Q2)",
      "gap: 3Q missing between 2013-06 (Q2) and 2014-06 (Q2)",
      "gap: 3Q missing between 2014-06 (Q2) and 2015-06 (Q2)",
      "gap: 3Q missing between 2015-06 (Q2) and 2016-06 (Q2)",
      "gap: 3Q missing between 2016-06 (Q2) and 2017-06 (Q2)",
      "gap: 3Q missing between 2017-06 (Q2) and 2018-06 (Q2)",
      "gap: 3Q missing between 2018-06 (Q2) and 2019-06 (Q2)",
      "gap: 3Q missing between 2019-06 (Q2) and 2020-06 (Q2)",
      "gap: 3Q missing between 2020-06 (Q2) and 2021-06 (Q2)",
      "gap: 3Q missing between 2021-06 (Q2) and 2022-06 (Q2)",
      "gap: 3Q missing between 2022-06 (Q2) and 2023-06 (Q2)",
      "gap: 3Q missing between 2023-06 (Q2) and 2024-06 (Q2)",
      "gap: 3Q missing between 2024-06 (Q2) and 2025-06 (Q2)"
    ]
  },
  "market_cap": null,
  "source": "SEC EDGAR",
  "last_updated": "2026-02-02T21:43:06.678457",
  "sector": "Industrials",
  "industry": "Marine Shipping"
}