{
  "ticker": "NMPGY",
  "name": "NAVIOS MARITIME HOLDINGS INC.",
  "quarters": [
    {
      "date": "2011-06-30T00:00:00",
      "quarter_label": "2011-06 (Q2)",
      "revenue": 165353000,
      "gross_profit": 100505000,
      "operating_income": null,
      "net_income": 50850000,
      "opex": null,
      "cogs": 64848000,
      "rd": null,
      "sga": null,
      "fcf": null,
      "ocf": null,
      "capex": null,
      "gross_margin": 0.6078208438915532,
      "op_margin": null,
      "fcf_margin": null
    },
    {
      "date": "2012-06-30T00:00:00",
      "quarter_label": "2012-06 (Q2)",
      "revenue": 172079000,
      "gross_profit": 98864000,
      "operating_income": null,
      "net_income": 5285000,
      "opex": null,
      "cogs": 73215000,
      "rd": null,
      "sga": null,
      "fcf": null,
      "ocf": null,
      "capex": null,
      "gross_margin": 0.5745268161716421,
      "op_margin": null,
      "fcf_margin": null,
      "rev_growth_yoy": 0.0406766130641718
    },
    {
      "date": "2013-06-30T00:00:00",
      "quarter_label": "2013-06 (Q2)",
      "revenue": 125572000,
      "gross_profit": 59940000,
      "operating_income": null,
      "net_income": -15881000,
      "opex": null,
      "cogs": 65632000,
      "rd": null,
      "sga": null,
      "fcf": null,
      "ocf": null,
      "capex": null,
      "gross_margin": 0.47733571178288153,
      "op_margin": null,
      "fcf_margin": null,
      "rev_growth_yoy": -0.27026540135635374,
      "rev_growth_yoy_accel": -0.31094201442052555
    },
    {
      "date": "2014-06-30T00:00:00",
      "quarter_label": "2014-06 (Q2)",
      "revenue": 145408000,
      "gross_profit": 81894000,
      "operating_income": null,
      "net_income": -36680000,
      "opex": null,
      "cogs": 63514000,
      "rd": null,
      "sga": null,
      "fcf": null,
      "ocf": null,
      "capex": null,
      "gross_margin": 0.563201474471831,
      "op_margin": null,
      "fcf_margin": null,
      "rev_growth_yoy": 0.15796515146688753,
      "rev_growth_yoy_accel": 0.4282305528232413
    },
    {
      "date": "2015-06-30T00:00:00",
      "quarter_label": "2015-06 (Q2)",
      "revenue": 119839000,
      "gross_profit": 61983000,
      "operating_income": null,
      "net_income": -24813000,
      "opex": null,
      "cogs": 57856000,
      "rd": null,
      "sga": null,
      "fcf": null,
      "ocf": null,
      "capex": null,
      "gross_margin": 0.5172189354050017,
      "op_margin": null,
      "fcf_margin": null,
      "rev_growth_yoy": -0.17584314480633803,
      "rev_growth_yoy_accel": -0.33380829627322556
    },
    {
      "date": "2016-06-30T00:00:00",
      "quarter_label": "2016-06 (Q2)",
      "revenue": 105733000,
      "gross_profit": 69638000,
      "operating_income": null,
      "net_income": -26416000,
      "opex": null,
      "cogs": 36095000,
      "rd": null,
      "sga": null,
      "fcf": null,
      "ocf": null,
      "capex": null,
      "gross_margin": 0.658621244077062,
      "op_margin": null,
      "fcf_margin": null,
      "rev_growth_yoy": -0.11770792479910547,
      "rev_growth_yoy_accel": 0.05813522000723256
    },
    {
      "date": "2017-06-30T00:00:00",
      "quarter_label": "2017-06 (Q2)",
      "revenue": 118618000,
      "gross_profit": 64540000,
      "operating_income": null,
      "net_income": -37258000,
      "opex": null,
      "cogs": 54078000,
      "rd": null,
      "sga": null,
      "fcf": null,
      "ocf": null,
      "capex": null,
      "gross_margin": 0.5440995464432042,
      "op_margin": null,
      "fcf_margin": null,
      "rev_growth_yoy": 0.12186356199105293,
      "rev_growth_yoy_accel": 0.23957148679015838
    },
    {
      "date": "2018-06-30T00:00:00",
      "quarter_label": "2018-06 (Q2)",
      "revenue": 132051000,
      "gross_profit": 78163000,
      "operating_income": null,
      "net_income": -25292000,
      "opex": null,
      "cogs": 53888000,
      "rd": null,
      "sga": null,
      "fcf": null,
      "ocf": null,
      "capex": null,
      "gross_margin": 0.5919152448675133,
      "op_margin": null,
      "fcf_margin": null,
      "rev_growth_yoy": 0.11324588173801615,
      "rev_growth_yoy_accel": -0.008617680253036775
    },
    {
      "date": "2019-06-30T00:00:00",
      "quarter_label": "2019-06 (Q2)",
      "revenue": 147189000,
      "gross_profit": 102100000,
      "operating_income": null,
      "net_income": -36431000,
      "opex": null,
      "cogs": 45089000,
      "rd": null,
      "sga": null,
      "fcf": null,
      "ocf": null,
      "capex": null,
      "gross_margin": 0.6936659668861124,
      "op_margin": null,
      "fcf_margin": null,
      "rev_growth_yoy": 0.11463752641025059,
      "rev_growth_yoy_accel": 0.0013916446722344322
    },
    {
      "date": "2020-06-30T00:00:00",
      "quarter_label": "2020-06 (Q2)",
      "revenue": 97127000,
      "gross_profit": 54417000,
      "operating_income": null,
      "net_income": -35271000,
      "opex": null,
      "cogs": 42710000,
      "rd": null,
      "sga": null,
      "fcf": null,
      "ocf": null,
      "capex": null,
      "gross_margin": 0.5602664552596086,
      "op_margin": null,
      "fcf_margin": null,
      "rev_growth_yoy": -0.3401205253109947,
      "rev_growth_yoy_accel": -0.4547580517212453
    },
    {
      "date": "2021-06-30T00:00:00",
      "quarter_label": "2021-06 (Q2)",
      "revenue": 143624000,
      "gross_profit": null,
      "operating_income": null,
      "net_income": 24936000,
      "opex": null,
      "cogs": null,
      "rd": null,
      "sga": null,
      "fcf": null,
      "ocf": null,
      "capex": null,
      "gross_margin": null,
      "op_margin": null,
      "fcf_margin": null,
      "rev_growth_yoy": 0.4787237328446261,
      "rev_growth_yoy_accel": 0.8188442581556208
    },
    {
      "date": "2022-06-30T00:00:00",
      "quarter_label": "2022-06 (Q2)",
      "revenue": 159221000,
      "gross_profit": null,
      "operating_income": null,
      "net_income": 44960000,
      "opex": null,
      "cogs": null,
      "rd": null,
      "sga": null,
      "fcf": null,
      "ocf": null,
      "capex": null,
      "gross_margin": null,
      "op_margin": null,
      "fcf_margin": null,
      "rev_growth_yoy": 0.10859605636940901,
      "rev_growth_yoy_accel": -0.3701276764752171
    },
    {
      "date": "2023-06-30T00:00:00",
      "quarter_label": "2023-06 (Q2)",
      "revenue": 81898000,
      "gross_profit": null,
      "operating_income": null,
      "net_income": 15480000,
      "opex": null,
      "cogs": null,
      "rd": null,
      "sga": null,
      "fcf": null,
      "ocf": null,
      "capex": null,
      "gross_margin": null,
      "op_margin": null,
      "fcf_margin": null,
      "rev_growth_yoy": -0.4856331765282218,
      "rev_growth_yoy_accel": -0.5942292328976309
    }
  ],
  "signals": [
    {
      "quarter": "2023-06 (Q2)",
      "signal": "YoY REVENUE GROWTH DECELERATION",
      "detail": "YoY growth: -48.6% vs prior quarter YoY: +10.9% (decel: -59.4%)",
      "severity": "WARNING"
    },
    {
      "quarter": "2022-06 (Q2)",
      "signal": "YoY REVENUE GROWTH DECELERATION",
      "detail": "YoY growth: +10.9% vs prior quarter YoY: +47.9% (decel: -37.0%)",
      "severity": "WARNING"
    },
    {
      "quarter": "2021-06 (Q2)",
      "signal": "YoY REVENUE GROWTH ACCELERATION",
      "detail": "YoY growth: +47.9% vs prior quarter YoY: -34.0% (accel: +81.9%)",
      "severity": "HIGH"
    },
    {
      "quarter": "2020-06 (Q2)",
      "signal": "YoY REVENUE GROWTH DECELERATION",
      "detail": "YoY growth: -34.0% vs prior quarter YoY: +11.5% (decel: -45.5%)",
      "severity": "WARNING"
    },
    {
      "quarter": "2018-06 (Q2)",
      "signal": "GROSS MARGIN INFLECTION",
      "detail": "GM: +65.9% -> +54.4% -> +59.2% (reversal +4.8%)",
      "severity": "MEDIUM"
    },
    {
      "quarter": "2017-06 (Q2)",
      "signal": "YoY REVENUE GROWTH ACCELERATION",
      "detail": "YoY growth: +12.2% vs prior quarter YoY: -11.8% (accel: +24.0%)",
      "severity": "HIGH"
    },
    {
      "quarter": "2016-06 (Q2)",
      "signal": "GROSS MARGIN INFLECTION",
      "detail": "GM: +56.3% -> +51.7% -> +65.9% (reversal +14.1%)",
      "severity": "HIGH"
    },
    {
      "quarter": "2016-06 (Q2)",
      "signal": "YoY REVENUE GROWTH ACCELERATION",
      "detail": "YoY growth: -11.8% vs prior quarter YoY: -17.6% (accel: +5.8%)",
      "severity": "MEDIUM"
    },
    {
      "quarter": "2015-06 (Q2)",
      "signal": "YoY REVENUE GROWTH DECELERATION",
      "detail": "YoY growth: -17.6% vs prior quarter YoY: +15.8% (decel: -33.4%)",
      "severity": "WARNING"
    },
    {
      "quarter": "2014-06 (Q2)",
      "signal": "GROSS MARGIN INFLECTION",
      "detail": "GM: +57.5% -> +47.7% -> +56.3% (reversal +8.6%)",
      "severity": "HIGH"
    },
    {
      "quarter": "2014-06 (Q2)",
      "signal": "YoY REVENUE GROWTH ACCELERATION",
      "detail": "YoY growth: +15.8% vs prior quarter YoY: -27.0% (accel: +42.8%)",
      "severity": "HIGH"
    },
    {
      "quarter": "2013-06 (Q2)",
      "signal": "YoY REVENUE GROWTH DECELERATION",
      "detail": "YoY growth: -27.0% vs prior quarter YoY: +4.1% (decel: -31.1%)",
      "severity": "WARNING"
    }
  ],
  "data_quality": {
    "n_quarters": 13,
    "coverage": {
      "revenue": [
        13,
        13
      ],
      "gross_profit": [
        10,
        13
      ],
      "op_income": [
        0,
        13
      ],
      "fcf": [
        0,
        13
      ]
    },
    "gaps": [
      [
        "2011-06 (Q2)",
        "2012-06 (Q2)",
        366
      ],
      [
        "2012-06 (Q2)",
        "2013-06 (Q2)",
        365
      ],
      [
        "2013-06 (Q2)",
        "2014-06 (Q2)",
        365
      ],
      [
        "2014-06 (Q2)",
        "2015-06 (Q2)",
        365
      ],
      [
        "2015-06 (Q2)",
        "2016-06 (Q2)",
        366
      ],
      [
        "2016-06 (Q2)",
        "2017-06 (Q2)",
        365
      ],
      [
        "2017-06 (Q2)",
        "2018-06 (Q2)",
        365
      ],
      [
        "2018-06 (Q2)",
        "2019-06 (Q2)",
        365
      ],
      [
        "2019-06 (Q2)",
        "2020-06 (Q2)",
        366
      ],
      [
        "2020-06 (Q2)",
        "2021-06 (Q2)",
        365
      ],
      [
        "2021-06 (Q2)",
        "2022-06 (Q2)",
        365
      ],
      [
        "2022-06 (Q2)",
        "2023-06 (Q2)",
        365
      ]
    ],
    "warnings": [
      "gross_profit: 10/13Q",
      "op_income: no data",
      "fcf: no data",
      "gap: 3Q missing between 2011-06 (Q2) and 2012-06 (Q2)",
      "gap: 3Q missing between 2012-06 (Q2) and 2013-06 (Q2)",
      "gap: 3Q missing between 2013-06 (Q2) and 2014-06 (Q2)",
      "gap: 3Q missing between 2014-06 (Q2) and 2015-06 (Q2)",
      "gap: 3Q missing between 2015-06 (Q2) and 2016-06 (Q2)",
      "gap: 3Q missing between 2016-06 (Q2) and 2017-06 (Q2)",
      "gap: 3Q missing between 2017-06 (Q2) and 2018-06 (Q2)",
      "gap: 3Q missing between 2018-06 (Q2) and 2019-06 (Q2)",
      "gap: 3Q missing between 2019-06 (Q2) and 2020-06 (Q2)",
      "gap: 3Q missing between 2020-06 (Q2) and 2021-06 (Q2)",
      "gap: 3Q missing between 2021-06 (Q2) and 2022-06 (Q2)",
      "gap: 3Q missing between 2022-06 (Q2) and 2023-06 (Q2)"
    ]
  },
  "market_cap": null,
  "source": "SEC EDGAR",
  "last_updated": "2026-02-03T00:54:18.656683",
  "sector": "Industrials",
  "industry": "Marine Shipping"
}