{
  "ticker": "NMRK",
  "name": "NEWMARK GROUP, INC.",
  "quarters": [
    {
      "date": "2020-12-31T00:00:00",
      "quarter_label": "2020-12 (Q4)",
      "revenue": 601426000,
      "gross_profit": null,
      "operating_income": 2819000,
      "net_income": -3781000,
      "opex": 540240000,
      "cogs": null,
      "rd": null,
      "sga": null,
      "fcf": 559912000,
      "ocf": 563356000,
      "capex": -3444000,
      "gross_margin": null,
      "op_margin": 0.00468719343693156,
      "fcf_margin": 0.9309740516705297
    },
    {
      "date": "2021-03-31T00:00:00",
      "quarter_label": "2021-03 (Q1)",
      "revenue": 503980000,
      "gross_profit": null,
      "operating_income": 63970000,
      "net_income": 33105000,
      "opex": 437800000,
      "cogs": null,
      "rd": null,
      "sga": null,
      "fcf": 288517000,
      "ocf": 290960000,
      "capex": -2443000,
      "gross_margin": null,
      "op_margin": 0.12692964006508195,
      "fcf_margin": 0.5724770824239057,
      "fcf_margin_change": -0.358496969246624
    },
    {
      "date": "2021-06-30T00:00:00",
      "quarter_label": "2021-06 (Q2)",
      "revenue": 629871000,
      "gross_profit": null,
      "operating_income": 736096000,
      "net_income": 439744000,
      "opex": 980587000,
      "cogs": null,
      "rd": null,
      "sga": null,
      "fcf": 490522000,
      "ocf": 494182000,
      "capex": -3660000,
      "gross_margin": null,
      "op_margin": 1.168645643314266,
      "fcf_margin": 0.7787658107771274,
      "op_leverage_ratio": 0.20147803232651118,
      "fcf_margin_change": 0.20628872835322165
    },
    {
      "date": "2021-09-30T00:00:00",
      "quarter_label": "2021-09 (Q3)",
      "revenue": 788126000,
      "gross_profit": null,
      "operating_income": 225565000,
      "net_income": 128549000,
      "opex": 665281000,
      "cogs": null,
      "rd": null,
      "sga": null,
      "fcf": -1116878000,
      "ocf": -1111699000,
      "capex": -5179000,
      "gross_margin": null,
      "op_margin": 0.2862042363784471,
      "fcf_margin": -1.4171312708881574,
      "op_leverage_ratio": Infinity,
      "fcf_margin_change": -2.1958970816652847
    },
    {
      "date": "2021-12-31T00:00:00",
      "quarter_label": "2021-12 (Q4)",
      "revenue": 984466000,
      "gross_profit": null,
      "operating_income": 228934000,
      "net_income": 149330000,
      "opex": 800705000,
      "cogs": null,
      "rd": null,
      "sga": null,
      "fcf": 269409000,
      "ocf": 277848000,
      "capex": -8439000,
      "gross_margin": null,
      "op_margin": 0.23254637539539202,
      "fcf_margin": 0.27366003498343267,
      "incr_op_margin_yoy": 0.5903169381787803,
      "rev_growth_yoy": 0.6368863334807607,
      "op_leverage_ratio": 1.2238342829177535,
      "fcf_margin_change": 1.69079130587159
    },
    {
      "date": "2022-03-31T00:00:00",
      "quarter_label": "2022-03 (Q1)",
      "revenue": 678247000,
      "gross_profit": null,
      "operating_income": 12588000,
      "net_income": 362000,
      "opex": 579658000,
      "cogs": null,
      "rd": null,
      "sga": null,
      "fcf": 493486000,
      "ocf": 502155000,
      "capex": -8669000,
      "gross_margin": null,
      "op_margin": 0.018559610289466816,
      "fcf_margin": 0.7275903911112028,
      "incr_op_margin_yoy": -0.2948464138362398,
      "rev_growth_yoy": 0.3457815786340728,
      "rev_growth_yoy_accel": -0.29110475484668796,
      "fcf_margin_change": 0.45393035612777016
    },
    {
      "date": "2022-06-30T00:00:00",
      "quarter_label": "2022-06 (Q2)",
      "revenue": 755351000,
      "gross_profit": null,
      "operating_income": 89141000,
      "net_income": 48519000,
      "opex": 650907000,
      "cogs": null,
      "rd": null,
      "sga": null,
      "fcf": -171981000,
      "ocf": -163121000,
      "capex": -8860000,
      "gross_margin": null,
      "op_margin": 0.11801268549323427,
      "fcf_margin": -0.22768355373859306,
      "incr_op_margin_yoy": -5.155841568377431,
      "rev_growth_yoy": 0.19921539489832044,
      "rev_growth_yoy_accel": -0.14656618373575234,
      "op_leverage_ratio": 0.9248729724389635,
      "fcf_margin_change": -0.9552739448497959
    },
    {
      "date": "2022-09-30T00:00:00",
      "quarter_label": "2022-09 (Q3)",
      "revenue": 664646000,
      "gross_profit": null,
      "operating_income": 58485000,
      "net_income": 27964000,
      "opex": 606033000,
      "cogs": null,
      "rd": null,
      "sga": null,
      "fcf": -96785000,
      "ocf": -74299000,
      "capex": -22486000,
      "gross_margin": null,
      "op_margin": 0.08799421045187965,
      "fcf_margin": -0.1456188707973869,
      "incr_op_margin_yoy": 1.3530936183997408,
      "rev_growth_yoy": -0.1566754554474792,
      "rev_growth_yoy_accel": -0.35589085034579965,
      "fcf_margin_change": 0.08206468294120617
    },
    {
      "date": "2022-12-31T00:00:00",
      "quarter_label": "2022-12 (Q4)",
      "revenue": 607282000,
      "gross_profit": null,
      "operating_income": 25352000,
      "net_income": 6427000,
      "opex": 585661000,
      "cogs": null,
      "rd": null,
      "sga": null,
      "fcf": 909434000,
      "ocf": 931608000,
      "capex": -22174000,
      "gross_margin": null,
      "op_margin": 0.04174666794010032,
      "fcf_margin": 1.4975480913315395,
      "incr_op_margin_yoy": 0.53974187664376,
      "rev_growth_yoy": -0.3831356288586909,
      "rev_growth_yoy_accel": -0.2264601734112117,
      "fcf_margin_change": 1.6431669621289264
    },
    {
      "date": "2023-03-31T00:00:00",
      "quarter_label": "2023-03 (Q1)",
      "revenue": 520799000,
      "gross_profit": null,
      "operating_income": -11814000,
      "net_income": -10350000,
      "opex": 529603000,
      "cogs": null,
      "rd": null,
      "sga": null,
      "fcf": -417014000,
      "ocf": -398840000,
      "capex": -18174000,
      "gross_margin": null,
      "op_margin": -0.022684375354023338,
      "fcf_margin": -0.800719663440214,
      "incr_op_margin_yoy": 0.15498450281997866,
      "rev_growth_yoy": -0.2321396187524604,
      "rev_growth_yoy_accel": 0.1509960101062305,
      "fcf_margin_change": -2.2982677547717536
    },
    {
      "date": "2023-06-30T00:00:00",
      "quarter_label": "2023-06 (Q2)",
      "revenue": 585844000,
      "gross_profit": null,
      "operating_income": 27543000,
      "net_income": 6429000,
      "opex": 562226000,
      "cogs": null,
      "rd": null,
      "sga": null,
      "fcf": -516098000,
      "ocf": -500638000,
      "capex": -15460000,
      "gross_margin": null,
      "op_margin": 0.047014222216153104,
      "fcf_margin": -0.880947829114918,
      "incr_op_margin_yoy": 0.36339502203448826,
      "rev_growth_yoy": -0.22440825523498348,
      "rev_growth_yoy_accel": 0.0077313635174769135,
      "op_leverage_ratio": 2.0275441360208832,
      "fcf_margin_change": -0.08022816567470403
    },
    {
      "date": "2023-09-30T00:00:00",
      "quarter_label": "2023-09 (Q3)",
      "revenue": 616283000,
      "gross_profit": null,
      "operating_income": 30051000,
      "net_income": 9947000,
      "opex": 589435000,
      "cogs": null,
      "rd": null,
      "sga": null,
      "fcf": 403353000,
      "ocf": 413540000,
      "capex": -10187000,
      "gross_margin": null,
      "op_margin": 0.04876168902922846,
      "fcf_margin": 0.6544931468172901,
      "incr_op_margin_yoy": 0.5879287885366913,
      "rev_growth_yoy": -0.0727650508691845,
      "rev_growth_yoy_accel": 0.15164320436579898,
      "op_leverage_ratio": 1.0736104725252222,
      "fcf_margin_change": 1.535440975932208
    },
    {
      "date": "2023-12-31T00:00:00",
      "quarter_label": "2023-12 (Q4)",
      "revenue": 747442000,
      "gross_profit": null,
      "operating_income": 79435000,
      "net_income": 36548000,
      "opex": 677743000,
      "cogs": null,
      "rd": null,
      "sga": null,
      "fcf": 208437000,
      "ocf": 219977000,
      "capex": -11540000,
      "gross_margin": null,
      "op_margin": 0.10627580467782116,
      "fcf_margin": 0.27886712280016374,
      "incr_op_margin_yoy": 0.3858661529680365,
      "rev_growth_yoy": 0.23079887103520275,
      "rev_growth_yoy_accel": 0.30356392190438725,
      "op_leverage_ratio": 1.4205410231714308,
      "fcf_margin_change": -0.37562602401712636
    },
    {
      "date": "2024-03-31T00:00:00",
      "quarter_label": "2024-03 (Q1)",
      "revenue": 546499000,
      "gross_profit": null,
      "operating_income": -22612000,
      "net_income": -16254000,
      "opex": 569097000,
      "cogs": null,
      "rd": null,
      "sga": null,
      "fcf": -75825000,
      "ocf": -68783000,
      "capex": -7042000,
      "gross_margin": null,
      "op_margin": -0.04137610498829824,
      "fcf_margin": -0.13874682295850496,
      "incr_op_margin_yoy": -0.4201556420233463,
      "rev_growth_yoy": 0.04934725297091584,
      "rev_growth_yoy_accel": -0.1814516180642869,
      "fcf_margin_change": -0.4176139457586687
    },
    {
      "date": "2024-06-30T00:00:00",
      "quarter_label": "2024-06 (Q2)",
      "revenue": 633375000,
      "gross_profit": null,
      "operating_income": 40719000,
      "net_income": 14280000,
      "opex": 598293000,
      "cogs": null,
      "rd": null,
      "sga": null,
      "fcf": -267752000,
      "ocf": -258486000,
      "capex": -9266000,
      "gross_margin": null,
      "op_margin": 0.06428892835997632,
      "fcf_margin": -0.42273850404578645,
      "incr_op_margin_yoy": 0.27720855862489746,
      "rev_growth_yoy": 0.08113251991997869,
      "rev_growth_yoy_accel": 0.03178526694906285,
      "op_leverage_ratio": 3.098656149513578,
      "fcf_margin_change": -0.28399168108728146
    },
    {
      "date": "2024-09-30T00:00:00",
      "quarter_label": "2024-09 (Q3)",
      "revenue": 685912000,
      "gross_profit": null,
      "operating_income": 41051000,
      "net_income": 17794000,
      "opex": 645182000,
      "cogs": null,
      "rd": null,
      "sga": null,
      "fcf": -94426000,
      "ocf": -85244000,
      "capex": -9182000,
      "gross_margin": null,
      "op_margin": 0.05984878526691471,
      "fcf_margin": -0.13766488995672915,
      "incr_op_margin_yoy": 0.15798015194818252,
      "rev_growth_yoy": 0.11298218513247972,
      "rev_growth_yoy_accel": 0.03184966521250103,
      "op_leverage_ratio": 1.0583938399243562,
      "fcf_margin_change": 0.2850736140890573
    },
    {
      "date": "2024-12-31T00:00:00",
      "quarter_label": "2024-12 (Q4)",
      "revenue": 872716000,
      "gross_profit": null,
      "operating_income": 103883000,
      "net_income": 45414000,
      "opex": 769566000,
      "cogs": null,
      "rd": null,
      "sga": null,
      "fcf": 396558000,
      "ocf": 402577000,
      "capex": -6019000,
      "gross_margin": null,
      "op_margin": 0.11903414169099684,
      "fcf_margin": 0.4543952442719052,
      "incr_op_margin_yoy": 0.19515621757108417,
      "rev_growth_yoy": 0.16760364014866705,
      "rev_growth_yoy_accel": 0.05462145501618733,
      "op_leverage_ratio": 1.4126529934131618,
      "fcf_margin_change": 0.5920601342286343
    },
    {
      "date": "2025-03-31T00:00:00",
      "quarter_label": "2025-03 (Q1)",
      "revenue": 665494000,
      "gross_profit": null,
      "operating_income": -17519000,
      "net_income": -8766000,
      "opex": 683763000,
      "cogs": null,
      "rd": null,
      "sga": null,
      "fcf": -184848000,
      "ocf": -179404000,
      "capex": -5444000,
      "gross_margin": null,
      "op_margin": -0.02632480533258001,
      "fcf_margin": -0.2777605808617358,
      "incr_op_margin_yoy": 0.04280011765200219,
      "rev_growth_yoy": 0.21774056311173487,
      "rev_growth_yoy_accel": 0.05013692296306782,
      "fcf_margin_change": -0.732155825133641
    },
    {
      "date": "2025-06-30T00:00:00",
      "quarter_label": "2025-06 (Q2)",
      "revenue": 759112000,
      "gross_profit": null,
      "operating_income": 42743000,
      "net_income": 20819000,
      "opex": 716599000,
      "cogs": null,
      "rd": null,
      "sga": null,
      "fcf": -386244000,
      "ocf": -379742000,
      "capex": -6502000,
      "gross_margin": null,
      "op_margin": 0.05630657926630062,
      "fcf_margin": -0.508810294133145,
      "incr_op_margin_yoy": 0.016097091548231628,
      "rev_growth_yoy": 0.19851904479968424,
      "rev_growth_yoy_accel": -0.01922151831205063,
      "op_leverage_ratio": 2.9293452753194305,
      "fcf_margin_change": -0.23104971327140927
    },
    {
      "date": "2025-09-30T00:00:00",
      "quarter_label": "2025-09 (Q3)",
      "revenue": 863460000,
      "gross_profit": null,
      "operating_income": 85159000,
      "net_income": 46154000,
      "opex": 820325000,
      "cogs": null,
      "rd": null,
      "sga": null,
      "fcf": 104899000,
      "ocf": 112631000,
      "capex": -7732000,
      "gross_margin": null,
      "op_margin": 0.09862529821879415,
      "fcf_margin": 0.12148680888518287,
      "incr_op_margin_yoy": 0.24842859395769032,
      "rev_growth_yoy": 0.25884953171835456,
      "rev_growth_yoy_accel": 0.06033048691867032,
      "op_leverage_ratio": 0.9496571448571314,
      "fcf_margin_change": 0.630297103018328
    }
  ],
  "signals": [
    {
      "quarter": "2025-09 (Q3)",
      "signal": "FCF TURNED POSITIVE",
      "detail": "FCF margin: -50.9% -> +12.1%",
      "severity": "HIGH"
    },
    {
      "quarter": "2025-09 (Q3)",
      "signal": "YoY REVENUE GROWTH ACCELERATION",
      "detail": "YoY growth: +25.9% vs prior quarter YoY: +19.9% (accel: +6.0%)",
      "severity": "MEDIUM"
    },
    {
      "quarter": "2025-09 (Q3)",
      "signal": "INCREMENTAL MARGIN (YoY)",
      "detail": "YoY Incr OPM: +24.8% vs year-ago OPM: +6.0%",
      "severity": "MEDIUM"
    },
    {
      "quarter": "2025-06 (Q2)",
      "signal": "OPERATING LEVERAGE",
      "detail": "Rev growth +14.1% vs OpEx growth +4.8% (leverage: 2.9x)",
      "severity": "MEDIUM"
    },
    {
      "quarter": "2025-06 (Q2)",
      "signal": "OP MARGIN TURNED POSITIVE (QoQ)",
      "detail": "Op margin: -2.6% -> +5.6%",
      "severity": "HIGH"
    },
    {
      "quarter": "2025-03 (Q1)",
      "signal": "YoY REVENUE GROWTH ACCELERATION",
      "detail": "YoY growth: +21.8% vs prior quarter YoY: +16.8% (accel: +5.0%)",
      "severity": "MEDIUM"
    },
    {
      "quarter": "2024-12 (Q4)",
      "signal": "FCF TURNED POSITIVE",
      "detail": "FCF margin: -13.8% -> +45.4%",
      "severity": "HIGH"
    },
    {
      "quarter": "2024-12 (Q4)",
      "signal": "YoY REVENUE GROWTH ACCELERATION",
      "detail": "YoY growth: +16.8% vs prior quarter YoY: +11.3% (accel: +5.5%)",
      "severity": "MEDIUM"
    },
    {
      "quarter": "2024-09 (Q3)",
      "signal": "FCF MARGIN EXPANSION",
      "detail": "FCF margin: -42.3% -> -13.8% (+28.5%)",
      "severity": "MEDIUM"
    },
    {
      "quarter": "2024-09 (Q3)",
      "signal": "INCREMENTAL MARGIN (YoY)",
      "detail": "YoY Incr OPM: +15.8% vs year-ago OPM: +4.9%",
      "severity": "MEDIUM"
    },
    {
      "quarter": "2024-06 (Q2)",
      "signal": "OPERATING LEVERAGE",
      "detail": "Rev growth +15.9% vs OpEx growth +5.1% (leverage: 3.1x)",
      "severity": "MEDIUM"
    },
    {
      "quarter": "2024-06 (Q2)",
      "signal": "INCREMENTAL MARGIN (YoY)",
      "detail": "YoY Incr OPM: +27.7% vs year-ago OPM: +4.7%",
      "severity": "HIGH"
    },
    {
      "quarter": "2024-06 (Q2)",
      "signal": "OP MARGIN TURNED POSITIVE (QoQ)",
      "detail": "Op margin: -4.1% -> +6.4%",
      "severity": "HIGH"
    },
    {
      "quarter": "2024-03 (Q1)",
      "signal": "YoY REVENUE GROWTH DECELERATION",
      "detail": "YoY growth: +4.9% vs prior quarter YoY: +23.1% (decel: -18.1%)",
      "severity": "WARNING"
    },
    {
      "quarter": "2023-12 (Q4)",
      "signal": "YoY REVENUE GROWTH ACCELERATION",
      "detail": "YoY growth: +23.1% vs prior quarter YoY: -7.3% (accel: +30.4%)",
      "severity": "HIGH"
    },
    {
      "quarter": "2023-12 (Q4)",
      "signal": "INCREMENTAL MARGIN (YoY)",
      "detail": "YoY Incr OPM: +38.6% vs year-ago OPM: +4.2%",
      "severity": "HIGH"
    },
    {
      "quarter": "2023-09 (Q3)",
      "signal": "FCF TURNED POSITIVE",
      "detail": "FCF margin: -88.1% -> +65.4%",
      "severity": "HIGH"
    },
    {
      "quarter": "2023-09 (Q3)",
      "signal": "YoY REVENUE GROWTH ACCELERATION",
      "detail": "YoY growth: -7.3% vs prior quarter YoY: -22.4% (accel: +15.2%)",
      "severity": "HIGH"
    },
    {
      "quarter": "2023-09 (Q3)",
      "signal": "INCREMENTAL MARGIN (YoY)",
      "detail": "YoY Incr OPM: +58.8% vs year-ago OPM: +8.8%",
      "severity": "HIGH"
    },
    {
      "quarter": "2023-06 (Q2)",
      "signal": "OPERATING LEVERAGE",
      "detail": "Rev growth +12.5% vs OpEx growth +6.2% (leverage: 2.0x)",
      "severity": "MEDIUM"
    },
    {
      "quarter": "2023-06 (Q2)",
      "signal": "INCREMENTAL MARGIN (YoY)",
      "detail": "YoY Incr OPM: +36.3% vs year-ago OPM: +11.8%",
      "severity": "HIGH"
    },
    {
      "quarter": "2023-06 (Q2)",
      "signal": "OP MARGIN TURNED POSITIVE (QoQ)",
      "detail": "Op margin: -2.3% -> +4.7%",
      "severity": "HIGH"
    },
    {
      "quarter": "2023-03 (Q1)",
      "signal": "YoY REVENUE GROWTH ACCELERATION",
      "detail": "YoY growth: -23.2% vs prior quarter YoY: -38.3% (accel: +15.1%)",
      "severity": "HIGH"
    },
    {
      "quarter": "2022-12 (Q4)",
      "signal": "FCF TURNED POSITIVE",
      "detail": "FCF margin: -14.6% -> +149.8%",
      "severity": "HIGH"
    },
    {
      "quarter": "2022-12 (Q4)",
      "signal": "YoY REVENUE GROWTH DECELERATION",
      "detail": "YoY growth: -38.3% vs prior quarter YoY: -15.7% (decel: -22.6%)",
      "severity": "WARNING"
    },
    {
      "quarter": "2022-12 (Q4)",
      "signal": "INCREMENTAL MARGIN (YoY)",
      "detail": "YoY Incr OPM: +54.0% vs year-ago OPM: +23.3%",
      "severity": "HIGH"
    },
    {
      "quarter": "2022-09 (Q3)",
      "signal": "FCF MARGIN EXPANSION",
      "detail": "FCF margin: -22.8% -> -14.6% (+8.2%)",
      "severity": "MEDIUM"
    },
    {
      "quarter": "2022-09 (Q3)",
      "signal": "YoY REVENUE GROWTH DECELERATION",
      "detail": "YoY growth: -15.7% vs prior quarter YoY: +19.9% (decel: -35.6%)",
      "severity": "WARNING"
    },
    {
      "quarter": "2022-09 (Q3)",
      "signal": "INCREMENTAL MARGIN (YoY)",
      "detail": "YoY Incr OPM: +135.3% vs year-ago OPM: +28.6%",
      "severity": "HIGH"
    },
    {
      "quarter": "2022-06 (Q2)",
      "signal": "YoY REVENUE GROWTH DECELERATION",
      "detail": "YoY growth: +19.9% vs prior quarter YoY: +34.6% (decel: -14.7%)",
      "severity": "WARNING"
    },
    {
      "quarter": "2022-03 (Q1)",
      "signal": "FCF MARGIN EXPANSION",
      "detail": "FCF margin: +27.4% -> +72.8% (+45.4%)",
      "severity": "MEDIUM"
    },
    {
      "quarter": "2022-03 (Q1)",
      "signal": "YoY REVENUE GROWTH DECELERATION",
      "detail": "YoY growth: +34.6% vs prior quarter YoY: +63.7% (decel: -29.1%)",
      "severity": "WARNING"
    },
    {
      "quarter": "2021-12 (Q4)",
      "signal": "FCF TURNED POSITIVE",
      "detail": "FCF margin: -141.7% -> +27.4%",
      "severity": "HIGH"
    },
    {
      "quarter": "2021-12 (Q4)",
      "signal": "INCREMENTAL MARGIN (YoY)",
      "detail": "YoY Incr OPM: +59.0% vs year-ago OPM: +0.5%",
      "severity": "HIGH"
    },
    {
      "quarter": "2021-06 (Q2)",
      "signal": "FCF MARGIN EXPANSION",
      "detail": "FCF margin: +57.2% -> +77.9% (+20.6%)",
      "severity": "MEDIUM"
    }
  ],
  "data_quality": {
    "n_quarters": 20,
    "coverage": {
      "revenue": [
        20,
        20
      ],
      "gross_profit": [
        0,
        20
      ],
      "op_income": [
        20,
        20
      ],
      "fcf": [
        20,
        20
      ]
    },
    "gaps": [],
    "warnings": [
      "gross_profit: no data"
    ]
  },
  "market_cap": null,
  "source": "SEC EDGAR",
  "last_updated": "2026-02-02T21:10:27.718911"
}