{
  "ticker": "NNN",
  "name": "NNN REIT, INC.",
  "sector": "Real Estate",
  "industry": "REIT - Retail",
  "quarters": [
    {
      "date": "2021-03-31T00:00:00",
      "quarter_label": "2021-03 (Q1)",
      "revenue": 179778000,
      "gross_profit": null,
      "operating_income": 112437000,
      "net_income": 56587000,
      "opex": 71622000,
      "cogs": null,
      "rd": null,
      "sga": null,
      "fcf": 161170000,
      "ocf": 161170000,
      "capex": null,
      "gross_margin": null,
      "op_margin": 0.6254213530020358,
      "fcf_margin": 0.8964945655196965
    },
    {
      "date": "2021-06-30T00:00:00",
      "quarter_label": "2021-06 (Q2)",
      "revenue": 179011000,
      "gross_profit": null,
      "operating_income": 106073000,
      "net_income": 73023000,
      "opex": 77119000,
      "cogs": null,
      "rd": null,
      "sga": null,
      "fcf": 119586000,
      "ocf": 119586000,
      "capex": null,
      "gross_margin": null,
      "op_margin": 0.5925501784806521,
      "fcf_margin": 0.6680371597276145,
      "fcf_margin_change": -0.22845740579208207
    },
    {
      "date": "2021-09-30T00:00:00",
      "quarter_label": "2021-09 (Q3)",
      "revenue": 180357000,
      "gross_profit": null,
      "operating_income": 116389000,
      "net_income": 82933000,
      "opex": 73441000,
      "cogs": null,
      "rd": null,
      "sga": null,
      "fcf": 172394000,
      "ocf": 172394000,
      "capex": null,
      "gross_margin": null,
      "op_margin": 0.6453256596638889,
      "fcf_margin": 0.9558486778999429,
      "fcf_margin_change": 0.2878115181723284
    },
    {
      "date": "2021-12-31T00:00:00",
      "quarter_label": "2021-12 (Q4)",
      "revenue": 187261000,
      "gross_profit": null,
      "operating_income": 114197000,
      "net_income": 77570000,
      "opex": 78223000,
      "cogs": null,
      "rd": null,
      "sga": null,
      "fcf": 115275000,
      "ocf": 115275000,
      "capex": null,
      "gross_margin": null,
      "op_margin": 0.6098279940831246,
      "fcf_margin": 0.6155846652533096,
      "op_leverage_ratio": 0.587890970561159,
      "fcf_margin_change": -0.3402640126466333
    },
    {
      "date": "2022-03-31T00:00:00",
      "quarter_label": "2022-03 (Q1)",
      "revenue": 190279000,
      "gross_profit": null,
      "operating_income": 118037000,
      "net_income": 81372000,
      "opex": 76234000,
      "cogs": null,
      "rd": null,
      "sga": null,
      "fcf": 164338000,
      "ocf": 164338000,
      "capex": null,
      "gross_margin": null,
      "op_margin": 0.6203364533132926,
      "fcf_margin": 0.8636686129315374,
      "incr_op_margin_yoy": 0.5332825445195696,
      "rev_growth_yoy": 0.05841092903469835,
      "op_leverage_ratio": null,
      "fcf_margin_change": 0.24808394767822783
    },
    {
      "date": "2022-06-30T00:00:00",
      "quarter_label": "2022-06 (Q2)",
      "revenue": 190783000,
      "gross_profit": null,
      "operating_income": 110852000,
      "net_income": 74171000,
      "opex": 80706000,
      "cogs": null,
      "rd": null,
      "sga": null,
      "fcf": 110973000,
      "ocf": 110973000,
      "capex": null,
      "gross_margin": null,
      "op_margin": 0.581037094500034,
      "fcf_margin": 0.581671322916612,
      "incr_op_margin_yoy": 0.4059633027522936,
      "rev_growth_yoy": 0.06576132192993726,
      "rev_growth_yoy_accel": 0.007350392895238915,
      "fcf_margin_change": -0.28199729001492535
    },
    {
      "date": "2022-09-30T00:00:00",
      "quarter_label": "2022-09 (Q3)",
      "revenue": 193471000,
      "gross_profit": null,
      "operating_income": 125350000,
      "net_income": 88421000,
      "opex": 74010000,
      "cogs": null,
      "rd": null,
      "sga": null,
      "fcf": 189960000,
      "ocf": 189960000,
      "capex": null,
      "gross_margin": null,
      "op_margin": 0.6479007189708018,
      "fcf_margin": 0.9818525773888593,
      "incr_op_margin_yoy": 0.683315540643587,
      "rev_growth_yoy": 0.07271134472185721,
      "rev_growth_yoy_accel": 0.006950022791919946,
      "op_leverage_ratio": null,
      "fcf_margin_change": 0.4001812544722473
    },
    {
      "date": "2022-12-31T00:00:00",
      "quarter_label": "2022-12 (Q4)",
      "revenue": 198520000,
      "gross_profit": null,
      "operating_income": 128298000,
      "net_income": 90662000,
      "opex": 77009000,
      "cogs": null,
      "rd": null,
      "sga": null,
      "fcf": 113084000,
      "ocf": 113084000,
      "capex": null,
      "gross_margin": null,
      "op_margin": 0.6462724158774934,
      "fcf_margin": 0.5696353012290953,
      "incr_op_margin_yoy": 1.2524202859934275,
      "rev_growth_yoy": 0.060124638873016806,
      "rev_growth_yoy_accel": -0.012586705848840404,
      "op_leverage_ratio": 0.6440260475962021,
      "fcf_margin_change": -0.412217276159764
    },
    {
      "date": "2023-03-31T00:00:00",
      "quarter_label": "2023-03 (Q1)",
      "revenue": 204108000,
      "gross_profit": null,
      "operating_income": 129025000,
      "net_income": 90167000,
      "opex": 81383000,
      "cogs": null,
      "rd": null,
      "sga": null,
      "fcf": 180822000,
      "ocf": 180822000,
      "capex": null,
      "gross_margin": null,
      "op_margin": 0.6321408274050992,
      "fcf_margin": 0.8859133399964725,
      "incr_op_margin_yoy": 0.7945621519994215,
      "rev_growth_yoy": 0.07267748937087119,
      "rev_growth_yoy_accel": 0.012552850497854387,
      "op_leverage_ratio": 0.4955812150287067,
      "fcf_margin_change": 0.31627803876737715
    },
    {
      "date": "2023-06-30T00:00:00",
      "quarter_label": "2023-06 (Q2)",
      "revenue": 202640000,
      "gross_profit": null,
      "operating_income": 138724000,
      "net_income": 98704000,
      "opex": 77846000,
      "cogs": null,
      "rd": null,
      "sga": null,
      "fcf": 118472000,
      "ocf": 118472000,
      "capex": null,
      "gross_margin": null,
      "op_margin": 0.6845834978286617,
      "fcf_margin": 0.5846427161468615,
      "incr_op_margin_yoy": 2.350678923842456,
      "rev_growth_yoy": 0.0621491432674819,
      "rev_growth_yoy_accel": -0.010528346103389291,
      "fcf_margin_change": -0.301270623849611
    },
    {
      "date": "2023-09-30T00:00:00",
      "quarter_label": "2023-09 (Q3)",
      "revenue": 205132000,
      "gross_profit": null,
      "operating_income": 147667000,
      "net_income": 106787000,
      "opex": 77457000,
      "cogs": null,
      "rd": null,
      "sga": null,
      "fcf": 191519000,
      "ocf": 191519000,
      "capex": null,
      "gross_margin": null,
      "op_margin": 0.7198633075288107,
      "fcf_margin": 0.9336378526997251,
      "incr_op_margin_yoy": 1.9138152817082583,
      "rev_growth_yoy": 0.0602725989941645,
      "rev_growth_yoy_accel": -0.0018765442733174043,
      "op_leverage_ratio": null,
      "fcf_margin_change": 0.3489951365528636
    },
    {
      "date": "2023-12-31T00:00:00",
      "quarter_label": "2023-12 (Q4)",
      "revenue": 216231000,
      "gross_profit": null,
      "operating_income": 139688000,
      "net_income": 96682000,
      "opex": 83806000,
      "cogs": null,
      "rd": null,
      "sga": null,
      "fcf": 121597000,
      "ocf": 121597000,
      "capex": null,
      "gross_margin": null,
      "op_margin": 0.6460128288728259,
      "fcf_margin": 0.5623476744777576,
      "incr_op_margin_yoy": 0.6431031562305911,
      "rev_growth_yoy": 0.08921519242393713,
      "rev_growth_yoy_accel": 0.028942593429772637,
      "op_leverage_ratio": 0.6600939954787557,
      "fcf_margin_change": -0.3712901782219675
    },
    {
      "date": "2024-03-31T00:00:00",
      "quarter_label": "2024-03 (Q1)",
      "revenue": 215407000,
      "gross_profit": null,
      "operating_income": 138321000,
      "net_income": 94371000,
      "opex": 81907000,
      "cogs": null,
      "rd": null,
      "sga": null,
      "fcf": 190715000,
      "ocf": 190715000,
      "capex": null,
      "gross_margin": null,
      "op_margin": 0.6421379063818724,
      "fcf_margin": 0.8853704847103391,
      "incr_op_margin_yoy": 0.822727675015488,
      "rev_growth_yoy": 0.05535794775315029,
      "rev_growth_yoy_accel": -0.033857244670786844,
      "fcf_margin_change": 0.3230228102325815
    },
    {
      "date": "2024-06-30T00:00:00",
      "quarter_label": "2024-06 (Q2)",
      "revenue": 216813000,
      "gross_profit": null,
      "operating_income": 152267000,
      "net_income": 106666000,
      "opex": 82167000,
      "cogs": null,
      "rd": null,
      "sga": null,
      "fcf": 120479000,
      "ocf": 120479000,
      "capex": null,
      "gross_margin": null,
      "op_margin": 0.7022964490136662,
      "fcf_margin": 0.5556816242568481,
      "incr_op_margin_yoy": 0.9555492838495732,
      "rev_growth_yoy": 0.06994176865377023,
      "rev_growth_yoy_accel": 0.014583820900619944,
      "fcf_margin_change": -0.329688860453491
    },
    {
      "date": "2024-09-30T00:00:00",
      "quarter_label": "2024-09 (Q3)",
      "revenue": 218564000,
      "gross_profit": null,
      "operating_income": 143550000,
      "net_income": 97904000,
      "opex": 82779000,
      "cogs": null,
      "rd": null,
      "sga": null,
      "fcf": 206632000,
      "ocf": 206632000,
      "capex": null,
      "gross_margin": null,
      "op_margin": 0.6567870280558555,
      "fcf_margin": 0.9454072948884538,
      "incr_op_margin_yoy": -0.3065068493150685,
      "rev_growth_yoy": 0.06547978862391046,
      "rev_growth_yoy_accel": -0.004461980029859772,
      "fcf_margin_change": 0.3897256706316057
    },
    {
      "date": "2024-12-31T00:00:00",
      "quarter_label": "2024-12 (Q4)",
      "revenue": 218482000,
      "gross_profit": null,
      "operating_income": 143734000,
      "net_income": 97894000,
      "opex": 86831000,
      "cogs": null,
      "rd": null,
      "sga": null,
      "fcf": 117678000,
      "ocf": 117678000,
      "capex": null,
      "gross_margin": null,
      "op_margin": 0.6578757060078175,
      "fcf_margin": 0.5386164535293525,
      "incr_op_margin_yoy": 1.7974233673922702,
      "rev_growth_yoy": 0.010410163205090852,
      "rev_growth_yoy_accel": -0.05506962541881961,
      "fcf_margin_change": -0.40679084135910126
    },
    {
      "date": "2025-03-31T00:00:00",
      "quarter_label": "2025-03 (Q1)",
      "revenue": 230854000,
      "gross_profit": null,
      "operating_income": 143852000,
      "net_income": 96458000,
      "opex": 90815000,
      "cogs": null,
      "rd": null,
      "sga": null,
      "fcf": 203282000,
      "ocf": 203282000,
      "capex": null,
      "gross_margin": null,
      "op_margin": 0.6231297703310318,
      "fcf_margin": 0.8805652057144342,
      "incr_op_margin_yoy": 0.35806305431475366,
      "rev_growth_yoy": 0.0717107614887167,
      "rev_growth_yoy_accel": 0.06130059828362585,
      "op_leverage_ratio": 1.2341834589665406,
      "fcf_margin_change": 0.3419487521850817
    },
    {
      "date": "2025-06-30T00:00:00",
      "quarter_label": "2025-06 (Q2)",
      "revenue": 226802000,
      "gross_profit": null,
      "operating_income": 149796000,
      "net_income": 100529000,
      "opex": 93204000,
      "cogs": null,
      "rd": null,
      "sga": null,
      "fcf": 119420000,
      "ocf": 119420000,
      "capex": null,
      "gross_margin": null,
      "op_margin": 0.6604703662225201,
      "fcf_margin": 0.5265385666793062,
      "incr_op_margin_yoy": -0.24737210932025228,
      "rev_growth_yoy": 0.04607196062966704,
      "rev_growth_yoy_accel": -0.02563880085904966,
      "fcf_margin_change": -0.354026639035128
    },
    {
      "date": "2025-09-30T00:00:00",
      "quarter_label": "2025-09 (Q3)",
      "revenue": 230159000,
      "gross_profit": null,
      "operating_income": 147277000,
      "net_income": 96839000,
      "opex": 95452000,
      "cogs": null,
      "rd": null,
      "sga": null,
      "fcf": 218261000,
      "ocf": 218261000,
      "capex": null,
      "gross_margin": null,
      "op_margin": 0.6398924221950912,
      "fcf_margin": 0.9483053019868873,
      "incr_op_margin_yoy": 0.3214316515739543,
      "rev_growth_yoy": 0.05305082264233817,
      "rev_growth_yoy_accel": 0.00697886201267113,
      "op_leverage_ratio": 0.613681039799526,
      "fcf_margin_change": 0.42176673530758113
    },
    {
      "date": "2025-12-31T00:00:00",
      "quarter_label": "2025-12 (Q4)",
      "revenue": 238398000,
      "gross_profit": null,
      "operating_income": 148561000,
      "net_income": 95951000,
      "opex": 105476000,
      "cogs": null,
      "rd": null,
      "sga": null,
      "fcf": 126168000,
      "ocf": 126168000,
      "capex": null,
      "gross_margin": null,
      "op_margin": 0.6231637849310816,
      "fcf_margin": 0.5292326277905016,
      "incr_op_margin_yoy": 0.24236794537055634,
      "rev_growth_yoy": 0.09115625085819427,
      "rev_growth_yoy_accel": 0.0381054282158561,
      "op_leverage_ratio": 0.3408713616753791,
      "fcf_margin_change": -0.4190726741963857
    }
  ],
  "signals": [
    {
      "quarter": "2025-09 (Q3)",
      "signal": "FCF MARGIN EXPANSION",
      "detail": "FCF margin: +52.7% -> +94.8% (+42.2%)",
      "severity": "MEDIUM"
    },
    {
      "quarter": "2025-03 (Q1)",
      "signal": "FCF MARGIN EXPANSION",
      "detail": "FCF margin: +53.9% -> +88.1% (+34.2%)",
      "severity": "MEDIUM"
    },
    {
      "quarter": "2025-03 (Q1)",
      "signal": "YoY REVENUE GROWTH ACCELERATION",
      "detail": "YoY growth: +7.2% vs prior quarter YoY: +1.0% (accel: +6.1%)",
      "severity": "MEDIUM"
    },
    {
      "quarter": "2024-12 (Q4)",
      "signal": "YoY REVENUE GROWTH DECELERATION",
      "detail": "YoY growth: +1.0% vs prior quarter YoY: +6.5% (decel: -5.5%)",
      "severity": "WARNING"
    },
    {
      "quarter": "2024-12 (Q4)",
      "signal": "INCREMENTAL MARGIN (YoY)",
      "detail": "YoY Incr OPM: +179.7% vs year-ago OPM: +64.6%",
      "severity": "HIGH"
    },
    {
      "quarter": "2024-09 (Q3)",
      "signal": "FCF MARGIN EXPANSION",
      "detail": "FCF margin: +55.6% -> +94.5% (+39.0%)",
      "severity": "MEDIUM"
    },
    {
      "quarter": "2024-06 (Q2)",
      "signal": "INCREMENTAL MARGIN (YoY)",
      "detail": "YoY Incr OPM: +95.6% vs year-ago OPM: +68.5%",
      "severity": "HIGH"
    },
    {
      "quarter": "2024-03 (Q1)",
      "signal": "FCF MARGIN EXPANSION",
      "detail": "FCF margin: +56.2% -> +88.5% (+32.3%)",
      "severity": "MEDIUM"
    },
    {
      "quarter": "2024-03 (Q1)",
      "signal": "INCREMENTAL MARGIN (YoY)",
      "detail": "YoY Incr OPM: +82.3% vs year-ago OPM: +63.2%",
      "severity": "MEDIUM"
    },
    {
      "quarter": "2023-09 (Q3)",
      "signal": "FCF MARGIN EXPANSION",
      "detail": "FCF margin: +58.5% -> +93.4% (+34.9%)",
      "severity": "MEDIUM"
    },
    {
      "quarter": "2023-09 (Q3)",
      "signal": "INCREMENTAL MARGIN (YoY)",
      "detail": "YoY Incr OPM: +191.4% vs year-ago OPM: +64.8%",
      "severity": "HIGH"
    },
    {
      "quarter": "2023-06 (Q2)",
      "signal": "INCREMENTAL MARGIN (YoY)",
      "detail": "YoY Incr OPM: +235.1% vs year-ago OPM: +58.1%",
      "severity": "HIGH"
    },
    {
      "quarter": "2023-03 (Q1)",
      "signal": "FCF MARGIN EXPANSION",
      "detail": "FCF margin: +57.0% -> +88.6% (+31.6%)",
      "severity": "MEDIUM"
    },
    {
      "quarter": "2023-03 (Q1)",
      "signal": "INCREMENTAL MARGIN (YoY)",
      "detail": "YoY Incr OPM: +79.5% vs year-ago OPM: +62.0%",
      "severity": "MEDIUM"
    },
    {
      "quarter": "2022-12 (Q4)",
      "signal": "INCREMENTAL MARGIN (YoY)",
      "detail": "YoY Incr OPM: +125.2% vs year-ago OPM: +61.0%",
      "severity": "HIGH"
    },
    {
      "quarter": "2022-09 (Q3)",
      "signal": "FCF MARGIN EXPANSION",
      "detail": "FCF margin: +58.2% -> +98.2% (+40.0%)",
      "severity": "MEDIUM"
    },
    {
      "quarter": "2022-03 (Q1)",
      "signal": "FCF MARGIN EXPANSION",
      "detail": "FCF margin: +61.6% -> +86.4% (+24.8%)",
      "severity": "MEDIUM"
    },
    {
      "quarter": "2021-09 (Q3)",
      "signal": "FCF MARGIN EXPANSION",
      "detail": "FCF margin: +66.8% -> +95.6% (+28.8%)",
      "severity": "MEDIUM"
    }
  ],
  "data_quality": {
    "n_quarters": 20,
    "coverage": {
      "revenue": [
        20,
        20
      ],
      "gross_profit": [
        0,
        20
      ],
      "op_income": [
        20,
        20
      ],
      "fcf": [
        20,
        20
      ]
    },
    "gaps": [],
    "warnings": [
      "gross_profit: no data"
    ]
  },
  "market_cap": null,
  "source": "SEC EDGAR",
  "last_updated": "2026-02-24T10:59:01.478927"
}