{
  "ticker": "NOC",
  "name": "NORTHROP GRUMMAN CORP /DE/",
  "quarters": [
    {
      "date": "2021-03-31T00:00:00",
      "quarter_label": "2021-03 (Q1)",
      "revenue": 9157000000,
      "gross_profit": null,
      "operating_income": 2822000000,
      "net_income": 2195000000,
      "opex": 8315000000,
      "cogs": null,
      "rd": null,
      "sga": null,
      "fcf": -271000000,
      "ocf": -66000000,
      "capex": -205000000,
      "gross_margin": null,
      "op_margin": 0.3081795347821339,
      "fcf_margin": -0.02959484547340832
    },
    {
      "date": "2021-06-30T00:00:00",
      "quarter_label": "2021-06 (Q2)",
      "revenue": 9151000000,
      "gross_profit": null,
      "operating_income": 1044000000,
      "net_income": 1037000000,
      "opex": 8107000000,
      "cogs": null,
      "rd": null,
      "sga": null,
      "fcf": 798000000,
      "ocf": 1028000000,
      "capex": -230000000,
      "gross_margin": null,
      "op_margin": 0.11408589225221287,
      "fcf_margin": 0.08720358430772593,
      "fcf_margin_change": 0.11679842978113425
    },
    {
      "date": "2021-09-30T00:00:00",
      "quarter_label": "2021-09 (Q3)",
      "revenue": 8720000000,
      "gross_profit": null,
      "operating_income": 1043000000,
      "net_income": 1063000000,
      "opex": 7677000000,
      "cogs": null,
      "rd": null,
      "sga": null,
      "fcf": 916000000,
      "ocf": 1163000000,
      "capex": -247000000,
      "gross_margin": null,
      "op_margin": 0.11961009174311926,
      "fcf_margin": 0.10504587155963303,
      "fcf_margin_change": 0.017842287251907105
    },
    {
      "date": "2021-12-31T00:00:00",
      "quarter_label": "2021-12 (Q4)",
      "revenue": 8639000000,
      "gross_profit": null,
      "operating_income": 742000000,
      "net_income": 2710000000,
      "opex": 7897000000,
      "cogs": null,
      "rd": null,
      "sga": null,
      "fcf": 709000000,
      "ocf": 1442000000,
      "capex": -733000000,
      "gross_margin": null,
      "op_margin": 0.08588957055214724,
      "fcf_margin": 0.08206968399120268,
      "fcf_margin_change": -0.022976187568430353
    },
    {
      "date": "2022-03-31T00:00:00",
      "quarter_label": "2022-03 (Q1)",
      "revenue": 8797000000,
      "gross_profit": null,
      "operating_income": 897000000,
      "net_income": 955000000,
      "opex": 7900000000,
      "cogs": null,
      "rd": null,
      "sga": null,
      "fcf": -732000000,
      "ocf": -488000000,
      "capex": -244000000,
      "gross_margin": null,
      "op_margin": 0.101966579515744,
      "fcf_margin": -0.08321018529043993,
      "incr_op_margin_yoy": 5.347222222222222,
      "rev_growth_yoy": -0.0393141858687343,
      "op_leverage_ratio": Infinity,
      "fcf_margin_change": -0.16527986928164262
    },
    {
      "date": "2022-06-30T00:00:00",
      "quarter_label": "2022-06 (Q2)",
      "revenue": 8801000000,
      "gross_profit": null,
      "operating_income": 954000000,
      "net_income": 946000000,
      "opex": 7847000000,
      "cogs": null,
      "rd": null,
      "sga": null,
      "fcf": -460000000,
      "ocf": -197000000,
      "capex": -263000000,
      "gross_margin": null,
      "op_margin": 0.1083967730939666,
      "fcf_margin": -0.05226678786501534,
      "incr_op_margin_yoy": 0.2571428571428571,
      "rev_growth_yoy": -0.038247186099879794,
      "rev_growth_yoy_accel": 0.0010669997688545069,
      "fcf_margin_change": 0.03094339742542459
    },
    {
      "date": "2022-09-30T00:00:00",
      "quarter_label": "2022-09 (Q3)",
      "revenue": 8971000000,
      "gross_profit": null,
      "operating_income": 844000000,
      "net_income": 915000000,
      "opex": 8127000000,
      "cogs": null,
      "rd": null,
      "sga": null,
      "fcf": 1039000000,
      "ocf": 1335000000,
      "capex": -296000000,
      "gross_margin": null,
      "op_margin": 0.09408092743283915,
      "fcf_margin": 0.115817634600379,
      "incr_op_margin_yoy": -0.7928286852589641,
      "rev_growth_yoy": 0.028784403669724772,
      "rev_growth_yoy_accel": 0.06703158976960456,
      "op_leverage_ratio": 0.5413305306215203,
      "fcf_margin_change": 0.16808442246539435
    },
    {
      "date": "2022-12-31T00:00:00",
      "quarter_label": "2022-12 (Q4)",
      "revenue": 10033000000,
      "gross_profit": null,
      "operating_income": 906000000,
      "net_income": 2080000000,
      "opex": 9127000000,
      "cogs": null,
      "rd": null,
      "sga": null,
      "fcf": 1619000000,
      "ocf": 2251000000,
      "capex": -632000000,
      "gross_margin": null,
      "op_margin": 0.0903020033888169,
      "fcf_margin": 0.16136748729193662,
      "incr_op_margin_yoy": 0.11764705882352941,
      "rev_growth_yoy": 0.16136126866535477,
      "rev_growth_yoy_accel": 0.13257686499563,
      "op_leverage_ratio": 0.9620860550663249,
      "fcf_margin_change": 0.04554985269155762
    },
    {
      "date": "2023-03-31T00:00:00",
      "quarter_label": "2023-03 (Q1)",
      "revenue": 9301000000,
      "gross_profit": null,
      "operating_income": 947000000,
      "net_income": 842000000,
      "opex": 8354000000,
      "cogs": null,
      "rd": null,
      "sga": null,
      "fcf": -1011000000,
      "ocf": -702000000,
      "capex": -309000000,
      "gross_margin": null,
      "op_margin": 0.10181700892377164,
      "fcf_margin": -0.10869798946349855,
      "incr_op_margin_yoy": 0.0992063492063492,
      "rev_growth_yoy": 0.05729225872456519,
      "rev_growth_yoy_accel": -0.10406900994078958,
      "fcf_margin_change": -0.2700654767554352
    },
    {
      "date": "2023-06-30T00:00:00",
      "quarter_label": "2023-06 (Q2)",
      "revenue": 9576000000,
      "gross_profit": null,
      "operating_income": 967000000,
      "net_income": 812000000,
      "opex": 8609000000,
      "cogs": null,
      "rd": null,
      "sga": null,
      "fcf": 615000000,
      "ocf": 919000000,
      "capex": -304000000,
      "gross_margin": null,
      "op_margin": 0.10098162071846283,
      "fcf_margin": 0.06422305764411028,
      "incr_op_margin_yoy": 0.016774193548387096,
      "rev_growth_yoy": 0.0880581752073628,
      "rev_growth_yoy_accel": 0.030765916482797605,
      "op_leverage_ratio": 0.9686287158665208,
      "fcf_margin_change": 0.17292104710760883
    },
    {
      "date": "2023-09-30T00:00:00",
      "quarter_label": "2023-09 (Q3)",
      "revenue": 9775000000,
      "gross_profit": null,
      "operating_income": 1016000000,
      "net_income": 937000000,
      "opex": 8759000000,
      "cogs": null,
      "rd": null,
      "sga": null,
      "fcf": 869000000,
      "ocf": 1228000000,
      "capex": -359000000,
      "gross_margin": null,
      "op_margin": 0.1039386189258312,
      "fcf_margin": 0.0889002557544757,
      "incr_op_margin_yoy": 0.21393034825870647,
      "rev_growth_yoy": 0.08962211570616431,
      "rev_growth_yoy_accel": 0.0015639404988015138,
      "op_leverage_ratio": 1.1926977165135058,
      "fcf_margin_change": 0.024677198110365423
    },
    {
      "date": "2023-12-31T00:00:00",
      "quarter_label": "2023-12 (Q4)",
      "revenue": 10638000000,
      "gross_profit": null,
      "operating_income": -393000000,
      "net_income": -535000000,
      "opex": 11031000000,
      "cogs": null,
      "rd": null,
      "sga": null,
      "fcf": 1627000000,
      "ocf": 2430000000,
      "capex": -803000000,
      "gross_margin": null,
      "op_margin": -0.03694303440496334,
      "fcf_margin": 0.15294228238390675,
      "incr_op_margin_yoy": -2.147107438016529,
      "rev_growth_yoy": 0.060301006677962725,
      "rev_growth_yoy_accel": -0.029321109028201585,
      "op_leverage_ratio": 0.34036134325132383,
      "fcf_margin_change": 0.06404202662943105
    },
    {
      "date": "2024-03-31T00:00:00",
      "quarter_label": "2024-03 (Q1)",
      "revenue": 10133000000,
      "gross_profit": null,
      "operating_income": 1071000000,
      "net_income": 944000000,
      "opex": 9062000000,
      "cogs": null,
      "rd": null,
      "sga": null,
      "fcf": -976000000,
      "ocf": -706000000,
      "capex": -270000000,
      "gross_margin": null,
      "op_margin": 0.10569426625875851,
      "fcf_margin": -0.09631895786045594,
      "incr_op_margin_yoy": 0.14903846153846154,
      "rev_growth_yoy": 0.08945274701644984,
      "rev_growth_yoy_accel": 0.029151740338487116,
      "fcf_margin_change": -0.2492612402443627
    },
    {
      "date": "2024-06-30T00:00:00",
      "quarter_label": "2024-06 (Q2)",
      "revenue": 10218000000,
      "gross_profit": null,
      "operating_income": 1090000000,
      "net_income": 940000000,
      "opex": 9128000000,
      "cogs": null,
      "rd": null,
      "sga": null,
      "fcf": 1105000000,
      "ocf": 1425000000,
      "capex": -320000000,
      "gross_margin": null,
      "op_margin": 0.10667449598747308,
      "fcf_margin": 0.10814249363867684,
      "incr_op_margin_yoy": 0.19158878504672897,
      "rev_growth_yoy": 0.06704260651629072,
      "rev_growth_yoy_accel": -0.022410140500159118,
      "fcf_margin_change": 0.20446145149913278
    },
    {
      "date": "2024-09-30T00:00:00",
      "quarter_label": "2024-09 (Q3)",
      "revenue": 9996000000,
      "gross_profit": null,
      "operating_income": 1120000000,
      "net_income": 1026000000,
      "opex": 8876000000,
      "cogs": null,
      "rd": null,
      "sga": null,
      "fcf": 730000000,
      "ocf": 1091000000,
      "capex": -361000000,
      "gross_margin": null,
      "op_margin": 0.11204481792717087,
      "fcf_margin": 0.07302921168467387,
      "incr_op_margin_yoy": 0.47058823529411764,
      "rev_growth_yoy": 0.022608695652173914,
      "rev_growth_yoy_accel": -0.04443391086411681,
      "fcf_margin_change": -0.03511328195400297
    },
    {
      "date": "2024-12-31T00:00:00",
      "quarter_label": "2024-12 (Q4)",
      "revenue": 10686000000,
      "gross_profit": null,
      "operating_income": 1089000000,
      "net_income": 1264000000,
      "opex": 9597000000,
      "cogs": null,
      "rd": null,
      "sga": null,
      "fcf": 1762000000,
      "ocf": 2578000000,
      "capex": -816000000,
      "gross_margin": null,
      "op_margin": 0.10190903986524424,
      "fcf_margin": 0.16488863934119408,
      "incr_op_margin_yoy": 30.875,
      "rev_growth_yoy": 0.0045121263395375075,
      "rev_growth_yoy_accel": -0.018096569312636406,
      "op_leverage_ratio": 0.8497768039254537,
      "fcf_margin_change": 0.0918594276565202
    },
    {
      "date": "2025-03-31T00:00:00",
      "quarter_label": "2025-03 (Q1)",
      "revenue": 9468000000,
      "gross_profit": null,
      "operating_income": 573000000,
      "net_income": 481000000,
      "opex": 8895000000,
      "cogs": null,
      "rd": null,
      "sga": null,
      "fcf": -1821000000,
      "ocf": -1565000000,
      "capex": -256000000,
      "gross_margin": null,
      "op_margin": 0.06051964512040558,
      "fcf_margin": -0.19233206590621038,
      "incr_op_margin_yoy": 0.7488721804511278,
      "rev_growth_yoy": -0.06562715878811803,
      "rev_growth_yoy_accel": -0.07013928512765555,
      "fcf_margin_change": -0.35722070524740446
    },
    {
      "date": "2025-06-30T00:00:00",
      "quarter_label": "2025-06 (Q2)",
      "revenue": 10351000000,
      "gross_profit": null,
      "operating_income": 1425000000,
      "net_income": 1174000000,
      "opex": 9157000000,
      "cogs": null,
      "rd": null,
      "sga": null,
      "fcf": 637000000,
      "ocf": 868000000,
      "capex": -231000000,
      "gross_margin": null,
      "op_margin": 0.13766785817795382,
      "fcf_margin": 0.06153994783112743,
      "incr_op_margin_yoy": 2.518796992481203,
      "rev_growth_yoy": 0.013016245840673322,
      "rev_growth_yoy_accel": 0.07864340462879135,
      "op_leverage_ratio": 3.1662639441171065,
      "fcf_margin_change": 0.2538720137373378
    },
    {
      "date": "2025-09-30T00:00:00",
      "quarter_label": "2025-09 (Q3)",
      "revenue": 10423000000,
      "gross_profit": null,
      "operating_income": 1242000000,
      "net_income": 1100000000,
      "opex": 9181000000,
      "cogs": null,
      "rd": null,
      "sga": null,
      "fcf": 1256000000,
      "ocf": 1557000000,
      "capex": -301000000,
      "gross_margin": null,
      "op_margin": 0.11915955099299626,
      "fcf_margin": 0.12050273433752279,
      "incr_op_margin_yoy": 0.2857142857142857,
      "rev_growth_yoy": 0.042717086834733894,
      "rev_growth_yoy_accel": 0.029700840994060573,
      "fcf_margin_change": 0.05896278650639536
    },
    {
      "date": "2025-12-31T00:00:00",
      "quarter_label": "2025-12 (Q4)",
      "revenue": 11712000000,
      "gross_profit": null,
      "operating_income": 1271000000,
      "net_income": 1427000000,
      "opex": 10441000000,
      "cogs": null,
      "rd": null,
      "sga": null,
      "fcf": 3235000000,
      "ocf": 3897000000,
      "capex": -662000000,
      "gross_margin": null,
      "op_margin": 0.10852117486338798,
      "fcf_margin": 0.27621243169398907,
      "incr_op_margin_yoy": 0.17738791423001948,
      "rev_growth_yoy": 0.09601347557551937,
      "rev_growth_yoy_accel": 0.053296388740785475,
      "op_leverage_ratio": 0.9011137609285935,
      "fcf_margin_change": 0.15570969735646628
    }
  ],
  "signals": [
    {
      "quarter": "2025-12 (Q4)",
      "signal": "FCF MARGIN EXPANSION",
      "detail": "FCF margin: +12.1% -> +27.6% (+15.6%)",
      "severity": "MEDIUM"
    },
    {
      "quarter": "2025-12 (Q4)",
      "signal": "YoY REVENUE GROWTH ACCELERATION",
      "detail": "YoY growth: +9.6% vs prior quarter YoY: +4.3% (accel: +5.3%)",
      "severity": "MEDIUM"
    },
    {
      "quarter": "2025-09 (Q3)",
      "signal": "FCF MARGIN EXPANSION",
      "detail": "FCF margin: +6.2% -> +12.1% (+5.9%)",
      "severity": "MEDIUM"
    },
    {
      "quarter": "2025-09 (Q3)",
      "signal": "INCREMENTAL MARGIN (YoY)",
      "detail": "YoY Incr OPM: +28.6% vs year-ago OPM: +11.2%",
      "severity": "MEDIUM"
    },
    {
      "quarter": "2025-06 (Q2)",
      "signal": "FCF TURNED POSITIVE",
      "detail": "FCF margin: -19.2% -> +6.2%",
      "severity": "HIGH"
    },
    {
      "quarter": "2025-06 (Q2)",
      "signal": "OPERATING LEVERAGE",
      "detail": "Rev growth +9.3% vs OpEx growth +2.9% (leverage: 3.2x)",
      "severity": "MEDIUM"
    },
    {
      "quarter": "2025-06 (Q2)",
      "signal": "YoY REVENUE GROWTH ACCELERATION",
      "detail": "YoY growth: +1.3% vs prior quarter YoY: -6.6% (accel: +7.9%)",
      "severity": "MEDIUM"
    },
    {
      "quarter": "2025-06 (Q2)",
      "signal": "INCREMENTAL MARGIN (YoY)",
      "detail": "YoY Incr OPM: +251.9% vs year-ago OPM: +10.7%",
      "severity": "HIGH"
    },
    {
      "quarter": "2025-03 (Q1)",
      "signal": "YoY REVENUE GROWTH DECELERATION",
      "detail": "YoY growth: -6.6% vs prior quarter YoY: +0.5% (decel: -7.0%)",
      "severity": "WARNING"
    },
    {
      "quarter": "2025-03 (Q1)",
      "signal": "INCREMENTAL MARGIN (YoY)",
      "detail": "YoY Incr OPM: +74.9% vs year-ago OPM: +10.6%",
      "severity": "HIGH"
    },
    {
      "quarter": "2024-12 (Q4)",
      "signal": "FCF MARGIN EXPANSION",
      "detail": "FCF margin: +7.3% -> +16.5% (+9.2%)",
      "severity": "MEDIUM"
    },
    {
      "quarter": "2024-12 (Q4)",
      "signal": "OP MARGIN TURNED POSITIVE (YoY)",
      "detail": "Op margin: -3.7% (year-ago) -> +10.2%",
      "severity": "HIGH"
    },
    {
      "quarter": "2024-09 (Q3)",
      "signal": "INCREMENTAL MARGIN (YoY)",
      "detail": "YoY Incr OPM: +47.1% vs year-ago OPM: +10.4%",
      "severity": "HIGH"
    },
    {
      "quarter": "2024-06 (Q2)",
      "signal": "FCF TURNED POSITIVE",
      "detail": "FCF margin: -9.6% -> +10.8%",
      "severity": "HIGH"
    },
    {
      "quarter": "2024-03 (Q1)",
      "signal": "OP MARGIN TURNED POSITIVE (QoQ)",
      "detail": "Op margin: -3.7% -> +10.6%",
      "severity": "HIGH"
    },
    {
      "quarter": "2023-12 (Q4)",
      "signal": "FCF MARGIN EXPANSION",
      "detail": "FCF margin: +8.9% -> +15.3% (+6.4%)",
      "severity": "MEDIUM"
    },
    {
      "quarter": "2023-09 (Q3)",
      "signal": "INCREMENTAL MARGIN (YoY)",
      "detail": "YoY Incr OPM: +21.4% vs year-ago OPM: +9.4%",
      "severity": "MEDIUM"
    },
    {
      "quarter": "2023-06 (Q2)",
      "signal": "FCF TURNED POSITIVE",
      "detail": "FCF margin: -10.9% -> +6.4%",
      "severity": "HIGH"
    },
    {
      "quarter": "2023-03 (Q1)",
      "signal": "YoY REVENUE GROWTH DECELERATION",
      "detail": "YoY growth: +5.7% vs prior quarter YoY: +16.1% (decel: -10.4%)",
      "severity": "WARNING"
    },
    {
      "quarter": "2022-12 (Q4)",
      "signal": "YoY REVENUE GROWTH ACCELERATION",
      "detail": "YoY growth: +16.1% vs prior quarter YoY: +2.9% (accel: +13.3%)",
      "severity": "MEDIUM"
    },
    {
      "quarter": "2022-09 (Q3)",
      "signal": "FCF TURNED POSITIVE",
      "detail": "FCF margin: -5.2% -> +11.6%",
      "severity": "HIGH"
    },
    {
      "quarter": "2022-09 (Q3)",
      "signal": "YoY REVENUE GROWTH ACCELERATION",
      "detail": "YoY growth: +2.9% vs prior quarter YoY: -3.8% (accel: +6.7%)",
      "severity": "MEDIUM"
    },
    {
      "quarter": "2022-06 (Q2)",
      "signal": "INCREMENTAL MARGIN (YoY)",
      "detail": "YoY Incr OPM: +25.7% vs year-ago OPM: +11.4%",
      "severity": "MEDIUM"
    },
    {
      "quarter": "2022-03 (Q1)",
      "signal": "OPERATING LEVERAGE",
      "detail": "Rev growth +1.8% vs OpEx growth +0.0% (leverage: 48.1x)",
      "severity": "MEDIUM"
    },
    {
      "quarter": "2022-03 (Q1)",
      "signal": "INCREMENTAL MARGIN (YoY)",
      "detail": "YoY Incr OPM: +534.7% vs year-ago OPM: +30.8%",
      "severity": "HIGH"
    },
    {
      "quarter": "2021-06 (Q2)",
      "signal": "FCF TURNED POSITIVE",
      "detail": "FCF margin: -3.0% -> +8.7%",
      "severity": "HIGH"
    }
  ],
  "data_quality": {
    "n_quarters": 20,
    "coverage": {
      "revenue": [
        20,
        20
      ],
      "gross_profit": [
        0,
        20
      ],
      "op_income": [
        20,
        20
      ],
      "fcf": [
        20,
        20
      ]
    },
    "gaps": [],
    "warnings": [
      "gross_profit: no data"
    ]
  },
  "market_cap": null,
  "source": "SEC EDGAR",
  "last_updated": "2026-02-02T19:50:30.164484"
}