{
  "ticker": "NODK",
  "name": "NI Holdings, Inc.",
  "quarters": [
    {
      "date": "2020-12-31T00:00:00",
      "quarter_label": "2020-12 (Q4)",
      "revenue": 83650000,
      "gross_profit": 37690000,
      "operating_income": null,
      "net_income": 21579000,
      "opex": 54991000,
      "cogs": null,
      "rd": null,
      "sga": null,
      "fcf": 19939000,
      "ocf": 20066000,
      "capex": -127000,
      "gross_margin": 0.45056784219964136,
      "op_margin": null,
      "fcf_margin": 0.23836222355050807
    },
    {
      "date": "2021-03-31T00:00:00",
      "quarter_label": "2021-03 (Q1)",
      "revenue": 70799000,
      "gross_profit": 26246000,
      "operating_income": null,
      "net_income": 9669000,
      "opex": 58127000,
      "cogs": null,
      "rd": null,
      "sga": null,
      "fcf": 10677000,
      "ocf": 10794000,
      "capex": -117000,
      "gross_margin": 0.3707114507267052,
      "op_margin": null,
      "fcf_margin": 0.15080721479116938,
      "fcf_margin_change": -0.08755500875933869
    },
    {
      "date": "2021-06-30T00:00:00",
      "quarter_label": "2021-06 (Q2)",
      "revenue": 83212000,
      "gross_profit": 13363000,
      "operating_income": null,
      "net_income": -2644000,
      "opex": 86507000,
      "cogs": null,
      "rd": null,
      "sga": null,
      "fcf": 10614000,
      "ocf": 10914000,
      "capex": -300000,
      "gross_margin": 0.16058981877613807,
      "op_margin": null,
      "fcf_margin": 0.12755371821371916,
      "op_leverage_ratio": 0.35909978890800454,
      "fcf_margin_change": -0.02325349657745021
    },
    {
      "date": "2021-09-30T00:00:00",
      "quarter_label": "2021-09 (Q3)",
      "revenue": 84609000,
      "gross_profit": 16431000,
      "operating_income": null,
      "net_income": -4737000,
      "opex": 91090000,
      "cogs": null,
      "rd": null,
      "sga": null,
      "fcf": -12359000,
      "ocf": -12219000,
      "capex": -140000,
      "gross_margin": 0.1941991986668085,
      "op_margin": null,
      "fcf_margin": -0.14607193088205747,
      "op_leverage_ratio": 0.31689241171628546,
      "fcf_margin_change": -0.27362564909577664
    },
    {
      "date": "2021-12-31T00:00:00",
      "quarter_label": "2021-12 (Q4)",
      "revenue": 85354000,
      "gross_profit": 27170000,
      "operating_income": null,
      "net_income": 6128000,
      "opex": 76944000,
      "cogs": null,
      "rd": null,
      "sga": null,
      "fcf": 19497000,
      "ocf": 19679000,
      "capex": -182000,
      "gross_margin": 0.31832134404948803,
      "op_margin": null,
      "fcf_margin": 0.22842514703470254,
      "rev_growth_yoy": 0.02037059175134489,
      "fcf_margin_change": 0.37449707791676
    },
    {
      "date": "2022-03-31T00:00:00",
      "quarter_label": "2022-03 (Q1)",
      "revenue": 66140000,
      "gross_profit": 29458000,
      "operating_income": null,
      "net_income": 1909000,
      "opex": 63533000,
      "cogs": null,
      "rd": null,
      "sga": null,
      "fcf": 3278000,
      "ocf": 3849000,
      "capex": -571000,
      "gross_margin": 0.445388569700635,
      "op_margin": null,
      "fcf_margin": 0.049561536135470215,
      "rev_growth_yoy": -0.06580601420924025,
      "rev_growth_yoy_accel": -0.08617660596058513,
      "fcf_margin_change": -0.17886361089923233
    },
    {
      "date": "2022-06-30T00:00:00",
      "quarter_label": "2022-06 (Q2)",
      "revenue": 75790000,
      "gross_profit": -24099000,
      "operating_income": null,
      "net_income": -45910000,
      "opex": 134841000,
      "cogs": null,
      "rd": null,
      "sga": null,
      "fcf": 9585000,
      "ocf": 9798000,
      "capex": -213000,
      "gross_margin": -0.31797070853674625,
      "op_margin": null,
      "fcf_margin": 0.1264678717508906,
      "rev_growth_yoy": -0.08919386626928809,
      "rev_growth_yoy_accel": -0.023387852060047842,
      "op_leverage_ratio": 0.1299942761197654,
      "fcf_margin_change": 0.0769063356154204
    },
    {
      "date": "2022-09-30T00:00:00",
      "quarter_label": "2022-09 (Q3)",
      "revenue": 89175000,
      "gross_profit": 10615000,
      "operating_income": null,
      "net_income": -9985000,
      "opex": 102418000,
      "cogs": null,
      "rd": null,
      "sga": null,
      "fcf": -38595000,
      "ocf": -38327000,
      "capex": -268000,
      "gross_margin": 0.11903560414914494,
      "op_margin": null,
      "fcf_margin": -0.43280067283431456,
      "rev_growth_yoy": 0.05396589015352977,
      "rev_growth_yoy_accel": 0.14315975642281786,
      "op_leverage_ratio": Infinity,
      "fcf_margin_change": -0.5592685445852051
    },
    {
      "date": "2022-12-31T00:00:00",
      "quarter_label": "2022-12 (Q4)",
      "revenue": 93332000,
      "gross_profit": 17884000,
      "operating_income": null,
      "net_income": 890000,
      "opex": 92674000,
      "cogs": null,
      "rd": null,
      "sga": null,
      "fcf": 9560000,
      "ocf": 9386000,
      "capex": 174000,
      "gross_margin": 0.19161702310033,
      "op_margin": null,
      "fcf_margin": 0.10243003471478164,
      "rev_growth_yoy": 0.09346955034327624,
      "rev_growth_yoy_accel": 0.03950366018974647,
      "op_leverage_ratio": Infinity,
      "fcf_margin_change": 0.5352307075490962
    },
    {
      "date": "2023-03-31T00:00:00",
      "quarter_label": "2023-03 (Q1)",
      "revenue": 81556000,
      "gross_profit": 18802000,
      "operating_income": null,
      "net_income": -4210000,
      "opex": 87069000,
      "cogs": null,
      "rd": null,
      "sga": null,
      "fcf": -4644000,
      "ocf": -4351000,
      "capex": -293000,
      "gross_margin": 0.23054097797832165,
      "op_margin": null,
      "fcf_margin": -0.05694246897837069,
      "rev_growth_yoy": 0.23308134260659208,
      "rev_growth_yoy_accel": 0.13961179226331583,
      "fcf_margin_change": -0.15937250369315234
    },
    {
      "date": "2023-06-30T00:00:00",
      "quarter_label": "2023-06 (Q2)",
      "revenue": 96976000,
      "gross_profit": 16640000,
      "operating_income": null,
      "net_income": -8122000,
      "opex": 107380000,
      "cogs": null,
      "rd": null,
      "sga": null,
      "fcf": 23883000,
      "ocf": 24238000,
      "capex": -355000,
      "gross_margin": 0.17158884672496288,
      "op_margin": null,
      "fcf_margin": 0.24627742946708464,
      "rev_growth_yoy": 0.2795355587808418,
      "rev_growth_yoy_accel": 0.04645421617424972,
      "op_leverage_ratio": 0.8105143473062252,
      "fcf_margin_change": 0.3032198984454553
    },
    {
      "date": "2023-09-30T00:00:00",
      "quarter_label": "2023-09 (Q3)",
      "revenue": 92749000,
      "gross_profit": 27206000,
      "operating_income": null,
      "net_income": 231000,
      "opex": 77010000,
      "cogs": null,
      "rd": null,
      "sga": null,
      "fcf": -10543000,
      "ocf": -10429000,
      "capex": -114000,
      "gross_margin": 0.29332930813270225,
      "op_margin": null,
      "fcf_margin": -0.1136723846079203,
      "rev_growth_yoy": 0.04007849733669751,
      "rev_growth_yoy_accel": -0.2394570614441443,
      "fcf_margin_change": -0.3599498140750049
    },
    {
      "date": "2023-12-31T00:00:00",
      "quarter_label": "2023-12 (Q4)",
      "revenue": 94414000,
      "gross_profit": 44077000,
      "operating_income": null,
      "net_income": 6625000,
      "opex": 144682000,
      "cogs": null,
      "rd": null,
      "sga": null,
      "fcf": 41671000,
      "ocf": 41570000,
      "capex": 101000,
      "gross_margin": 0.4668481369288453,
      "op_margin": null,
      "fcf_margin": 0.4413646281271845,
      "rev_growth_yoy": 0.011593022757467963,
      "rev_growth_yoy_accel": -0.028485474579229543,
      "op_leverage_ratio": 0.020428812078583422,
      "fcf_margin_change": 0.5550370127351049
    },
    {
      "date": "2024-03-31T00:00:00",
      "quarter_label": "2024-03 (Q1)",
      "revenue": 91350000,
      "gross_profit": 33348000,
      "operating_income": null,
      "net_income": 6419000,
      "opex": 83170000,
      "cogs": null,
      "rd": null,
      "sga": null,
      "fcf": 16611000,
      "ocf": 16663000,
      "capex": -52000,
      "gross_margin": 0.3650574712643678,
      "op_margin": null,
      "fcf_margin": 0.18183908045977012,
      "rev_growth_yoy": 0.12008926381872578,
      "rev_growth_yoy_accel": 0.10849624106125783,
      "fcf_margin_change": -0.2595255476674144
    },
    {
      "date": "2024-06-30T00:00:00",
      "quarter_label": "2024-06 (Q2)",
      "revenue": 87807000,
      "gross_profit": 15811000,
      "operating_income": null,
      "net_income": -16236000,
      "opex": 96877000,
      "cogs": null,
      "rd": null,
      "sga": null,
      "fcf": 17519000,
      "ocf": 18097000,
      "capex": -578000,
      "gross_margin": 0.1800653706424317,
      "op_margin": null,
      "fcf_margin": 0.1995171227806439,
      "rev_growth_yoy": -0.09454916680415773,
      "rev_growth_yoy_accel": -0.2146384306228835,
      "fcf_margin_change": 0.017678042320873777
    },
    {
      "date": "2024-09-30T00:00:00",
      "quarter_label": "2024-09 (Q3)",
      "revenue": 88984000,
      "gross_profit": 18170000,
      "operating_income": null,
      "net_income": -2705000,
      "opex": 92440000,
      "cogs": null,
      "rd": null,
      "sga": null,
      "fcf": -18127000,
      "ocf": -17980000,
      "capex": -147000,
      "gross_margin": 0.2041940124067248,
      "op_margin": null,
      "fcf_margin": -0.2037107794659714,
      "rev_growth_yoy": -0.040593429578755565,
      "rev_growth_yoy_accel": 0.053955737225402166,
      "op_leverage_ratio": Infinity,
      "fcf_margin_change": -0.4032279022466153
    },
    {
      "date": "2024-12-31T00:00:00",
      "quarter_label": "2024-12 (Q4)",
      "revenue": 73914000,
      "gross_profit": 38924000,
      "operating_income": null,
      "net_income": 9848000,
      "opex": 60076000,
      "cogs": null,
      "rd": null,
      "sga": null,
      "fcf": 21512000,
      "ocf": 21726000,
      "capex": -214000,
      "gross_margin": 0.5266120085504776,
      "op_margin": null,
      "fcf_margin": 0.2910409394701951,
      "rev_growth_yoy": -0.21712881564174805,
      "rev_growth_yoy_accel": -0.1765353860629925,
      "fcf_margin_change": 0.49475171893616654
    },
    {
      "date": "2025-03-31T00:00:00",
      "quarter_label": "2025-03 (Q1)",
      "revenue": 71434000,
      "gross_profit": 28972000,
      "operating_income": null,
      "net_income": 6460000,
      "opex": 63685000,
      "cogs": null,
      "rd": null,
      "sga": null,
      "fcf": 9868000,
      "ocf": 9888000,
      "capex": -20000,
      "gross_margin": 0.40557717613461375,
      "op_margin": null,
      "fcf_margin": 0.13814150124590532,
      "rev_growth_yoy": -0.21801860974274767,
      "rev_growth_yoy_accel": -0.0008897941009996246,
      "fcf_margin_change": -0.15289943822428978
    },
    {
      "date": "2025-06-30T00:00:00",
      "quarter_label": "2025-06 (Q2)",
      "revenue": 76057000,
      "gross_profit": 6398000,
      "operating_income": null,
      "net_income": -12051000,
      "opex": 91381000,
      "cogs": null,
      "rd": null,
      "sga": null,
      "fcf": 6239000,
      "ocf": 6401000,
      "capex": -162000,
      "gross_margin": 0.08412111968655088,
      "op_margin": null,
      "fcf_margin": 0.08203058232641308,
      "rev_growth_yoy": -0.1338162105526894,
      "rev_growth_yoy_accel": 0.08420239919005826,
      "op_leverage_ratio": 0.14881236768639897,
      "fcf_margin_change": -0.05611091891949224
    },
    {
      "date": "2025-09-30T00:00:00",
      "quarter_label": "2025-09 (Q3)",
      "revenue": 76568000,
      "gross_profit": 15708000,
      "operating_income": null,
      "net_income": -1666000,
      "opex": 78426000,
      "cogs": null,
      "rd": null,
      "sga": null,
      "fcf": -44835000,
      "ocf": -44800000,
      "capex": -35000,
      "gross_margin": 0.20515097690941386,
      "op_margin": null,
      "fcf_margin": -0.5855579354299446,
      "rev_growth_yoy": -0.1395307021487009,
      "rev_growth_yoy_accel": -0.005714491596011478,
      "fcf_margin_change": -0.6675885177563576
    }
  ],
  "signals": [
    {
      "quarter": "2025-09 (Q3)",
      "signal": "GROSS MARGIN INFLECTION",
      "detail": "GM: +40.6% -> +8.4% -> +20.5% (reversal +12.1%)",
      "severity": "HIGH"
    },
    {
      "quarter": "2025-06 (Q2)",
      "signal": "YoY REVENUE GROWTH ACCELERATION",
      "detail": "YoY growth: -13.4% vs prior quarter YoY: -21.8% (accel: +8.4%)",
      "severity": "MEDIUM"
    },
    {
      "quarter": "2024-12 (Q4)",
      "signal": "FCF TURNED POSITIVE",
      "detail": "FCF margin: -20.4% -> +29.1%",
      "severity": "HIGH"
    },
    {
      "quarter": "2024-12 (Q4)",
      "signal": "YoY REVENUE GROWTH DECELERATION",
      "detail": "YoY growth: -21.7% vs prior quarter YoY: -4.1% (decel: -17.7%)",
      "severity": "WARNING"
    },
    {
      "quarter": "2024-09 (Q3)",
      "signal": "GROSS MARGIN INFLECTION",
      "detail": "GM: +36.5% -> +18.0% -> +20.4% (reversal +2.4%)",
      "severity": "MEDIUM"
    },
    {
      "quarter": "2024-09 (Q3)",
      "signal": "YoY REVENUE GROWTH ACCELERATION",
      "detail": "YoY growth: -4.1% vs prior quarter YoY: -9.5% (accel: +5.4%)",
      "severity": "MEDIUM"
    },
    {
      "quarter": "2024-06 (Q2)",
      "signal": "YoY REVENUE GROWTH DECELERATION",
      "detail": "YoY growth: -9.5% vs prior quarter YoY: +12.0% (decel: -21.5%)",
      "severity": "WARNING"
    },
    {
      "quarter": "2024-03 (Q1)",
      "signal": "YoY REVENUE GROWTH ACCELERATION",
      "detail": "YoY growth: +12.0% vs prior quarter YoY: +1.2% (accel: +10.8%)",
      "severity": "MEDIUM"
    },
    {
      "quarter": "2023-12 (Q4)",
      "signal": "FCF TURNED POSITIVE",
      "detail": "FCF margin: -11.4% -> +44.1%",
      "severity": "HIGH"
    },
    {
      "quarter": "2023-09 (Q3)",
      "signal": "GROSS MARGIN INFLECTION",
      "detail": "GM: +23.1% -> +17.2% -> +29.3% (reversal +12.2%)",
      "severity": "HIGH"
    },
    {
      "quarter": "2023-09 (Q3)",
      "signal": "YoY REVENUE GROWTH DECELERATION",
      "detail": "YoY growth: +4.0% vs prior quarter YoY: +28.0% (decel: -23.9%)",
      "severity": "WARNING"
    },
    {
      "quarter": "2023-06 (Q2)",
      "signal": "FCF TURNED POSITIVE",
      "detail": "FCF margin: -5.7% -> +24.6%",
      "severity": "HIGH"
    },
    {
      "quarter": "2023-03 (Q1)",
      "signal": "YoY REVENUE GROWTH ACCELERATION",
      "detail": "YoY growth: +23.3% vs prior quarter YoY: +9.3% (accel: +14.0%)",
      "severity": "MEDIUM"
    },
    {
      "quarter": "2022-12 (Q4)",
      "signal": "FCF TURNED POSITIVE",
      "detail": "FCF margin: -43.3% -> +10.2%",
      "severity": "HIGH"
    },
    {
      "quarter": "2022-09 (Q3)",
      "signal": "GROSS MARGIN INFLECTION",
      "detail": "GM: +44.5% -> -31.8% -> +11.9% (reversal +43.7%)",
      "severity": "HIGH"
    },
    {
      "quarter": "2022-09 (Q3)",
      "signal": "YoY REVENUE GROWTH ACCELERATION",
      "detail": "YoY growth: +5.4% vs prior quarter YoY: -8.9% (accel: +14.3%)",
      "severity": "MEDIUM"
    },
    {
      "quarter": "2022-06 (Q2)",
      "signal": "FCF MARGIN EXPANSION",
      "detail": "FCF margin: +5.0% -> +12.6% (+7.7%)",
      "severity": "MEDIUM"
    },
    {
      "quarter": "2022-03 (Q1)",
      "signal": "YoY REVENUE GROWTH DECELERATION",
      "detail": "YoY growth: -6.6% vs prior quarter YoY: +2.0% (decel: -8.6%)",
      "severity": "WARNING"
    },
    {
      "quarter": "2021-12 (Q4)",
      "signal": "FCF TURNED POSITIVE",
      "detail": "FCF margin: -14.6% -> +22.8%",
      "severity": "HIGH"
    },
    {
      "quarter": "2021-09 (Q3)",
      "signal": "GROSS MARGIN INFLECTION",
      "detail": "GM: +37.1% -> +16.1% -> +19.4% (reversal +3.4%)",
      "severity": "MEDIUM"
    }
  ],
  "data_quality": {
    "n_quarters": 20,
    "coverage": {
      "revenue": [
        20,
        20
      ],
      "gross_profit": [
        20,
        20
      ],
      "op_income": [
        0,
        20
      ],
      "fcf": [
        20,
        20
      ]
    },
    "gaps": [],
    "warnings": [
      "op_income: no data"
    ]
  },
  "market_cap": null,
  "source": "SEC EDGAR",
  "last_updated": "2026-02-02T22:50:16.151006",
  "sector": "Financial Services",
  "industry": "Insurance - Property & Casualty"
}