{
  "ticker": "NOTE",
  "name": "FISCALNOTE HOLDINGS, INC.",
  "quarters": [
    {
      "date": "2021-09-30T00:00:00",
      "quarter_label": "2021-09 (Q3)",
      "revenue": 21774000,
      "gross_profit": null,
      "operating_income": -1071145,
      "net_income": 2493608,
      "opex": 37061000,
      "cogs": null,
      "rd": 6433000,
      "sga": null,
      "fcf": -24054674,
      "ocf": -24054674,
      "capex": null,
      "gross_margin": null,
      "op_margin": -0.04919376320382107,
      "fcf_margin": -1.1047429962340407
    },
    {
      "date": "2021-12-31T00:00:00",
      "quarter_label": "2021-12 (Q4)",
      "revenue": 24462000,
      "gross_profit": null,
      "operating_income": -2583898,
      "net_income": -11611482,
      "opex": 40737000,
      "cogs": null,
      "rd": 6346000,
      "sga": null,
      "fcf": -12867000,
      "ocf": -12867000,
      "capex": null,
      "gross_margin": null,
      "op_margin": -0.10562905731338403,
      "fcf_margin": -0.525999509443218,
      "op_leverage_ratio": 1.24460825336704,
      "fcf_margin_change": 0.5787434867908227
    },
    {
      "date": "2022-03-31T00:00:00",
      "quarter_label": "2022-03 (Q1)",
      "revenue": 26071000,
      "gross_profit": null,
      "operating_income": -1921803,
      "net_income": 7235727,
      "opex": 38481000,
      "cogs": null,
      "rd": 6018000,
      "sga": null,
      "fcf": -10203000,
      "ocf": -10203000,
      "capex": null,
      "gross_margin": null,
      "op_margin": -0.07371420352115378,
      "fcf_margin": -0.3913543784281385,
      "op_leverage_ratio": Infinity,
      "fcf_margin_change": 0.13464513101507952
    },
    {
      "date": "2022-06-30T00:00:00",
      "quarter_label": "2022-06 (Q2)",
      "revenue": 27174000,
      "gross_profit": null,
      "operating_income": -2106642,
      "net_income": -2657689,
      "opex": 38913000,
      "cogs": null,
      "rd": 3791000,
      "sga": null,
      "fcf": -8145000,
      "ocf": -8145000,
      "capex": null,
      "gross_margin": null,
      "op_margin": -0.07752417752263192,
      "fcf_margin": -0.2997350408478693,
      "op_leverage_ratio": 3.7686033118961464,
      "fcf_margin_change": 0.09161933758026924
    },
    {
      "date": "2022-09-30T00:00:00",
      "quarter_label": "2022-09 (Q3)",
      "revenue": 29071000,
      "gross_profit": null,
      "operating_income": -44126000,
      "net_income": -109002000,
      "opex": 73197000,
      "cogs": null,
      "rd": 5629000,
      "sga": null,
      "fcf": -39151000,
      "ocf": -39151000,
      "capex": null,
      "gross_margin": null,
      "op_margin": -1.517870042310206,
      "fcf_margin": -1.3467372983385504,
      "incr_op_margin_yoy": -5.900350143894752,
      "rev_growth_yoy": 0.33512446036557364,
      "op_leverage_ratio": 0.07923498635003878,
      "fcf_margin_change": -1.0470022574906812
    },
    {
      "date": "2022-12-31T00:00:00",
      "quarter_label": "2022-12 (Q4)",
      "revenue": 31449000,
      "gross_profit": null,
      "operating_income": -19914000,
      "net_income": -42544000,
      "opex": 51363000,
      "cogs": null,
      "rd": 5298000,
      "sga": null,
      "fcf": -15126000,
      "ocf": -15126000,
      "capex": null,
      "gross_margin": null,
      "op_margin": -0.6332156825336259,
      "fcf_margin": -0.48096918820948203,
      "incr_op_margin_yoy": -2.4803351939315874,
      "rev_growth_yoy": 0.28562668628893795,
      "rev_growth_yoy_accel": -0.04949777407663569,
      "op_leverage_ratio": Infinity,
      "fcf_margin_change": 0.8657681101290684
    },
    {
      "date": "2023-03-31T00:00:00",
      "quarter_label": "2023-03 (Q1)",
      "revenue": 31529000,
      "gross_profit": null,
      "operating_income": -27371000,
      "net_income": -19273000,
      "opex": 58900000,
      "cogs": null,
      "rd": 5120000,
      "sga": null,
      "fcf": -12826000,
      "ocf": -12826000,
      "capex": null,
      "gross_margin": null,
      "op_margin": -0.8681214120333661,
      "fcf_margin": -0.4068000888071299,
      "incr_op_margin_yoy": -4.662733052400147,
      "rev_growth_yoy": 0.20935138659813585,
      "rev_growth_yoy_accel": -0.0762752996908021,
      "fcf_margin_change": 0.07416909940235211
    },
    {
      "date": "2023-06-30T00:00:00",
      "quarter_label": "2023-06 (Q2)",
      "revenue": 32842000,
      "gross_profit": null,
      "operating_income": -16978000,
      "net_income": -30973000,
      "opex": 49820000,
      "cogs": null,
      "rd": 4510000,
      "sga": null,
      "fcf": -7380000,
      "ocf": -7380000,
      "capex": null,
      "gross_margin": null,
      "op_margin": -0.5169599902563791,
      "fcf_margin": -0.22471225869313682,
      "incr_op_margin_yoy": -2.623739943542696,
      "rev_growth_yoy": 0.20858173253845588,
      "rev_growth_yoy_accel": -0.0007696540596799639,
      "op_leverage_ratio": Infinity,
      "fcf_margin_change": 0.1820878301139931
    },
    {
      "date": "2023-09-30T00:00:00",
      "quarter_label": "2023-09 (Q3)",
      "revenue": 34009000,
      "gross_profit": null,
      "operating_income": -13461000,
      "net_income": -14467000,
      "opex": 47470000,
      "cogs": null,
      "rd": 4540000,
      "sga": null,
      "fcf": -11734000,
      "ocf": -11734000,
      "capex": null,
      "gross_margin": null,
      "op_margin": -0.3958069922667529,
      "fcf_margin": -0.34502631656326266,
      "incr_op_margin_yoy": 6.2100040502227625,
      "rev_growth_yoy": 0.1698599979360875,
      "rev_growth_yoy_accel": -0.038721734602368385,
      "op_leverage_ratio": Infinity,
      "fcf_margin_change": -0.12031405787012583
    },
    {
      "date": "2023-12-31T00:00:00",
      "quarter_label": "2023-12 (Q4)",
      "revenue": 34265000,
      "gross_profit": null,
      "operating_income": -39929000,
      "net_income": -50748000,
      "opex": 74194000,
      "cogs": null,
      "rd": 4016000,
      "sga": null,
      "fcf": -3554000,
      "ocf": -3554000,
      "capex": null,
      "gross_margin": null,
      "op_margin": -1.1652998686706553,
      "fcf_margin": -0.10372099810302057,
      "incr_op_margin_yoy": -7.107599431818182,
      "rev_growth_yoy": 0.08954179783140959,
      "rev_growth_yoy_accel": -0.08031820010467791,
      "fcf_margin_change": 0.24130531846024209
    },
    {
      "date": "2024-03-31T00:00:00",
      "quarter_label": "2024-03 (Q1)",
      "revenue": 32112000,
      "gross_profit": null,
      "operating_income": -11444000,
      "net_income": 50599000,
      "opex": 43556000,
      "cogs": null,
      "rd": 3480000,
      "sga": null,
      "fcf": 2741000,
      "ocf": 2741000,
      "capex": null,
      "gross_margin": null,
      "op_margin": -0.3563776781265571,
      "fcf_margin": 0.08535749875435975,
      "rev_growth_yoy": 0.018490913127596816,
      "rev_growth_yoy_accel": -0.07105088470381277,
      "fcf_margin_change": 0.18907849685738032
    },
    {
      "date": "2024-06-30T00:00:00",
      "quarter_label": "2024-06 (Q2)",
      "revenue": 29246000,
      "gross_profit": null,
      "operating_income": -7956000,
      "net_income": -12764000,
      "opex": 37202000,
      "cogs": null,
      "rd": 3205000,
      "sga": null,
      "fcf": -3729000,
      "ocf": -3729000,
      "capex": null,
      "gross_margin": null,
      "op_margin": -0.27203720166860423,
      "fcf_margin": -0.1275046160158654,
      "incr_op_margin_yoy": -2.5088987764182424,
      "rev_growth_yoy": -0.10949394068570732,
      "rev_growth_yoy_accel": -0.12798485381330413,
      "fcf_margin_change": -0.21286211477022515
    },
    {
      "date": "2024-09-30T00:00:00",
      "quarter_label": "2024-09 (Q3)",
      "revenue": 29439000,
      "gross_profit": null,
      "operating_income": -6811000,
      "net_income": -14935000,
      "opex": 36250000,
      "cogs": null,
      "rd": 3250000,
      "sga": null,
      "fcf": -2962000,
      "ocf": -2962000,
      "capex": null,
      "gross_margin": null,
      "op_margin": -0.2313597608614423,
      "fcf_margin": -0.10061483066680255,
      "incr_op_margin_yoy": -1.4551422319474836,
      "rev_growth_yoy": -0.13437619453674027,
      "rev_growth_yoy_accel": -0.024882253851032946,
      "fcf_margin_change": 0.02688978534906286
    },
    {
      "date": "2024-12-31T00:00:00",
      "quarter_label": "2024-12 (Q4)",
      "revenue": 29469000,
      "gross_profit": null,
      "operating_income": -5730000,
      "net_income": -13383000,
      "opex": 35199000,
      "cogs": null,
      "rd": 2893000,
      "sga": null,
      "fcf": -1348000,
      "ocf": -1348000,
      "capex": null,
      "gross_margin": null,
      "op_margin": -0.19444161661406903,
      "fcf_margin": -0.045742984152838576,
      "incr_op_margin_yoy": -7.1307339449541285,
      "rev_growth_yoy": -0.13996789727126807,
      "rev_growth_yoy_accel": -0.005591702734527804,
      "fcf_margin_change": 0.05487184651396397
    },
    {
      "date": "2025-03-31T00:00:00",
      "quarter_label": "2025-03 (Q1)",
      "revenue": 27511000,
      "gross_profit": null,
      "operating_income": -13762000,
      "net_income": -4250000,
      "opex": 41273000,
      "cogs": null,
      "rd": 3103000,
      "sga": null,
      "fcf": 3286000,
      "ocf": 3286000,
      "capex": null,
      "gross_margin": null,
      "op_margin": -0.5002362691287121,
      "fcf_margin": 0.11944313183817382,
      "incr_op_margin_yoy": 0.5038035209737014,
      "rev_growth_yoy": -0.1432797708021923,
      "rev_growth_yoy_accel": -0.003311873530924242,
      "fcf_margin_change": 0.1651861159910124
    },
    {
      "date": "2025-06-30T00:00:00",
      "quarter_label": "2025-06 (Q2)",
      "revenue": 23264000,
      "gross_profit": null,
      "operating_income": -7427000,
      "net_income": -13271000,
      "opex": 30691000,
      "cogs": null,
      "rd": 2267000,
      "sga": null,
      "fcf": -6181000,
      "ocf": -6181000,
      "capex": null,
      "gross_margin": null,
      "op_margin": -0.31924862448418156,
      "fcf_margin": -0.265689477303989,
      "incr_op_margin_yoy": -0.08843196255432965,
      "rev_growth_yoy": -0.20454079190316624,
      "rev_growth_yoy_accel": -0.06126102110097392,
      "fcf_margin_change": -0.38513260914216285
    },
    {
      "date": "2025-09-30T00:00:00",
      "quarter_label": "2025-09 (Q3)",
      "revenue": 22429000,
      "gross_profit": null,
      "operating_income": -9739000,
      "net_income": -24855000,
      "opex": 32168000,
      "cogs": null,
      "rd": 2081000,
      "sga": null,
      "fcf": -8269000,
      "ocf": -8269000,
      "capex": null,
      "gross_margin": null,
      "op_margin": -0.43421463284141065,
      "fcf_margin": -0.3686744839270587,
      "incr_op_margin_yoy": 0.4176890156918688,
      "rev_growth_yoy": -0.23811950134175752,
      "rev_growth_yoy_accel": -0.03357870943859129,
      "fcf_margin_change": -0.1029850066230697
    }
  ],
  "signals": [
    {
      "quarter": "2025-06 (Q2)",
      "signal": "YoY REVENUE GROWTH DECELERATION",
      "detail": "YoY growth: -20.5% vs prior quarter YoY: -14.3% (decel: -6.1%)",
      "severity": "WARNING"
    },
    {
      "quarter": "2025-03 (Q1)",
      "signal": "FCF TURNED POSITIVE",
      "detail": "FCF margin: -4.6% -> +11.9%",
      "severity": "HIGH"
    },
    {
      "quarter": "2024-12 (Q4)",
      "signal": "FCF MARGIN EXPANSION",
      "detail": "FCF margin: -10.1% -> -4.6% (+5.5%)",
      "severity": "MEDIUM"
    },
    {
      "quarter": "2024-06 (Q2)",
      "signal": "YoY REVENUE GROWTH DECELERATION",
      "detail": "YoY growth: -10.9% vs prior quarter YoY: +1.8% (decel: -12.8%)",
      "severity": "WARNING"
    },
    {
      "quarter": "2024-03 (Q1)",
      "signal": "FCF TURNED POSITIVE",
      "detail": "FCF margin: -10.4% -> +8.5%",
      "severity": "HIGH"
    },
    {
      "quarter": "2024-03 (Q1)",
      "signal": "YoY REVENUE GROWTH DECELERATION",
      "detail": "YoY growth: +1.8% vs prior quarter YoY: +9.0% (decel: -7.1%)",
      "severity": "WARNING"
    },
    {
      "quarter": "2023-12 (Q4)",
      "signal": "FCF MARGIN EXPANSION",
      "detail": "FCF margin: -34.5% -> -10.4% (+24.1%)",
      "severity": "MEDIUM"
    },
    {
      "quarter": "2023-12 (Q4)",
      "signal": "YoY REVENUE GROWTH DECELERATION",
      "detail": "YoY growth: +9.0% vs prior quarter YoY: +17.0% (decel: -8.0%)",
      "severity": "WARNING"
    },
    {
      "quarter": "2023-06 (Q2)",
      "signal": "FCF MARGIN EXPANSION",
      "detail": "FCF margin: -40.7% -> -22.5% (+18.2%)",
      "severity": "MEDIUM"
    },
    {
      "quarter": "2023-03 (Q1)",
      "signal": "FCF MARGIN EXPANSION",
      "detail": "FCF margin: -48.1% -> -40.7% (+7.4%)",
      "severity": "MEDIUM"
    },
    {
      "quarter": "2023-03 (Q1)",
      "signal": "YoY REVENUE GROWTH DECELERATION",
      "detail": "YoY growth: +20.9% vs prior quarter YoY: +28.6% (decel: -7.6%)",
      "severity": "WARNING"
    },
    {
      "quarter": "2022-12 (Q4)",
      "signal": "FCF MARGIN EXPANSION",
      "detail": "FCF margin: -134.7% -> -48.1% (+86.6%)",
      "severity": "MEDIUM"
    },
    {
      "quarter": "2022-06 (Q2)",
      "signal": "FCF MARGIN EXPANSION",
      "detail": "FCF margin: -39.1% -> -30.0% (+9.2%)",
      "severity": "MEDIUM"
    },
    {
      "quarter": "2022-06 (Q2)",
      "signal": "OPERATING LEVERAGE",
      "detail": "Rev growth +4.2% vs OpEx growth +1.1% (leverage: 3.8x)",
      "severity": "MEDIUM"
    },
    {
      "quarter": "2022-03 (Q1)",
      "signal": "FCF MARGIN EXPANSION",
      "detail": "FCF margin: -52.6% -> -39.1% (+13.5%)",
      "severity": "MEDIUM"
    },
    {
      "quarter": "2021-12 (Q4)",
      "signal": "FCF MARGIN EXPANSION",
      "detail": "FCF margin: -110.5% -> -52.6% (+57.9%)",
      "severity": "MEDIUM"
    }
  ],
  "data_quality": {
    "n_quarters": 17,
    "coverage": {
      "revenue": [
        17,
        17
      ],
      "gross_profit": [
        0,
        17
      ],
      "op_income": [
        17,
        17
      ],
      "fcf": [
        17,
        17
      ]
    },
    "gaps": [],
    "warnings": [
      "gross_profit: no data"
    ]
  },
  "market_cap": null,
  "source": "SEC EDGAR",
  "last_updated": "2026-02-02T23:56:44.016431",
  "sector": "Technology",
  "industry": "Information Technology Services"
}