{
  "ticker": "NOTV",
  "name": "INOTIV, INC.",
  "quarters": [
    {
      "date": "2020-12-31T00:00:00",
      "quarter_label": "2020-12 (Q4)",
      "revenue": 17885000,
      "gross_profit": 5877000,
      "operating_income": 14000,
      "net_income": -366000,
      "opex": 5863000,
      "cogs": 12008000,
      "rd": 196000,
      "sga": null,
      "fcf": 1652000,
      "ocf": 1652000,
      "capex": null,
      "gross_margin": 0.3285993849594632,
      "op_margin": 0.0007827788649706458,
      "fcf_margin": 0.0923679060665362
    },
    {
      "date": "2021-03-31T00:00:00",
      "quarter_label": "2021-03 (Q1)",
      "revenue": 18751000,
      "gross_profit": 6280000,
      "operating_income": -521000,
      "net_income": -723000,
      "opex": 6801000,
      "cogs": 12471000,
      "rd": 203000,
      "sga": null,
      "fcf": 2874000,
      "ocf": 2874000,
      "capex": null,
      "gross_margin": 0.3349154711748707,
      "op_margin": -0.027785184790144527,
      "fcf_margin": 0.15327182550263985,
      "op_leverage_ratio": 0.30265371095717547,
      "fcf_margin_change": 0.06090391943610364
    },
    {
      "date": "2021-06-30T00:00:00",
      "quarter_label": "2021-06 (Q2)",
      "revenue": 22892000,
      "gross_profit": 7646000,
      "operating_income": -1703000,
      "net_income": -2265000,
      "opex": 9349000,
      "cogs": 15246000,
      "rd": 107000,
      "sga": null,
      "fcf": 3523000,
      "ocf": 3523000,
      "capex": null,
      "gross_margin": 0.33400314520356456,
      "op_margin": -0.07439280097850777,
      "fcf_margin": 0.15389655774943212,
      "op_leverage_ratio": 0.589459739541259,
      "fcf_margin_change": 0.00062473224679227
    },
    {
      "date": "2021-09-30T00:00:00",
      "quarter_label": "2021-09 (Q3)",
      "revenue": 30076000,
      "gross_profit": 10308000,
      "operating_income": -3408000,
      "net_income": 14249000,
      "opex": 13716000,
      "cogs": 19768000,
      "rd": 115000,
      "sga": null,
      "fcf": 2697000,
      "ocf": 2697000,
      "capex": null,
      "gross_margin": 0.34273174624285146,
      "op_margin": -0.11331294055060513,
      "fcf_margin": 0.08967282883362149,
      "op_leverage_ratio": 0.6718379842848655,
      "fcf_margin_change": -0.06422372891581063
    },
    {
      "date": "2021-12-31T00:00:00",
      "quarter_label": "2021-12 (Q4)",
      "revenue": 84211000,
      "gross_profit": null,
      "operating_income": -33641000,
      "net_income": -83047000,
      "opex": null,
      "cogs": null,
      "rd": null,
      "sga": null,
      "fcf": -1143000,
      "ocf": -1143000,
      "capex": null,
      "gross_margin": null,
      "op_margin": -0.39948462789896805,
      "fcf_margin": -0.013573048651601334,
      "incr_op_margin_yoy": -0.5074179054970901,
      "rev_growth_yoy": 3.708470785574504,
      "fcf_margin_change": -0.10324587748522282
    },
    {
      "date": "2022-03-31T00:00:00",
      "quarter_label": "2022-03 (Q1)",
      "revenue": 140313000,
      "gross_profit": null,
      "operating_income": 7868000,
      "net_income": -6087000,
      "opex": null,
      "cogs": null,
      "rd": null,
      "sga": null,
      "fcf": 5170000,
      "ocf": 5170000,
      "capex": null,
      "gross_margin": null,
      "op_margin": 0.0560746331416191,
      "fcf_margin": 0.03684619386656974,
      "incr_op_margin_yoy": 0.06901005248350636,
      "rev_growth_yoy": 6.482960908751533,
      "rev_growth_yoy_accel": 2.774490123177029,
      "fcf_margin_change": 0.05041924251817107
    },
    {
      "date": "2022-06-30T00:00:00",
      "quarter_label": "2022-06 (Q2)",
      "revenue": 172666000,
      "gross_profit": null,
      "operating_income": 4787000,
      "net_income": -3728000,
      "opex": null,
      "cogs": null,
      "rd": null,
      "sga": null,
      "fcf": -9415000,
      "ocf": -9415000,
      "capex": null,
      "gross_margin": null,
      "op_margin": 0.027724045266584042,
      "fcf_margin": -0.05452723755690177,
      "incr_op_margin_yoy": 0.043331953476571365,
      "rev_growth_yoy": 6.542634981652979,
      "rev_growth_yoy_accel": 0.059674072901445996,
      "fcf_margin_change": -0.09137343142347151
    },
    {
      "date": "2022-09-30T00:00:00",
      "quarter_label": "2022-09 (Q3)",
      "revenue": 150466000,
      "gross_profit": null,
      "operating_income": -242466000,
      "net_income": -244156000,
      "opex": null,
      "cogs": null,
      "rd": null,
      "sga": null,
      "fcf": 171000,
      "ocf": 171000,
      "capex": null,
      "gross_margin": null,
      "op_margin": -1.6114338122898195,
      "fcf_margin": 0.0011364693684952083,
      "incr_op_margin_yoy": -1.9856964864191378,
      "rev_growth_yoy": 4.002859422795584,
      "rev_growth_yoy_accel": -2.5397755588573947,
      "fcf_margin_change": 0.055663706925396975
    },
    {
      "date": "2022-12-31T00:00:00",
      "quarter_label": "2022-12 (Q4)",
      "revenue": 122754000,
      "gross_profit": null,
      "operating_income": -90578000,
      "net_income": -87323000,
      "opex": null,
      "cogs": null,
      "rd": null,
      "sga": null,
      "fcf": -7410000,
      "ocf": -7410000,
      "capex": null,
      "gross_margin": null,
      "op_margin": -0.7378822686022452,
      "fcf_margin": -0.06036463170242925,
      "incr_op_margin_yoy": -1.4772332200399554,
      "rev_growth_yoy": 0.45769555046252863,
      "rev_growth_yoy_accel": -3.5451638723330556,
      "fcf_margin_change": -0.061501101070924456
    },
    {
      "date": "2023-03-31T00:00:00",
      "quarter_label": "2023-03 (Q1)",
      "revenue": 151463000,
      "gross_profit": null,
      "operating_income": -2125000,
      "net_income": -9994000,
      "opex": null,
      "cogs": null,
      "rd": null,
      "sga": null,
      "fcf": 12836000,
      "ocf": 12836000,
      "capex": null,
      "gross_margin": null,
      "op_margin": -0.014029829067164918,
      "fcf_margin": 0.0847467698381783,
      "incr_op_margin_yoy": -0.8962331838565022,
      "rev_growth_yoy": 0.07946519566968135,
      "rev_growth_yoy_accel": -0.3782303547928473,
      "fcf_margin_change": 0.14511140154060756
    },
    {
      "date": "2023-06-30T00:00:00",
      "quarter_label": "2023-06 (Q2)",
      "revenue": 157468000,
      "gross_profit": null,
      "operating_income": 8783000,
      "net_income": 1840000,
      "opex": null,
      "cogs": null,
      "rd": null,
      "sga": null,
      "fcf": 3694000,
      "ocf": 3694000,
      "capex": null,
      "gross_margin": null,
      "op_margin": 0.05577641171539614,
      "fcf_margin": 0.023458734473035793,
      "incr_op_margin_yoy": -0.2629293328069483,
      "rev_growth_yoy": -0.08801964486349369,
      "rev_growth_yoy_accel": -0.16748484053317503,
      "fcf_margin_change": -0.06128803536514251
    },
    {
      "date": "2023-09-30T00:00:00",
      "quarter_label": "2023-09 (Q3)",
      "revenue": 140740000,
      "gross_profit": null,
      "operating_income": 2460000,
      "net_income": -9663000,
      "opex": null,
      "cogs": null,
      "rd": null,
      "sga": null,
      "fcf": 18763000,
      "ocf": 18763000,
      "capex": null,
      "gross_margin": null,
      "op_margin": 0.01747903936336507,
      "fcf_margin": 0.13331675429870685,
      "incr_op_margin_yoy": -25.18260333127699,
      "rev_growth_yoy": -0.06463918759055202,
      "rev_growth_yoy_accel": 0.023380457272941663,
      "fcf_margin_change": 0.10985801982567106
    },
    {
      "date": "2023-12-31T00:00:00",
      "quarter_label": "2023-12 (Q4)",
      "revenue": 135501000,
      "gross_profit": null,
      "operating_income": -9371000,
      "net_income": -15388000,
      "opex": null,
      "cogs": null,
      "rd": null,
      "sga": null,
      "fcf": -6545000,
      "ocf": -6545000,
      "capex": null,
      "gross_margin": null,
      "op_margin": -0.06915816119438233,
      "fcf_margin": -0.04830222655183357,
      "incr_op_margin_yoy": 6.370675453047776,
      "rev_growth_yoy": 0.10384183000146635,
      "rev_growth_yoy_accel": 0.1684810175920184,
      "fcf_margin_change": -0.1816189808505404
    },
    {
      "date": "2024-03-31T00:00:00",
      "quarter_label": "2024-03 (Q1)",
      "revenue": 119035000,
      "gross_profit": null,
      "operating_income": -43116000,
      "net_income": -48079000,
      "opex": null,
      "cogs": null,
      "rd": null,
      "sga": null,
      "fcf": 16918000,
      "ocf": 16918000,
      "capex": null,
      "gross_margin": null,
      "op_margin": -0.36221279455622296,
      "fcf_margin": 0.14212626538413073,
      "incr_op_margin_yoy": 1.2640619217959788,
      "rev_growth_yoy": -0.21409849270118775,
      "rev_growth_yoy_accel": -0.3179403227026541,
      "fcf_margin_change": 0.19042849193596428
    },
    {
      "date": "2024-06-30T00:00:00",
      "quarter_label": "2024-06 (Q2)",
      "revenue": 105786000,
      "gross_profit": null,
      "operating_income": -20752000,
      "net_income": -26087000,
      "opex": null,
      "cogs": null,
      "rd": null,
      "sga": null,
      "fcf": -14806000,
      "ocf": -14806000,
      "capex": null,
      "gross_margin": null,
      "op_margin": -0.19616962547028907,
      "fcf_margin": -0.13996180969126348,
      "incr_op_margin_yoy": 0.5714755620912504,
      "rev_growth_yoy": -0.3282063657378007,
      "rev_growth_yoy_accel": -0.11410787303661296,
      "fcf_margin_change": -0.28208807507539424
    },
    {
      "date": "2024-09-30T00:00:00",
      "quarter_label": "2024-09 (Q3)",
      "revenue": 130417000,
      "gross_profit": null,
      "operating_income": -13167000,
      "net_income": -18891000,
      "opex": null,
      "cogs": null,
      "rd": null,
      "sga": null,
      "fcf": -2372000,
      "ocf": -2372000,
      "capex": null,
      "gross_margin": null,
      "op_margin": -0.10096076431753528,
      "fcf_margin": -0.01818781293849728,
      "incr_op_margin_yoy": 1.5138041267073525,
      "rev_growth_yoy": -0.07334801762114537,
      "rev_growth_yoy_accel": 0.2548583481166553,
      "fcf_margin_change": 0.1217739967527662
    },
    {
      "date": "2024-12-31T00:00:00",
      "quarter_label": "2024-12 (Q4)",
      "revenue": 119876000,
      "gross_profit": null,
      "operating_income": -15507000,
      "net_income": -27630000,
      "opex": null,
      "cogs": null,
      "rd": null,
      "sga": null,
      "fcf": -4497000,
      "ocf": -4497000,
      "capex": null,
      "gross_margin": null,
      "op_margin": -0.12935867062631387,
      "fcf_margin": -0.03751376422303047,
      "incr_op_margin_yoy": 0.392704,
      "rev_growth_yoy": -0.11531280211954155,
      "rev_growth_yoy_accel": -0.041964784498396177,
      "fcf_margin_change": -0.019325951284533186
    },
    {
      "date": "2025-03-31T00:00:00",
      "quarter_label": "2025-03 (Q1)",
      "revenue": 124323000,
      "gross_profit": null,
      "operating_income": -2938000,
      "net_income": -14866000,
      "opex": null,
      "cogs": null,
      "rd": null,
      "sga": null,
      "fcf": -12815000,
      "ocf": -12815000,
      "capex": null,
      "gross_margin": null,
      "op_margin": -0.023631990862511363,
      "fcf_margin": -0.10307827192072264,
      "incr_op_margin_yoy": 7.5979576399394855,
      "rev_growth_yoy": 0.04442390893434704,
      "rev_growth_yoy_accel": 0.1597367110538886,
      "fcf_margin_change": -0.06556450769769218
    },
    {
      "date": "2025-06-30T00:00:00",
      "quarter_label": "2025-06 (Q2)",
      "revenue": 130683000,
      "gross_profit": null,
      "operating_income": -5675000,
      "net_income": -17577000,
      "opex": null,
      "cogs": null,
      "rd": null,
      "sga": null,
      "fcf": -7448000,
      "ocf": -7448000,
      "capex": null,
      "gross_margin": null,
      "op_margin": -0.04342569423719994,
      "fcf_margin": -0.05699287589051369,
      "incr_op_margin_yoy": 0.6055749688717517,
      "rev_growth_yoy": 0.2353525041120753,
      "rev_growth_yoy_accel": 0.19092859517772826,
      "fcf_margin_change": 0.04608539603020895
    },
    {
      "date": "2025-09-30T00:00:00",
      "quarter_label": "2025-09 (Q3)",
      "revenue": 138142000,
      "gross_profit": null,
      "operating_income": -6782000,
      "net_income": -8552000,
      "opex": null,
      "cogs": null,
      "rd": null,
      "sga": null,
      "fcf": 14305000,
      "ocf": 14305000,
      "capex": null,
      "gross_margin": null,
      "op_margin": -0.04909441009975243,
      "fcf_margin": 0.10355286589161877,
      "incr_op_margin_yoy": 0.8265372168284789,
      "rev_growth_yoy": 0.059233075442618674,
      "rev_growth_yoy_accel": -0.17611942866945662,
      "fcf_margin_change": 0.16054574178213246
    }
  ],
  "signals": [
    {
      "quarter": "2025-09 (Q3)",
      "signal": "FCF TURNED POSITIVE",
      "detail": "FCF margin: -5.7% -> +10.4%",
      "severity": "HIGH"
    },
    {
      "quarter": "2025-09 (Q3)",
      "signal": "YoY REVENUE GROWTH DECELERATION",
      "detail": "YoY growth: +5.9% vs prior quarter YoY: +23.5% (decel: -17.6%)",
      "severity": "WARNING"
    },
    {
      "quarter": "2025-06 (Q2)",
      "signal": "YoY REVENUE GROWTH ACCELERATION",
      "detail": "YoY growth: +23.5% vs prior quarter YoY: +4.4% (accel: +19.1%)",
      "severity": "HIGH"
    },
    {
      "quarter": "2025-03 (Q1)",
      "signal": "YoY REVENUE GROWTH ACCELERATION",
      "detail": "YoY growth: +4.4% vs prior quarter YoY: -11.5% (accel: +16.0%)",
      "severity": "HIGH"
    },
    {
      "quarter": "2024-09 (Q3)",
      "signal": "FCF MARGIN EXPANSION",
      "detail": "FCF margin: -14.0% -> -1.8% (+12.2%)",
      "severity": "MEDIUM"
    },
    {
      "quarter": "2024-09 (Q3)",
      "signal": "YoY REVENUE GROWTH ACCELERATION",
      "detail": "YoY growth: -7.3% vs prior quarter YoY: -32.8% (accel: +25.5%)",
      "severity": "HIGH"
    },
    {
      "quarter": "2024-06 (Q2)",
      "signal": "YoY REVENUE GROWTH DECELERATION",
      "detail": "YoY growth: -32.8% vs prior quarter YoY: -21.4% (decel: -11.4%)",
      "severity": "WARNING"
    },
    {
      "quarter": "2024-03 (Q1)",
      "signal": "FCF TURNED POSITIVE",
      "detail": "FCF margin: -4.8% -> +14.2%",
      "severity": "HIGH"
    },
    {
      "quarter": "2024-03 (Q1)",
      "signal": "YoY REVENUE GROWTH DECELERATION",
      "detail": "YoY growth: -21.4% vs prior quarter YoY: +10.4% (decel: -31.8%)",
      "severity": "WARNING"
    },
    {
      "quarter": "2023-12 (Q4)",
      "signal": "YoY REVENUE GROWTH ACCELERATION",
      "detail": "YoY growth: +10.4% vs prior quarter YoY: -6.5% (accel: +16.8%)",
      "severity": "HIGH"
    },
    {
      "quarter": "2023-09 (Q3)",
      "signal": "FCF MARGIN EXPANSION",
      "detail": "FCF margin: +2.3% -> +13.3% (+11.0%)",
      "severity": "MEDIUM"
    },
    {
      "quarter": "2023-09 (Q3)",
      "signal": "OP MARGIN TURNED POSITIVE (YoY)",
      "detail": "Op margin: -161.1% (year-ago) -> +1.7%",
      "severity": "HIGH"
    },
    {
      "quarter": "2023-06 (Q2)",
      "signal": "YoY REVENUE GROWTH DECELERATION",
      "detail": "YoY growth: -8.8% vs prior quarter YoY: +7.9% (decel: -16.7%)",
      "severity": "WARNING"
    },
    {
      "quarter": "2023-06 (Q2)",
      "signal": "OP MARGIN TURNED POSITIVE (QoQ)",
      "detail": "Op margin: -1.4% -> +5.6%",
      "severity": "HIGH"
    },
    {
      "quarter": "2023-03 (Q1)",
      "signal": "FCF TURNED POSITIVE",
      "detail": "FCF margin: -6.0% -> +8.5%",
      "severity": "HIGH"
    },
    {
      "quarter": "2023-03 (Q1)",
      "signal": "YoY REVENUE GROWTH DECELERATION",
      "detail": "YoY growth: +7.9% vs prior quarter YoY: +45.8% (decel: -37.8%)",
      "severity": "WARNING"
    },
    {
      "quarter": "2022-12 (Q4)",
      "signal": "YoY REVENUE GROWTH DECELERATION",
      "detail": "YoY growth: +45.8% vs prior quarter YoY: +400.3% (decel: -354.5%)",
      "severity": "WARNING"
    },
    {
      "quarter": "2022-09 (Q3)",
      "signal": "FCF TURNED POSITIVE",
      "detail": "FCF margin: -5.5% -> +0.1%",
      "severity": "HIGH"
    },
    {
      "quarter": "2022-09 (Q3)",
      "signal": "YoY REVENUE GROWTH DECELERATION",
      "detail": "YoY growth: +400.3% vs prior quarter YoY: +654.3% (decel: -254.0%)",
      "severity": "WARNING"
    },
    {
      "quarter": "2022-06 (Q2)",
      "signal": "YoY REVENUE GROWTH ACCELERATION",
      "detail": "YoY growth: +654.3% vs prior quarter YoY: +648.3% (accel: +6.0%)",
      "severity": "MEDIUM"
    },
    {
      "quarter": "2022-06 (Q2)",
      "signal": "OP MARGIN TURNED POSITIVE (YoY)",
      "detail": "Op margin: -7.4% (year-ago) -> +2.8%",
      "severity": "HIGH"
    },
    {
      "quarter": "2022-03 (Q1)",
      "signal": "FCF TURNED POSITIVE",
      "detail": "FCF margin: -1.4% -> +3.7%",
      "severity": "HIGH"
    },
    {
      "quarter": "2022-03 (Q1)",
      "signal": "YoY REVENUE GROWTH ACCELERATION",
      "detail": "YoY growth: +648.3% vs prior quarter YoY: +370.8% (accel: +277.4%)",
      "severity": "HIGH"
    },
    {
      "quarter": "2022-03 (Q1)",
      "signal": "OP MARGIN TURNED POSITIVE (YoY)",
      "detail": "Op margin: -2.8% (year-ago) -> +5.6%",
      "severity": "HIGH"
    },
    {
      "quarter": "2022-03 (Q1)",
      "signal": "OP MARGIN TURNED POSITIVE (QoQ)",
      "detail": "Op margin: -39.9% -> +5.6%",
      "severity": "HIGH"
    },
    {
      "quarter": "2021-03 (Q1)",
      "signal": "FCF MARGIN EXPANSION",
      "detail": "FCF margin: +9.2% -> +15.3% (+6.1%)",
      "severity": "MEDIUM"
    }
  ],
  "data_quality": {
    "n_quarters": 20,
    "coverage": {
      "revenue": [
        20,
        20
      ],
      "gross_profit": [
        4,
        20
      ],
      "op_income": [
        20,
        20
      ],
      "fcf": [
        20,
        20
      ]
    },
    "gaps": [],
    "warnings": [
      "gross_profit: 4/20Q"
    ]
  },
  "market_cap": null,
  "source": "SEC EDGAR",
  "last_updated": "2026-02-03T00:00:53.208578"
}