{
  "ticker": "NPK",
  "name": "NATIONAL PRESTO INDUSTRIES INC",
  "quarters": [
    {
      "date": "2022-06-30T00:00:00",
      "quarter_label": "2022-06 (Q2)",
      "revenue": 77138000,
      "gross_profit": 15038000,
      "operating_income": null,
      "net_income": 6684000,
      "opex": null,
      "cogs": null,
      "rd": null,
      "sga": null,
      "fcf": null,
      "ocf": null,
      "capex": null,
      "gross_margin": 0.19494931162332443,
      "op_margin": null,
      "fcf_margin": null
    },
    {
      "date": "2022-07-03T00:00:00",
      "quarter_label": "2022-07 (Q3)",
      "revenue": 77138000,
      "gross_profit": 15038000,
      "operating_income": 7859000,
      "net_income": 6684000,
      "opex": 7179000,
      "cogs": 62100000,
      "rd": null,
      "sga": 7125000,
      "fcf": -7676000,
      "ocf": -7546000,
      "capex": -130000,
      "gross_margin": 0.19494931162332443,
      "op_margin": 0.10188234073997252,
      "fcf_margin": -0.0995099691462055
    },
    {
      "date": "2022-09-30T00:00:00",
      "quarter_label": "2022-09 (Q3)",
      "revenue": 69683000,
      "gross_profit": 17062000,
      "operating_income": null,
      "net_income": 8927000,
      "opex": null,
      "cogs": null,
      "rd": null,
      "sga": null,
      "fcf": null,
      "ocf": null,
      "capex": null,
      "gross_margin": 0.24485168549000474,
      "op_margin": null,
      "fcf_margin": null
    },
    {
      "date": "2022-10-02T00:00:00",
      "quarter_label": "2022-10 (Q4)",
      "revenue": 69683000,
      "gross_profit": 17062000,
      "operating_income": 10498000,
      "net_income": 8927000,
      "opex": 6564000,
      "cogs": 52621000,
      "rd": null,
      "sga": 6486000,
      "fcf": -1392000,
      "ocf": -1172000,
      "capex": -220000,
      "gross_margin": 0.24485168549000474,
      "op_margin": 0.15065367449736664,
      "fcf_margin": -0.01997617783390497
    },
    {
      "date": "2022-12-31T00:00:00",
      "quarter_label": "2022-12 (Q4)",
      "revenue": 114048000,
      "gross_profit": 13314000,
      "operating_income": 683000,
      "net_income": 2173000,
      "opex": 12631000,
      "cogs": 100734000,
      "rd": null,
      "sga": 6940000,
      "fcf": 11540000,
      "ocf": 12048000,
      "capex": -508000,
      "gross_margin": 0.11674031986531987,
      "op_margin": 0.0059887065095398425,
      "fcf_margin": 0.1011854657687991,
      "op_leverage_ratio": 0.6888239257768897,
      "fcf_margin_change": 0.12116164360270407
    },
    {
      "date": "2023-03-31T00:00:00",
      "quarter_label": "2023-03 (Q1)",
      "revenue": 80409000,
      "gross_profit": 18020000,
      "operating_income": null,
      "net_income": 8878000,
      "opex": null,
      "cogs": null,
      "rd": null,
      "sga": null,
      "fcf": null,
      "ocf": null,
      "capex": null,
      "gross_margin": 0.2241042669352933,
      "op_margin": null,
      "fcf_margin": null
    },
    {
      "date": "2023-04-02T00:00:00",
      "quarter_label": "2023-04 (Q2)",
      "revenue": 80409000,
      "gross_profit": 18020000,
      "operating_income": 9420000,
      "net_income": 8878000,
      "opex": 8600000,
      "cogs": 62389000,
      "rd": null,
      "sga": 8221000,
      "fcf": 36973000,
      "ocf": 37471000,
      "capex": -498000,
      "gross_margin": 0.2241042669352933,
      "op_margin": 0.11715106517927097,
      "fcf_margin": 0.45981171261923415
    },
    {
      "date": "2023-06-30T00:00:00",
      "quarter_label": "2023-06 (Q2)",
      "revenue": 78946000,
      "gross_profit": 13380000,
      "operating_income": null,
      "net_income": 5503000,
      "opex": null,
      "cogs": null,
      "rd": null,
      "sga": null,
      "fcf": null,
      "ocf": null,
      "capex": null,
      "gross_margin": 0.16948293770425354,
      "op_margin": null,
      "fcf_margin": null,
      "rev_growth_yoy": 0.023438512795250072
    },
    {
      "date": "2023-07-02T00:00:00",
      "quarter_label": "2023-07 (Q3)",
      "revenue": 78946000,
      "gross_profit": 13380000,
      "operating_income": 5250000,
      "net_income": 5503000,
      "opex": 8130000,
      "cogs": 65566000,
      "rd": null,
      "sga": 7679000,
      "fcf": -4900000,
      "ocf": -4470000,
      "capex": -430000,
      "gross_margin": 0.16948293770425354,
      "op_margin": 0.06650115268664657,
      "fcf_margin": -0.0620677425075368,
      "incr_op_margin_yoy": -1.4430309734513274,
      "rev_growth_yoy": 0.023438512795250072,
      "rev_growth_yoy_accel": 0.0
    },
    {
      "date": "2023-09-30T00:00:00",
      "quarter_label": "2023-09 (Q3)",
      "revenue": 83141000,
      "gross_profit": 15399000,
      "operating_income": null,
      "net_income": 7019000,
      "opex": null,
      "cogs": null,
      "rd": null,
      "sga": null,
      "fcf": null,
      "ocf": null,
      "capex": null,
      "gross_margin": 0.18521547732165838,
      "op_margin": null,
      "fcf_margin": null,
      "rev_growth_yoy": 0.19313175379934847,
      "rev_growth_yoy_accel": 0.16969324100409838
    },
    {
      "date": "2023-10-01T00:00:00",
      "quarter_label": "2023-10 (Q4)",
      "revenue": 83141000,
      "gross_profit": 15399000,
      "operating_income": 7068000,
      "net_income": 7019000,
      "opex": 8331000,
      "cogs": 67742000,
      "rd": null,
      "sga": 7904000,
      "fcf": -4976000,
      "ocf": -4211000,
      "capex": -765000,
      "gross_margin": 0.18521547732165838,
      "op_margin": 0.0850122081764713,
      "fcf_margin": -0.059850134109524784,
      "incr_op_margin_yoy": -0.25486699360974885,
      "rev_growth_yoy": 0.19313175379934847,
      "rev_growth_yoy_accel": 0.0
    },
    {
      "date": "2023-12-31T00:00:00",
      "quarter_label": "2023-12 (Q4)",
      "revenue": 98416000,
      "gross_profit": 20653000,
      "operating_income": 13295000,
      "net_income": 13159000,
      "opex": 7358000,
      "cogs": 77763000,
      "rd": null,
      "sga": 6980000,
      "fcf": 16452000,
      "ocf": 16599000,
      "capex": -147000,
      "gross_margin": 0.2098540887660543,
      "op_margin": 0.13508982279304177,
      "fcf_margin": 0.1671679401723297,
      "incr_op_margin_yoy": -0.8068065506653019,
      "rev_growth_yoy": -0.13706509539842873,
      "rev_growth_yoy_accel": -0.3301968491977772,
      "op_leverage_ratio": Infinity,
      "fcf_margin_change": 0.22701807428185447
    },
    {
      "date": "2024-03-31T00:00:00",
      "quarter_label": "2024-03 (Q1)",
      "revenue": 76653000,
      "gross_profit": 13853000,
      "operating_income": 6277000,
      "net_income": 6568000,
      "opex": 7576000,
      "cogs": 62800000,
      "rd": null,
      "sga": 7197000,
      "fcf": 5166000,
      "ocf": 5555000,
      "capex": -389000,
      "gross_margin": 0.18072352027970204,
      "op_margin": 0.08188851056057819,
      "fcf_margin": 0.06739462251966655,
      "incr_op_margin_yoy": 0.8367944621938233,
      "rev_growth_yoy": -0.04671118904600231,
      "rev_growth_yoy_accel": 0.09035390635242642,
      "fcf_margin_change": -0.09977331765266315
    },
    {
      "date": "2024-06-30T00:00:00",
      "quarter_label": "2024-06 (Q2)",
      "revenue": 85060000,
      "gross_profit": 14699000,
      "operating_income": 6361000,
      "net_income": 6077000,
      "opex": 8338000,
      "cogs": 70361000,
      "rd": null,
      "sga": 7959000,
      "fcf": -34542000,
      "ocf": -33883000,
      "capex": -659000,
      "gross_margin": 0.1728074300493769,
      "op_margin": 0.07478250646602398,
      "fcf_margin": -0.40608981895132845,
      "incr_op_margin_yoy": 0.18171409878966308,
      "rev_growth_yoy": 0.07744534238593469,
      "rev_growth_yoy_accel": 0.124156531431937,
      "op_leverage_ratio": 1.0904277253394674,
      "fcf_margin_change": -0.473484441470995
    },
    {
      "date": "2024-09-29T00:00:00",
      "quarter_label": "2024-09 (Q3)",
      "revenue": 91823000,
      "gross_profit": 17223000,
      "operating_income": 9223000,
      "net_income": 8083000,
      "opex": 8000000,
      "cogs": 74600000,
      "rd": null,
      "sga": 7621000,
      "fcf": -20290000,
      "ocf": -17465000,
      "capex": -2825000,
      "gross_margin": 0.18756738507781276,
      "op_margin": 0.10044324406739052,
      "fcf_margin": -0.22096860263768336,
      "rev_growth_yoy": 0.10442501292984208,
      "rev_growth_yoy_accel": 0.02697967054390739,
      "op_leverage_ratio": Infinity,
      "fcf_margin_change": 0.1851212163136451
    },
    {
      "date": "2024-09-30T00:00:00",
      "quarter_label": "2024-09 (Q3)",
      "revenue": 91823000,
      "gross_profit": 17223000,
      "operating_income": null,
      "net_income": 8083000,
      "opex": null,
      "cogs": null,
      "rd": null,
      "sga": null,
      "fcf": null,
      "ocf": null,
      "capex": null,
      "gross_margin": 0.18756738507781276,
      "op_margin": null,
      "fcf_margin": null,
      "rev_growth_yoy": 0.10442501292984208,
      "rev_growth_yoy_accel": 0.0
    },
    {
      "date": "2024-12-31T00:00:00",
      "quarter_label": "2024-12 (Q4)",
      "revenue": 134692000,
      "gross_profit": 32791000,
      "operating_income": 23352000,
      "net_income": 20732000,
      "opex": 9439000,
      "cogs": 101901000,
      "rd": null,
      "sga": 9061000,
      "fcf": -11291000,
      "ocf": -7633000,
      "capex": -3658000,
      "gross_margin": 0.24345172690285985,
      "op_margin": 0.17337332580999615,
      "fcf_margin": -0.08382828972767499,
      "incr_op_margin_yoy": 0.27723563788730843,
      "rev_growth_yoy": 0.3685986018533572,
      "rev_growth_yoy_accel": 0.2641735889235151
    },
    {
      "date": "2025-03-30T00:00:00",
      "quarter_label": "2025-03 (Q1)",
      "revenue": 103639000,
      "gross_profit": 18111000,
      "operating_income": 9070000,
      "net_income": 7610000,
      "opex": 9041000,
      "cogs": 85528000,
      "rd": null,
      "sga": 8662000,
      "fcf": -10523000,
      "ocf": 12460000,
      "capex": -22983000,
      "gross_margin": 0.17475081774235568,
      "op_margin": 0.08751531759279808,
      "fcf_margin": -0.10153513638688139,
      "incr_op_margin_yoy": 0.10349811013117913,
      "rev_growth_yoy": 0.3520540618110185,
      "rev_growth_yoy_accel": -0.016544540042338685,
      "fcf_margin_change": -0.017706846659206396
    },
    {
      "date": "2025-06-29T00:00:00",
      "quarter_label": "2025-06 (Q2)",
      "revenue": 120449000,
      "gross_profit": 18546000,
      "operating_income": 6096000,
      "net_income": 5152000,
      "opex": 12450000,
      "cogs": 101903000,
      "rd": null,
      "sga": 9370000,
      "fcf": -13384000,
      "ocf": -10918000,
      "capex": -2466000,
      "gross_margin": 0.15397388106169416,
      "op_margin": 0.05061063188569436,
      "fcf_margin": -0.11111756843145232,
      "incr_op_margin_yoy": -0.007488202548814603,
      "rev_growth_yoy": 0.41604749588525747,
      "rev_growth_yoy_accel": 0.06399343407423896,
      "op_leverage_ratio": 0.4301639065749673,
      "fcf_margin_change": -0.009582432044570932
    },
    {
      "date": "2025-09-28T00:00:00",
      "quarter_label": "2025-09 (Q3)",
      "revenue": 115463000,
      "gross_profit": 16012000,
      "operating_income": 6412000,
      "net_income": 5317000,
      "opex": 9600000,
      "cogs": 99451000,
      "rd": null,
      "sga": 9221000,
      "fcf": -24702000,
      "ocf": -24596000,
      "capex": -106000,
      "gross_margin": 0.1386764591254341,
      "op_margin": 0.05553294128855131,
      "fcf_margin": -0.21393866433402908,
      "incr_op_margin_yoy": -0.11890862944162436,
      "rev_growth_yoy": 0.2574518366857977,
      "rev_growth_yoy_accel": -0.15859565919945978,
      "fcf_margin_change": -0.10282109590257676
    }
  ],
  "signals": [
    {
      "quarter": "2025-09 (Q3)",
      "signal": "YoY REVENUE GROWTH DECELERATION",
      "detail": "YoY growth: +25.7% vs prior quarter YoY: +41.6% (decel: -15.9%)",
      "severity": "WARNING"
    },
    {
      "quarter": "2025-06 (Q2)",
      "signal": "YoY REVENUE GROWTH ACCELERATION",
      "detail": "YoY growth: +41.6% vs prior quarter YoY: +35.2% (accel: +6.4%)",
      "severity": "MEDIUM"
    },
    {
      "quarter": "2024-12 (Q4)",
      "signal": "YoY REVENUE GROWTH ACCELERATION",
      "detail": "YoY growth: +36.9% vs prior quarter YoY: +10.4% (accel: +26.4%)",
      "severity": "HIGH"
    },
    {
      "quarter": "2024-12 (Q4)",
      "signal": "INCREMENTAL MARGIN (YoY)",
      "detail": "YoY Incr OPM: +27.7% vs year-ago OPM: +13.5%",
      "severity": "MEDIUM"
    },
    {
      "quarter": "2024-09 (Q3)",
      "signal": "FCF MARGIN EXPANSION",
      "detail": "FCF margin: -40.6% -> -22.1% (+18.5%)",
      "severity": "MEDIUM"
    },
    {
      "quarter": "2024-06 (Q2)",
      "signal": "YoY REVENUE GROWTH ACCELERATION",
      "detail": "YoY growth: +7.7% vs prior quarter YoY: -4.7% (accel: +12.4%)",
      "severity": "MEDIUM"
    },
    {
      "quarter": "2024-06 (Q2)",
      "signal": "INCREMENTAL MARGIN (YoY)",
      "detail": "YoY Incr OPM: +18.2% vs year-ago OPM: +6.7%",
      "severity": "MEDIUM"
    },
    {
      "quarter": "2024-03 (Q1)",
      "signal": "YoY REVENUE GROWTH ACCELERATION",
      "detail": "YoY growth: -4.7% vs prior quarter YoY: -13.7% (accel: +9.0%)",
      "severity": "MEDIUM"
    },
    {
      "quarter": "2024-03 (Q1)",
      "signal": "INCREMENTAL MARGIN (YoY)",
      "detail": "YoY Incr OPM: +83.7% vs year-ago OPM: +11.7%",
      "severity": "HIGH"
    },
    {
      "quarter": "2023-12 (Q4)",
      "signal": "FCF TURNED POSITIVE",
      "detail": "FCF margin: -6.0% -> +16.7%",
      "severity": "HIGH"
    },
    {
      "quarter": "2023-12 (Q4)",
      "signal": "YoY REVENUE GROWTH DECELERATION",
      "detail": "YoY growth: -13.7% vs prior quarter YoY: +19.3% (decel: -33.0%)",
      "severity": "WARNING"
    },
    {
      "quarter": "2023-09 (Q3)",
      "signal": "YoY REVENUE GROWTH ACCELERATION",
      "detail": "YoY growth: +19.3% vs prior quarter YoY: +2.3% (accel: +17.0%)",
      "severity": "HIGH"
    },
    {
      "quarter": "2023-03 (Q1)",
      "signal": "GROSS MARGIN INFLECTION",
      "detail": "GM: +24.5% -> +11.7% -> +22.4% (reversal +10.7%)",
      "severity": "HIGH"
    },
    {
      "quarter": "2022-12 (Q4)",
      "signal": "FCF TURNED POSITIVE",
      "detail": "FCF margin: -2.0% -> +10.1%",
      "severity": "HIGH"
    }
  ],
  "data_quality": {
    "n_quarters": 20,
    "coverage": {
      "revenue": [
        20,
        20
      ],
      "gross_profit": [
        20,
        20
      ],
      "op_income": [
        14,
        20
      ],
      "fcf": [
        14,
        20
      ]
    },
    "gaps": [],
    "warnings": [
      "op_income: 14/20Q",
      "fcf: 14/20Q"
    ]
  },
  "market_cap": null,
  "source": "SEC EDGAR",
  "last_updated": "2026-02-02T22:05:06.980523"
}