{
  "ticker": "NPO",
  "name": "ENPRO INC.",
  "sector": "Industrials",
  "industry": "Specialty Industrial Machinery",
  "quarters": [
    {
      "date": "2021-03-31T00:00:00",
      "quarter_label": "2021-03 (Q1)",
      "revenue": 279300000,
      "gross_profit": 109400000,
      "operating_income": 27200000,
      "net_income": 18000000,
      "opex": 82200000,
      "cogs": 169900000,
      "rd": null,
      "sga": 80300000,
      "fcf": 14100000,
      "ocf": 20300000,
      "capex": -6200000,
      "gross_margin": 0.3916935195130684,
      "op_margin": 0.09738632295023272,
      "fcf_margin": 0.050483351235230935
    },
    {
      "date": "2021-06-30T00:00:00",
      "quarter_label": "2021-06 (Q2)",
      "revenue": 298600000,
      "gross_profit": 117000000,
      "operating_income": 31900000,
      "net_income": 29300000,
      "opex": 85100000,
      "cogs": 181600000,
      "rd": null,
      "sga": 82700000,
      "fcf": 34200000,
      "ocf": 38200000,
      "capex": -4000000,
      "gross_margin": 0.39182853315472205,
      "op_margin": 0.10683188211654387,
      "fcf_margin": 0.1145344943067649,
      "op_leverage_ratio": 1.9586651357457683,
      "fcf_margin_change": 0.06405114307153398
    },
    {
      "date": "2021-09-30T00:00:00",
      "quarter_label": "2021-09 (Q3)",
      "revenue": 283100000,
      "gross_profit": 109500000,
      "operating_income": 28600000,
      "net_income": 27500000,
      "opex": 80900000,
      "cogs": 173600000,
      "rd": null,
      "sga": 80000000,
      "fcf": null,
      "ocf": null,
      "capex": -700000,
      "gross_margin": 0.38678912045213704,
      "op_margin": 0.10102437301306959,
      "fcf_margin": null
    },
    {
      "date": "2021-12-31T00:00:00",
      "quarter_label": "2021-12 (Q4)",
      "revenue": 212700000,
      "gross_profit": 78700000,
      "operating_income": 6600000,
      "net_income": 102400000,
      "opex": 94100000,
      "cogs": 180100000,
      "rd": null,
      "sga": 93300000,
      "fcf": null,
      "ocf": null,
      "capex": -4000000,
      "gross_margin": 0.3700047014574518,
      "op_margin": 0.031029619181946404,
      "fcf_margin": null
    },
    {
      "date": "2022-03-31T00:00:00",
      "quarter_label": "2022-03 (Q1)",
      "revenue": 328700000,
      "gross_profit": 114600000,
      "operating_income": 27400000,
      "net_income": 16200000,
      "opex": 87200000,
      "cogs": 214100000,
      "rd": null,
      "sga": 85700000,
      "fcf": 27700000,
      "ocf": 30700000,
      "capex": -3000000,
      "gross_margin": 0.3486461819288105,
      "op_margin": 0.08335868573167021,
      "fcf_margin": 0.084271372071798,
      "incr_op_margin_yoy": 0.004048582995951417,
      "rev_growth_yoy": 0.17687074829931973,
      "op_leverage_ratio": null
    },
    {
      "date": "2022-06-30T00:00:00",
      "quarter_label": "2022-06 (Q2)",
      "revenue": 333300000,
      "gross_profit": 130500000,
      "operating_income": 49700000,
      "net_income": 33100000,
      "opex": 80800000,
      "cogs": 202800000,
      "rd": null,
      "sga": 79900000,
      "fcf": 32500000,
      "ocf": 36400000,
      "capex": -3900000,
      "gross_margin": 0.3915391539153915,
      "op_margin": 0.1491149114911491,
      "fcf_margin": 0.09750975097509751,
      "incr_op_margin_yoy": 0.5129682997118156,
      "rev_growth_yoy": 0.11620897521768252,
      "rev_growth_yoy_accel": -0.06066177308163721,
      "op_leverage_ratio": null,
      "fcf_margin_change": 0.013238378903299514
    },
    {
      "date": "2022-09-30T00:00:00",
      "quarter_label": "2022-09 (Q3)",
      "revenue": 280100000,
      "gross_profit": 110800000,
      "operating_income": 44900000,
      "net_income": 26900000,
      "opex": 65900000,
      "cogs": 169300000,
      "rd": null,
      "sga": 65800000,
      "fcf": null,
      "ocf": null,
      "capex": -3300000,
      "gross_margin": 0.3955730096394145,
      "op_margin": 0.1602998928953945,
      "fcf_margin": null,
      "incr_op_margin_yoy": -5.433333333333334,
      "rev_growth_yoy": -0.010596962204168139,
      "rev_growth_yoy_accel": -0.12680593742185065
    },
    {
      "date": "2022-12-31T00:00:00",
      "quarter_label": "2022-12 (Q4)",
      "revenue": 271900000,
      "gross_profit": 105500000,
      "operating_income": -38200000,
      "net_income": 127000000,
      "opex": 143700000,
      "cogs": 166400000,
      "rd": null,
      "sga": 77700000,
      "fcf": null,
      "ocf": null,
      "capex": -19200000,
      "gross_margin": 0.38801029790364105,
      "op_margin": -0.14049282824567855,
      "fcf_margin": null,
      "incr_op_margin_yoy": -0.7567567567567568,
      "rev_growth_yoy": 0.27832628114715563,
      "rev_growth_yoy_accel": 0.28892324335132374
    },
    {
      "date": "2023-03-31T00:00:00",
      "quarter_label": "2023-03 (Q1)",
      "revenue": 282600000,
      "gross_profit": 116100000,
      "operating_income": 43800000,
      "net_income": 37400000,
      "opex": 72300000,
      "cogs": 166500000,
      "rd": null,
      "sga": 71500000,
      "fcf": null,
      "ocf": null,
      "capex": -5000000,
      "gross_margin": 0.410828025477707,
      "op_margin": 0.15498938428874734,
      "fcf_margin": null,
      "incr_op_margin_yoy": -0.3557483731019523,
      "rev_growth_yoy": -0.1402494675996349,
      "rev_growth_yoy_accel": -0.41857574874679054,
      "op_leverage_ratio": null
    },
    {
      "date": "2023-06-30T00:00:00",
      "quarter_label": "2023-06 (Q2)",
      "revenue": 276900000,
      "gross_profit": 114800000,
      "operating_income": -19400000,
      "net_income": -18600000,
      "opex": 134200000,
      "cogs": 162100000,
      "rd": null,
      "sga": 73200000,
      "fcf": null,
      "ocf": null,
      "capex": -6900000,
      "gross_margin": 0.4145901047309498,
      "op_margin": -0.07006139400505598,
      "fcf_margin": null,
      "incr_op_margin_yoy": 1.225177304964539,
      "rev_growth_yoy": -0.1692169216921692,
      "rev_growth_yoy_accel": -0.02896745409253429
    },
    {
      "date": "2023-09-30T00:00:00",
      "quarter_label": "2023-09 (Q3)",
      "revenue": 250700000,
      "gross_profit": 99600000,
      "operating_income": 31900000,
      "net_income": 8300000,
      "opex": 67700000,
      "cogs": 151100000,
      "rd": null,
      "sga": 65600000,
      "fcf": null,
      "ocf": null,
      "capex": -8800000,
      "gross_margin": 0.39728759473474273,
      "op_margin": 0.1272437175907459,
      "fcf_margin": null,
      "incr_op_margin_yoy": 0.4421768707482993,
      "rev_growth_yoy": -0.10496251338807569,
      "rev_growth_yoy_accel": 0.06425440830409351
    },
    {
      "date": "2023-12-31T00:00:00",
      "quarter_label": "2023-12 (Q4)",
      "revenue": 249100000,
      "gross_profit": 96300000,
      "operating_income": 20500000,
      "net_income": -4900000,
      "opex": 75800000,
      "cogs": 152800000,
      "rd": null,
      "sga": 73900000,
      "fcf": null,
      "ocf": null,
      "capex": -13200000,
      "gross_margin": 0.38659173022882376,
      "op_margin": 0.08229626655961461,
      "fcf_margin": null,
      "incr_op_margin_yoy": -2.574561403508772,
      "rev_growth_yoy": -0.0838543582199338,
      "rev_growth_yoy_accel": 0.021108155168141893
    },
    {
      "date": "2024-03-31T00:00:00",
      "quarter_label": "2024-03 (Q1)",
      "revenue": 257500000,
      "gross_profit": 106200000,
      "operating_income": 28000000,
      "net_income": 12500000,
      "opex": 78200000,
      "cogs": 151300000,
      "rd": null,
      "sga": 77400000,
      "fcf": -1900000,
      "ocf": 6300000,
      "capex": -8200000,
      "gross_margin": 0.4124271844660194,
      "op_margin": 0.1087378640776699,
      "fcf_margin": -0.007378640776699029,
      "incr_op_margin_yoy": 0.6294820717131474,
      "rev_growth_yoy": -0.08881811748053786,
      "rev_growth_yoy_accel": -0.004963759260604064,
      "op_leverage_ratio": 1.065034122842232
    },
    {
      "date": "2024-06-30T00:00:00",
      "quarter_label": "2024-06 (Q2)",
      "revenue": 271900000,
      "gross_profit": 119000000,
      "operating_income": 48000000,
      "net_income": 26700000,
      "opex": 71000000,
      "cogs": 152900000,
      "rd": null,
      "sga": 70300000,
      "fcf": 38300000,
      "ocf": 43200000,
      "capex": -4900000,
      "gross_margin": 0.43766090474439134,
      "op_margin": 0.17653549098933433,
      "fcf_margin": 0.14086061051857302,
      "incr_op_margin_yoy": -13.48,
      "rev_growth_yoy": -0.01805706031058144,
      "rev_growth_yoy_accel": 0.07076105716995643,
      "op_leverage_ratio": null,
      "fcf_margin_change": 0.14823925129527205
    },
    {
      "date": "2024-09-30T00:00:00",
      "quarter_label": "2024-09 (Q3)",
      "revenue": 260900000,
      "gross_profit": 110300000,
      "operating_income": 34100000,
      "net_income": 19800000,
      "opex": 76200000,
      "cogs": 150600000,
      "rd": null,
      "sga": 71700000,
      "fcf": 48300000,
      "ocf": 54000000,
      "capex": -5700000,
      "gross_margin": 0.42276734380988884,
      "op_margin": 0.13070141816788042,
      "fcf_margin": 0.1851284016864699,
      "incr_op_margin_yoy": 0.21568627450980393,
      "rev_growth_yoy": 0.040686078978859196,
      "rev_growth_yoy_accel": 0.05874313928944064,
      "fcf_margin_change": 0.04426779116789689
    },
    {
      "date": "2024-12-31T00:00:00",
      "quarter_label": "2024-12 (Q4)",
      "revenue": 258400000,
      "gross_profit": 109300000,
      "operating_income": 32200000,
      "net_income": 13900000,
      "opex": 77100000,
      "cogs": 149100000,
      "rd": null,
      "sga": 76900000,
      "fcf": null,
      "ocf": null,
      "capex": -10300000,
      "gross_margin": 0.4229876160990712,
      "op_margin": 0.12461300309597523,
      "fcf_margin": null,
      "incr_op_margin_yoy": 1.2580645161290323,
      "rev_growth_yoy": 0.037334403853873946,
      "rev_growth_yoy_accel": -0.0033516751249852497
    },
    {
      "date": "2025-03-31T00:00:00",
      "quarter_label": "2025-03 (Q1)",
      "revenue": 273200000,
      "gross_profit": 118200000,
      "operating_income": 41800000,
      "net_income": 24500000,
      "opex": 76400000,
      "cogs": 155000000,
      "rd": null,
      "sga": 75800000,
      "fcf": 13000000,
      "ocf": 21000000,
      "capex": -8000000,
      "gross_margin": 0.43265007320644217,
      "op_margin": 0.15300146412884333,
      "fcf_margin": 0.04758418740849195,
      "incr_op_margin_yoy": 0.8789808917197452,
      "rev_growth_yoy": 0.06097087378640777,
      "rev_growth_yoy_accel": 0.02363646993253382,
      "op_leverage_ratio": null
    },
    {
      "date": "2025-06-30T00:00:00",
      "quarter_label": "2025-06 (Q2)",
      "revenue": 288100000,
      "gross_profit": 124800000,
      "operating_income": 45700000,
      "net_income": 26400000,
      "opex": 79100000,
      "cogs": 163300000,
      "rd": null,
      "sga": 79200000,
      "fcf": 42300000,
      "ocf": 52200000,
      "capex": -9900000,
      "gross_margin": 0.43318292259632074,
      "op_margin": 0.1586254772648386,
      "fcf_margin": 0.14682401943769524,
      "incr_op_margin_yoy": -0.1419753086419753,
      "rev_growth_yoy": 0.059580728208900334,
      "rev_growth_yoy_accel": -0.0013901455775074331,
      "op_leverage_ratio": 1.543246027872675,
      "fcf_margin_change": 0.09923983202920329
    },
    {
      "date": "2025-09-30T00:00:00",
      "quarter_label": "2025-09 (Q3)",
      "revenue": 286600000,
      "gross_profit": 120200000,
      "operating_income": 40900000,
      "net_income": 21600000,
      "opex": 79300000,
      "cogs": 166400000,
      "rd": null,
      "sga": 78900000,
      "fcf": 53400000,
      "ocf": 65300000,
      "capex": -11900000,
      "gross_margin": 0.41939986043265876,
      "op_margin": 0.1427076064200977,
      "fcf_margin": 0.18632240055826937,
      "incr_op_margin_yoy": 0.26459143968871596,
      "rev_growth_yoy": 0.09850517439632044,
      "rev_growth_yoy_accel": 0.0389244461874201,
      "fcf_margin_change": 0.03949838112057413
    },
    {
      "date": "2025-12-31T00:00:00",
      "quarter_label": "2025-12 (Q4)",
      "revenue": 295400000,
      "gross_profit": 124300000,
      "operating_income": 33200000,
      "net_income": -32000000,
      "opex": 91100000,
      "cogs": 171100000,
      "rd": null,
      "sga": 89600000,
      "fcf": null,
      "ocf": null,
      "capex": -12200000,
      "gross_margin": 0.42078537576167907,
      "op_margin": 0.11238997968855789,
      "fcf_margin": null,
      "incr_op_margin_yoy": 0.02702702702702703,
      "rev_growth_yoy": 0.14318885448916407,
      "rev_growth_yoy_accel": 0.04468368009284364,
      "op_leverage_ratio": 0.20634676570428281
    }
  ],
  "signals": [
    {
      "quarter": "2025-09 (Q3)",
      "signal": "INCREMENTAL MARGIN (YoY)",
      "detail": "YoY Incr OPM: +26.5% vs year-ago OPM: +13.1%",
      "severity": "MEDIUM"
    },
    {
      "quarter": "2025-06 (Q2)",
      "signal": "FCF MARGIN EXPANSION",
      "detail": "FCF margin: +4.8% -> +14.7% (+9.9%)",
      "severity": "MEDIUM"
    },
    {
      "quarter": "2025-06 (Q2)",
      "signal": "OPERATING LEVERAGE",
      "detail": "Rev growth +5.5% vs OpEx growth +3.5% (leverage: 1.5x)",
      "severity": "MEDIUM"
    },
    {
      "quarter": "2025-03 (Q1)",
      "signal": "INCREMENTAL MARGIN (YoY)",
      "detail": "YoY Incr OPM: +87.9% vs year-ago OPM: +10.9%",
      "severity": "HIGH"
    },
    {
      "quarter": "2024-12 (Q4)",
      "signal": "INCREMENTAL MARGIN (YoY)",
      "detail": "YoY Incr OPM: +125.8% vs year-ago OPM: +8.2%",
      "severity": "HIGH"
    },
    {
      "quarter": "2024-09 (Q3)",
      "signal": "YoY REVENUE GROWTH ACCELERATION",
      "detail": "YoY growth: +4.1% vs prior quarter YoY: -1.8% (accel: +5.9%)",
      "severity": "MEDIUM"
    },
    {
      "quarter": "2024-06 (Q2)",
      "signal": "FCF TURNED POSITIVE",
      "detail": "FCF margin: -0.7% -> +14.1%",
      "severity": "HIGH"
    },
    {
      "quarter": "2024-06 (Q2)",
      "signal": "YoY REVENUE GROWTH ACCELERATION",
      "detail": "YoY growth: -1.8% vs prior quarter YoY: -8.9% (accel: +7.1%)",
      "severity": "MEDIUM"
    },
    {
      "quarter": "2024-06 (Q2)",
      "signal": "OP MARGIN TURNED POSITIVE (YoY)",
      "detail": "Op margin: -7.0% (year-ago) -> +17.7%",
      "severity": "HIGH"
    },
    {
      "quarter": "2024-03 (Q1)",
      "signal": "GROSS MARGIN INFLECTION",
      "detail": "GM: +39.7% -> +38.7% -> +41.2% (reversal +2.6%)",
      "severity": "MEDIUM"
    },
    {
      "quarter": "2024-03 (Q1)",
      "signal": "INCREMENTAL MARGIN (YoY)",
      "detail": "YoY Incr OPM: +62.9% vs year-ago OPM: +15.5%",
      "severity": "HIGH"
    },
    {
      "quarter": "2023-12 (Q4)",
      "signal": "OP MARGIN TURNED POSITIVE (YoY)",
      "detail": "Op margin: -14.0% (year-ago) -> +8.2%",
      "severity": "HIGH"
    },
    {
      "quarter": "2023-09 (Q3)",
      "signal": "YoY REVENUE GROWTH ACCELERATION",
      "detail": "YoY growth: -10.5% vs prior quarter YoY: -16.9% (accel: +6.4%)",
      "severity": "MEDIUM"
    },
    {
      "quarter": "2023-09 (Q3)",
      "signal": "INCREMENTAL MARGIN (YoY)",
      "detail": "YoY Incr OPM: +44.2% vs year-ago OPM: +16.0%",
      "severity": "HIGH"
    },
    {
      "quarter": "2023-09 (Q3)",
      "signal": "OP MARGIN TURNED POSITIVE (QoQ)",
      "detail": "Op margin: -7.0% -> +12.7%",
      "severity": "HIGH"
    },
    {
      "quarter": "2023-03 (Q1)",
      "signal": "GROSS MARGIN INFLECTION",
      "detail": "GM: +39.6% -> +38.8% -> +41.1% (reversal +2.3%)",
      "severity": "MEDIUM"
    },
    {
      "quarter": "2023-03 (Q1)",
      "signal": "YoY REVENUE GROWTH DECELERATION",
      "detail": "YoY growth: -14.0% vs prior quarter YoY: +27.8% (decel: -41.9%)",
      "severity": "WARNING"
    },
    {
      "quarter": "2023-03 (Q1)",
      "signal": "OP MARGIN TURNED POSITIVE (QoQ)",
      "detail": "Op margin: -14.0% -> +15.5%",
      "severity": "HIGH"
    },
    {
      "quarter": "2022-12 (Q4)",
      "signal": "YoY REVENUE GROWTH ACCELERATION",
      "detail": "YoY growth: +27.8% vs prior quarter YoY: -1.1% (accel: +28.9%)",
      "severity": "HIGH"
    },
    {
      "quarter": "2022-09 (Q3)",
      "signal": "YoY REVENUE GROWTH DECELERATION",
      "detail": "YoY growth: -1.1% vs prior quarter YoY: +11.6% (decel: -12.7%)",
      "severity": "WARNING"
    },
    {
      "quarter": "2022-06 (Q2)",
      "signal": "GROSS MARGIN INFLECTION",
      "detail": "GM: +37.0% -> +34.9% -> +39.2% (reversal +4.3%)",
      "severity": "MEDIUM"
    },
    {
      "quarter": "2022-06 (Q2)",
      "signal": "YoY REVENUE GROWTH DECELERATION",
      "detail": "YoY growth: +11.6% vs prior quarter YoY: +17.7% (decel: -6.1%)",
      "severity": "WARNING"
    },
    {
      "quarter": "2022-06 (Q2)",
      "signal": "INCREMENTAL MARGIN (YoY)",
      "detail": "YoY Incr OPM: +51.3% vs year-ago OPM: +10.7%",
      "severity": "HIGH"
    },
    {
      "quarter": "2021-06 (Q2)",
      "signal": "FCF MARGIN EXPANSION",
      "detail": "FCF margin: +5.0% -> +11.5% (+6.4%)",
      "severity": "MEDIUM"
    },
    {
      "quarter": "2021-06 (Q2)",
      "signal": "OPERATING LEVERAGE",
      "detail": "Rev growth +6.9% vs OpEx growth +3.5% (leverage: 2.0x)",
      "severity": "MEDIUM"
    }
  ],
  "data_quality": {
    "n_quarters": 20,
    "coverage": {
      "revenue": [
        20,
        20
      ],
      "gross_profit": [
        20,
        20
      ],
      "op_income": [
        20,
        20
      ],
      "fcf": [
        10,
        20
      ]
    },
    "gaps": [],
    "warnings": [
      "fcf: 10/20Q"
    ]
  },
  "market_cap": null,
  "source": "SEC EDGAR",
  "last_updated": "2026-02-24T10:23:58.503842"
}