{
  "ticker": "NRC",
  "name": "National Research Corporation",
  "quarters": [
    {
      "date": "2020-12-31T00:00:00",
      "quarter_label": "2020-12 (Q4)",
      "revenue": 34774000,
      "gross_profit": null,
      "operating_income": 10187000,
      "net_income": null,
      "opex": 24587000,
      "cogs": null,
      "rd": null,
      "sga": 8887000,
      "fcf": 14668000,
      "ocf": 16217000,
      "capex": -1549000,
      "gross_margin": null,
      "op_margin": 0.29294875481681715,
      "fcf_margin": 0.42180939782596194
    },
    {
      "date": "2021-03-31T00:00:00",
      "quarter_label": "2021-03 (Q1)",
      "revenue": 35464000,
      "gross_profit": null,
      "operating_income": 12020000,
      "net_income": null,
      "opex": 23444000,
      "cogs": null,
      "rd": null,
      "sga": 9520000,
      "fcf": 13170000,
      "ocf": 14408000,
      "capex": -1238000,
      "gross_margin": null,
      "op_margin": 0.338935258290097,
      "fcf_margin": 0.37136250845928265,
      "op_leverage_ratio": Infinity,
      "fcf_margin_change": -0.05044688936667929
    },
    {
      "date": "2021-06-30T00:00:00",
      "quarter_label": "2021-06 (Q2)",
      "revenue": 36425000,
      "gross_profit": null,
      "operating_income": 12239000,
      "net_income": null,
      "opex": 24186000,
      "cogs": null,
      "rd": null,
      "sga": 10016000,
      "fcf": 9591000,
      "ocf": 11158000,
      "capex": -1567000,
      "gross_margin": null,
      "op_margin": 0.33600549073438574,
      "fcf_margin": 0.26330816746739877,
      "op_leverage_ratio": 0.8561768420258986,
      "fcf_margin_change": -0.10805434099188388
    },
    {
      "date": "2021-09-30T00:00:00",
      "quarter_label": "2021-09 (Q3)",
      "revenue": 37767000,
      "gross_profit": null,
      "operating_income": 13138000,
      "net_income": null,
      "opex": 24629000,
      "cogs": null,
      "rd": null,
      "sga": 9523000,
      "fcf": 7712000,
      "ocf": 8704000,
      "capex": -992000,
      "gross_margin": null,
      "op_margin": 0.34786983345248496,
      "fcf_margin": 0.20419943336775492,
      "op_leverage_ratio": 2.011468693982967,
      "fcf_margin_change": -0.059108734099643845
    },
    {
      "date": "2021-12-31T00:00:00",
      "quarter_label": "2021-12 (Q4)",
      "revenue": 38298000,
      "gross_profit": null,
      "operating_income": 12874000,
      "net_income": null,
      "opex": 25424000,
      "cogs": null,
      "rd": null,
      "sga": 9900000,
      "fcf": 10357000,
      "ocf": 12074000,
      "capex": -1717000,
      "gross_margin": null,
      "op_margin": 0.33615332393336467,
      "fcf_margin": 0.27043187633819,
      "incr_op_margin_yoy": 0.7624858115777525,
      "rev_growth_yoy": 0.10134008167021338,
      "op_leverage_ratio": 0.43557373388267984,
      "fcf_margin_change": 0.06623244297043507
    },
    {
      "date": "2022-03-31T00:00:00",
      "quarter_label": "2022-03 (Q1)",
      "revenue": 38441000,
      "gross_profit": null,
      "operating_income": 11697000,
      "net_income": null,
      "opex": 26744000,
      "cogs": null,
      "rd": null,
      "sga": 10649000,
      "fcf": 5748000,
      "ocf": 8290000,
      "capex": -2542000,
      "gross_margin": null,
      "op_margin": 0.30428448791654744,
      "fcf_margin": 0.14952784787076298,
      "incr_op_margin_yoy": -0.10849848841115217,
      "rev_growth_yoy": 0.08394428152492668,
      "rev_growth_yoy_accel": -0.017395800145286702,
      "fcf_margin_change": -0.12090402846742701
    },
    {
      "date": "2022-06-30T00:00:00",
      "quarter_label": "2022-06 (Q2)",
      "revenue": 37292000,
      "gross_profit": null,
      "operating_income": 11496000,
      "net_income": null,
      "opex": 25796000,
      "cogs": null,
      "rd": null,
      "sga": 10748000,
      "fcf": 8477000,
      "ocf": 9821000,
      "capex": -1344000,
      "gross_margin": null,
      "op_margin": 0.3082698702134506,
      "fcf_margin": 0.22731416925882228,
      "rev_growth_yoy": 0.023802333562113934,
      "rev_growth_yoy_accel": -0.06014194796281275,
      "fcf_margin_change": 0.0777863213880593
    },
    {
      "date": "2022-09-30T00:00:00",
      "quarter_label": "2022-09 (Q3)",
      "revenue": 37691000,
      "gross_profit": null,
      "operating_income": 11109000,
      "net_income": null,
      "opex": 26582000,
      "cogs": null,
      "rd": null,
      "sga": 10762000,
      "fcf": 6067000,
      "ocf": 10050000,
      "capex": -3983000,
      "gross_margin": null,
      "op_margin": 0.2947387970603062,
      "fcf_margin": 0.16096680905255897,
      "rev_growth_yoy": -0.002012338814308788,
      "rev_growth_yoy_accel": -0.025814672376422723,
      "op_leverage_ratio": 0.351145447563401,
      "fcf_margin_change": -0.0663473602062633
    },
    {
      "date": "2022-12-31T00:00:00",
      "quarter_label": "2022-12 (Q4)",
      "revenue": 38144000,
      "gross_profit": null,
      "operating_income": 12242000,
      "net_income": null,
      "opex": 25902000,
      "cogs": null,
      "rd": null,
      "sga": 10540000,
      "fcf": 6138000,
      "ocf": 8104000,
      "capex": -1966000,
      "gross_margin": null,
      "op_margin": 0.32094169463087246,
      "fcf_margin": 0.1609165268456376,
      "rev_growth_yoy": -0.004021097707452086,
      "rev_growth_yoy_accel": -0.002008758893143298,
      "op_leverage_ratio": Infinity,
      "fcf_margin_change": -5.028220692138152e-05
    },
    {
      "date": "2023-03-31T00:00:00",
      "quarter_label": "2023-03 (Q1)",
      "revenue": 36473000,
      "gross_profit": null,
      "operating_income": 9016000,
      "net_income": null,
      "opex": 27457000,
      "cogs": null,
      "rd": null,
      "sga": 11783000,
      "fcf": 4554000,
      "ocf": 7753000,
      "capex": -3199000,
      "gross_margin": null,
      "op_margin": 0.24719655635675705,
      "fcf_margin": 0.12485948509856606,
      "incr_op_margin_yoy": 1.3622967479674797,
      "rev_growth_yoy": -0.05119533831065789,
      "rev_growth_yoy_accel": -0.047174240603205804,
      "fcf_margin_change": -0.03605704174707153
    },
    {
      "date": "2023-06-30T00:00:00",
      "quarter_label": "2023-06 (Q2)",
      "revenue": 36161000,
      "gross_profit": null,
      "operating_income": 9365000,
      "net_income": null,
      "opex": 26796000,
      "cogs": null,
      "rd": null,
      "sga": 11966000,
      "fcf": 4495000,
      "ocf": 8835000,
      "capex": -4340000,
      "gross_margin": null,
      "op_margin": 0.2589806697823622,
      "fcf_margin": 0.12430519067503665,
      "incr_op_margin_yoy": 1.8841732979664014,
      "rev_growth_yoy": -0.030328220529872357,
      "rev_growth_yoy_accel": 0.02086711778078553,
      "fcf_margin_change": -0.0005542944235294167
    },
    {
      "date": "2023-09-30T00:00:00",
      "quarter_label": "2023-09 (Q3)",
      "revenue": 37945000,
      "gross_profit": null,
      "operating_income": 9955000,
      "net_income": null,
      "opex": 27990000,
      "cogs": null,
      "rd": null,
      "sga": 11802000,
      "fcf": 5347000,
      "ocf": 9817000,
      "capex": -4470000,
      "gross_margin": null,
      "op_margin": 0.2623534062458822,
      "fcf_margin": 0.14091448148636185,
      "rev_growth_yoy": 0.006739009312567987,
      "rev_growth_yoy_accel": 0.03706722984244035,
      "op_leverage_ratio": 1.1071846608946951,
      "fcf_margin_change": 0.0166092908113252
    },
    {
      "date": "2023-12-31T00:00:00",
      "quarter_label": "2023-12 (Q4)",
      "revenue": 38001000,
      "gross_profit": null,
      "operating_income": 11709000,
      "net_income": null,
      "opex": 26292000,
      "cogs": null,
      "rd": null,
      "sga": 11069000,
      "fcf": 7938000,
      "ocf": 11708000,
      "capex": -3770000,
      "gross_margin": null,
      "op_margin": 0.30812347043498856,
      "fcf_margin": 0.2088892397568485,
      "rev_growth_yoy": -0.003748951342281879,
      "rev_growth_yoy_accel": -0.010487960654849866,
      "fcf_margin_change": 0.06797475827048666
    },
    {
      "date": "2024-03-31T00:00:00",
      "quarter_label": "2024-03 (Q1)",
      "revenue": 35313000,
      "gross_profit": null,
      "operating_income": 8760000,
      "net_income": null,
      "opex": 26553000,
      "cogs": null,
      "rd": null,
      "sga": 11250000,
      "fcf": 7899000,
      "ocf": 12037000,
      "capex": -4138000,
      "gross_margin": null,
      "op_margin": 0.24806728400305836,
      "fcf_margin": 0.2236853283493331,
      "incr_op_margin_yoy": 0.2206896551724138,
      "rev_growth_yoy": -0.031804348422120474,
      "rev_growth_yoy_accel": -0.028055397079838593,
      "fcf_margin_change": 0.014796088592484602
    },
    {
      "date": "2024-06-30T00:00:00",
      "quarter_label": "2024-06 (Q2)",
      "revenue": 35021000,
      "gross_profit": null,
      "operating_income": 8865000,
      "net_income": null,
      "opex": 26156000,
      "cogs": null,
      "rd": null,
      "sga": 11221000,
      "fcf": 1517000,
      "ocf": 6787000,
      "capex": -5270000,
      "gross_margin": null,
      "op_margin": 0.2531338339853231,
      "fcf_margin": 0.043316867022643556,
      "incr_op_margin_yoy": 0.43859649122807015,
      "rev_growth_yoy": -0.03152567683415835,
      "rev_growth_yoy_accel": 0.0002786715879621246,
      "fcf_margin_change": -0.18036846132668954
    },
    {
      "date": "2024-09-30T00:00:00",
      "quarter_label": "2024-09 (Q3)",
      "revenue": 35819000,
      "gross_profit": null,
      "operating_income": 7980000,
      "net_income": null,
      "opex": 27839000,
      "cogs": null,
      "rd": null,
      "sga": 10988000,
      "fcf": 7826000,
      "ocf": 9422000,
      "capex": -1596000,
      "gross_margin": null,
      "op_margin": 0.22278678913425837,
      "fcf_margin": 0.2184873949579832,
      "incr_op_margin_yoy": 0.9289746001881467,
      "rev_growth_yoy": -0.05602846224799051,
      "rev_growth_yoy_accel": -0.024502785413832162,
      "op_leverage_ratio": 0.354129055543501,
      "fcf_margin_change": 0.17517052793533963
    },
    {
      "date": "2024-12-31T00:00:00",
      "quarter_label": "2024-12 (Q4)",
      "revenue": 36906000,
      "gross_profit": null,
      "operating_income": 9588000,
      "net_income": null,
      "opex": 27318000,
      "cogs": null,
      "rd": null,
      "sga": 11452000,
      "fcf": 1935000,
      "ocf": 6379000,
      "capex": -4444000,
      "gross_margin": null,
      "op_margin": 0.2597951552593074,
      "fcf_margin": 0.05243049910583645,
      "incr_op_margin_yoy": 1.936986301369863,
      "rev_growth_yoy": -0.028815031183389912,
      "rev_growth_yoy_accel": 0.0272134310646006,
      "op_leverage_ratio": Infinity,
      "fcf_margin_change": -0.16605689585214675
    },
    {
      "date": "2025-03-31T00:00:00",
      "quarter_label": "2025-03 (Q1)",
      "revenue": 33551000,
      "gross_profit": null,
      "operating_income": 8596000,
      "net_income": null,
      "opex": 24955000,
      "cogs": null,
      "rd": null,
      "sga": 10356000,
      "fcf": 3660000,
      "ocf": 6646000,
      "capex": -2986000,
      "gross_margin": null,
      "op_margin": 0.25620696849572294,
      "fcf_margin": 0.10908765759589878,
      "incr_op_margin_yoy": 0.09307604994324631,
      "rev_growth_yoy": -0.049896638631665394,
      "rev_growth_yoy_accel": -0.02108160744827548,
      "fcf_margin_change": 0.05665715849006233
    },
    {
      "date": "2025-06-30T00:00:00",
      "quarter_label": "2025-06 (Q2)",
      "revenue": 34038000,
      "gross_profit": null,
      "operating_income": 1588000,
      "net_income": null,
      "opex": 32450000,
      "cogs": null,
      "rd": null,
      "sga": 17734000,
      "fcf": -4149000,
      "ocf": -1139000,
      "capex": -3010000,
      "gross_margin": null,
      "op_margin": 0.04665373993771667,
      "fcf_margin": -0.12189317821258594,
      "rev_growth_yoy": -0.028068872961937122,
      "rev_growth_yoy_accel": 0.021827765669728272,
      "op_leverage_ratio": 0.04832918029921053,
      "fcf_margin_change": -0.23098083580848472
    },
    {
      "date": "2025-09-30T00:00:00",
      "quarter_label": "2025-09 (Q3)",
      "revenue": 34608000,
      "gross_profit": null,
      "operating_income": 7738000,
      "net_income": null,
      "opex": 26870000,
      "cogs": null,
      "rd": null,
      "sga": 12271000,
      "fcf": 10175000,
      "ocf": 13764000,
      "capex": -3589000,
      "gross_margin": null,
      "op_margin": 0.2235899214054554,
      "fcf_margin": 0.2940071659731854,
      "incr_op_margin_yoy": 0.19983484723369116,
      "rev_growth_yoy": -0.033808872386163764,
      "rev_growth_yoy_accel": -0.0057399994242266425,
      "op_leverage_ratio": Infinity,
      "fcf_margin_change": 0.4159003441857713
    }
  ],
  "signals": [
    {
      "quarter": "2025-09 (Q3)",
      "signal": "FCF TURNED POSITIVE",
      "detail": "FCF margin: -12.2% -> +29.4%",
      "severity": "HIGH"
    },
    {
      "quarter": "2025-03 (Q1)",
      "signal": "FCF MARGIN EXPANSION",
      "detail": "FCF margin: +5.2% -> +10.9% (+5.7%)",
      "severity": "MEDIUM"
    },
    {
      "quarter": "2024-12 (Q4)",
      "signal": "INCREMENTAL MARGIN (YoY)",
      "detail": "YoY Incr OPM: +193.7% vs year-ago OPM: +30.8%",
      "severity": "HIGH"
    },
    {
      "quarter": "2024-09 (Q3)",
      "signal": "FCF MARGIN EXPANSION",
      "detail": "FCF margin: +4.3% -> +21.8% (+17.5%)",
      "severity": "MEDIUM"
    },
    {
      "quarter": "2024-09 (Q3)",
      "signal": "INCREMENTAL MARGIN (YoY)",
      "detail": "YoY Incr OPM: +92.9% vs year-ago OPM: +26.2%",
      "severity": "HIGH"
    },
    {
      "quarter": "2024-06 (Q2)",
      "signal": "INCREMENTAL MARGIN (YoY)",
      "detail": "YoY Incr OPM: +43.9% vs year-ago OPM: +25.9%",
      "severity": "MEDIUM"
    },
    {
      "quarter": "2023-12 (Q4)",
      "signal": "FCF MARGIN EXPANSION",
      "detail": "FCF margin: +14.1% -> +20.9% (+6.8%)",
      "severity": "MEDIUM"
    },
    {
      "quarter": "2023-06 (Q2)",
      "signal": "INCREMENTAL MARGIN (YoY)",
      "detail": "YoY Incr OPM: +188.4% vs year-ago OPM: +30.8%",
      "severity": "HIGH"
    },
    {
      "quarter": "2023-03 (Q1)",
      "signal": "INCREMENTAL MARGIN (YoY)",
      "detail": "YoY Incr OPM: +136.2% vs year-ago OPM: +30.4%",
      "severity": "HIGH"
    },
    {
      "quarter": "2022-06 (Q2)",
      "signal": "FCF MARGIN EXPANSION",
      "detail": "FCF margin: +15.0% -> +22.7% (+7.8%)",
      "severity": "MEDIUM"
    },
    {
      "quarter": "2022-06 (Q2)",
      "signal": "YoY REVENUE GROWTH DECELERATION",
      "detail": "YoY growth: +2.4% vs prior quarter YoY: +8.4% (decel: -6.0%)",
      "severity": "WARNING"
    },
    {
      "quarter": "2021-12 (Q4)",
      "signal": "FCF MARGIN EXPANSION",
      "detail": "FCF margin: +20.4% -> +27.0% (+6.6%)",
      "severity": "MEDIUM"
    },
    {
      "quarter": "2021-12 (Q4)",
      "signal": "INCREMENTAL MARGIN (YoY)",
      "detail": "YoY Incr OPM: +76.2% vs year-ago OPM: +29.3%",
      "severity": "HIGH"
    },
    {
      "quarter": "2021-09 (Q3)",
      "signal": "OPERATING LEVERAGE",
      "detail": "Rev growth +3.7% vs OpEx growth +1.8% (leverage: 2.0x)",
      "severity": "MEDIUM"
    }
  ],
  "data_quality": {
    "n_quarters": 20,
    "coverage": {
      "revenue": [
        20,
        20
      ],
      "gross_profit": [
        0,
        20
      ],
      "op_income": [
        20,
        20
      ],
      "fcf": [
        20,
        20
      ]
    },
    "gaps": [],
    "warnings": [
      "gross_profit: no data"
    ]
  },
  "market_cap": null,
  "source": "SEC EDGAR",
  "last_updated": "2026-02-02T22:28:18.764755",
  "sector": "Healthcare",
  "industry": "Health Information Services"
}