{
  "ticker": "NRDY",
  "name": "NERDY INC.",
  "quarters": [
    {
      "date": "2020-12-31T00:00:00",
      "quarter_label": "2020-12 (Q4)",
      "revenue": 33007000,
      "gross_profit": 22567000,
      "operating_income": -623360,
      "net_income": 0,
      "opex": 23190360,
      "cogs": 10440000,
      "rd": null,
      "sga": null,
      "fcf": -3106000,
      "ocf": -2234000,
      "capex": -872000,
      "gross_margin": 0.683703456842488,
      "op_margin": -0.018885690914048535,
      "fcf_margin": -0.09410125124973491
    },
    {
      "date": "2021-03-31T00:00:00",
      "quarter_label": "2021-03 (Q1)",
      "revenue": 34565000,
      "gross_profit": 23373000,
      "operating_income": 28324396,
      "net_income": 0,
      "opex": -4951396,
      "cogs": 11192000,
      "rd": null,
      "sga": null,
      "fcf": -3263000,
      "ocf": -2415000,
      "capex": -848000,
      "gross_margin": 0.6762042528569362,
      "op_margin": 0.8194530883842037,
      "fcf_margin": -0.09440185158397223,
      "op_leverage_ratio": Infinity,
      "fcf_margin_change": -0.00030060033423731647
    },
    {
      "date": "2021-06-30T00:00:00",
      "quarter_label": "2021-06 (Q2)",
      "revenue": 32786000,
      "gross_profit": 21273000,
      "operating_income": -9192981,
      "net_income": 0,
      "opex": 30465981,
      "cogs": 11513000,
      "rd": null,
      "sga": null,
      "fcf": -9689000,
      "ocf": -8422000,
      "capex": -1267000,
      "gross_margin": 0.6488440187885073,
      "op_margin": -0.2803934911242604,
      "fcf_margin": -0.2955224791069359,
      "fcf_margin_change": -0.20112062752296367
    },
    {
      "date": "2021-09-30T00:00:00",
      "quarter_label": "2021-09 (Q3)",
      "revenue": 31298000,
      "gross_profit": 20659000,
      "operating_income": -58016000,
      "net_income": -21275000,
      "opex": 78675000,
      "cogs": 10639000,
      "rd": null,
      "sga": null,
      "fcf": -10766000,
      "ocf": -9112000,
      "capex": -1654000,
      "gross_margin": 0.6600741261422455,
      "op_margin": -1.8536647709118794,
      "fcf_margin": -0.34398364112722857,
      "fcf_margin_change": -0.04846116202029266
    },
    {
      "date": "2021-12-31T00:00:00",
      "quarter_label": "2021-12 (Q4)",
      "revenue": 42015000,
      "gross_profit": 28659000,
      "operating_income": -26565000,
      "net_income": 17496000,
      "opex": 55224000,
      "cogs": 13356000,
      "rd": null,
      "sga": null,
      "fcf": -20336000,
      "ocf": -18942000,
      "capex": -1394000,
      "gross_margin": 0.6821135308818279,
      "op_margin": -0.6322741877900749,
      "fcf_margin": -0.48401761275734856,
      "incr_op_margin_yoy": -2.8798445825932504,
      "rev_growth_yoy": 0.2729118065864817,
      "op_leverage_ratio": Infinity,
      "fcf_margin_change": -0.14003397163012
    },
    {
      "date": "2022-03-31T00:00:00",
      "quarter_label": "2022-03 (Q1)",
      "revenue": 46925000,
      "gross_profit": 32773000,
      "operating_income": -20682000,
      "net_income": -16845000,
      "opex": 53455000,
      "cogs": 14152000,
      "rd": null,
      "sga": null,
      "fcf": -2195000,
      "ocf": -931000,
      "capex": -1264000,
      "gross_margin": 0.6984123601491742,
      "op_margin": -0.4407458710708578,
      "fcf_margin": -0.04677677144379329,
      "incr_op_margin_yoy": -3.964918770226537,
      "rev_growth_yoy": 0.3575871546361927,
      "rev_growth_yoy_accel": 0.084675348049711,
      "op_leverage_ratio": Infinity,
      "fcf_margin_change": 0.4372408413135553
    },
    {
      "date": "2022-06-30T00:00:00",
      "quarter_label": "2022-06 (Q2)",
      "revenue": 42186000,
      "gross_profit": 28755000,
      "operating_income": -22007000,
      "net_income": 8695000,
      "opex": 50762000,
      "cogs": 13431000,
      "rd": null,
      "sga": null,
      "fcf": -20710000,
      "ocf": -19260000,
      "capex": -1450000,
      "gross_margin": 0.6816242355283744,
      "op_margin": -0.5216659555302707,
      "fcf_margin": -0.4909211586782345,
      "incr_op_margin_yoy": -1.363193510638298,
      "rev_growth_yoy": 0.28670774110900993,
      "rev_growth_yoy_accel": -0.07087941352718274,
      "fcf_margin_change": -0.4441443872344412
    },
    {
      "date": "2022-09-30T00:00:00",
      "quarter_label": "2022-09 (Q3)",
      "revenue": 31752000,
      "gross_profit": 21917000,
      "operating_income": -27687000,
      "net_income": -18516000,
      "opex": 49604000,
      "cogs": 9835000,
      "rd": null,
      "sga": null,
      "fcf": -14904000,
      "ocf": -13279000,
      "capex": -1625000,
      "gross_margin": 0.6902557319223986,
      "op_margin": -0.8719765684051398,
      "fcf_margin": -0.46938775510204084,
      "rev_growth_yoy": 0.014505719215285321,
      "rev_growth_yoy_accel": -0.2722020218937246,
      "fcf_margin_change": 0.021533403576193655
    },
    {
      "date": "2022-12-31T00:00:00",
      "quarter_label": "2022-12 (Q4)",
      "revenue": 41802000,
      "gross_profit": 29488000,
      "operating_income": -20433000,
      "net_income": -8733000,
      "opex": 49921000,
      "cogs": 12314000,
      "rd": null,
      "sga": null,
      "fcf": -15510000,
      "ocf": -14532000,
      "capex": -978000,
      "gross_margin": 0.7054207932634802,
      "op_margin": -0.4888043634275872,
      "fcf_margin": -0.37103487871393714,
      "rev_growth_yoy": -0.0050696179935737235,
      "rev_growth_yoy_accel": -0.019575337208859046,
      "op_leverage_ratio": 49.528184915746884,
      "fcf_margin_change": 0.0983528763881037
    },
    {
      "date": "2023-03-31T00:00:00",
      "quarter_label": "2023-03 (Q1)",
      "revenue": 49180000,
      "gross_profit": 33890000,
      "operating_income": -11370000,
      "net_income": -18931000,
      "opex": 45260000,
      "cogs": 15290000,
      "rd": null,
      "sga": null,
      "fcf": 5812000,
      "ocf": 6794000,
      "capex": -982000,
      "gross_margin": 0.6891012606750712,
      "op_margin": -0.23119154127694186,
      "fcf_margin": 0.11817812118747459,
      "incr_op_margin_yoy": 4.129490022172949,
      "rev_growth_yoy": 0.04805540756526372,
      "rev_growth_yoy_accel": 0.05312502555883744,
      "op_leverage_ratio": Infinity,
      "fcf_margin_change": 0.48921299990141176
    },
    {
      "date": "2023-06-30T00:00:00",
      "quarter_label": "2023-06 (Q2)",
      "revenue": 48839000,
      "gross_profit": 34099000,
      "operating_income": -10473000,
      "net_income": -3298000,
      "opex": 44572000,
      "cogs": 14740000,
      "rd": null,
      "sga": null,
      "fcf": -5582000,
      "ocf": -4515000,
      "capex": -1067000,
      "gross_margin": 0.698192018673601,
      "op_margin": -0.2144392800835398,
      "fcf_margin": -0.11429390446159832,
      "incr_op_margin_yoy": 1.7336539906808959,
      "rev_growth_yoy": 0.1577063480775613,
      "rev_growth_yoy_accel": 0.10965094051229757,
      "fcf_margin_change": -0.2324720256490729
    },
    {
      "date": "2023-09-30T00:00:00",
      "quarter_label": "2023-09 (Q3)",
      "revenue": 40296000,
      "gross_profit": 29188000,
      "operating_income": -25553000,
      "net_income": -12290000,
      "opex": 54741000,
      "cogs": 11108000,
      "rd": null,
      "sga": null,
      "fcf": -6668000,
      "ocf": -4794000,
      "capex": -1874000,
      "gross_margin": 0.7243398848520946,
      "op_margin": -0.6341324200913242,
      "fcf_margin": -0.16547548143736351,
      "incr_op_margin_yoy": 0.24976591760299627,
      "rev_growth_yoy": 0.2690854119425548,
      "rev_growth_yoy_accel": 0.11137906386499352,
      "fcf_margin_change": -0.0511815769757652
    },
    {
      "date": "2023-12-31T00:00:00",
      "quarter_label": "2023-12 (Q4)",
      "revenue": 55084000,
      "gross_profit": 39270000,
      "operating_income": -10175000,
      "net_income": -5655000,
      "opex": 49445000,
      "cogs": 15814000,
      "rd": null,
      "sga": null,
      "fcf": -8009000,
      "ocf": -5045000,
      "capex": -2964000,
      "gross_margin": 0.7129111901822671,
      "op_margin": -0.1847178854113717,
      "fcf_margin": -0.14539612228596327,
      "incr_op_margin_yoy": 0.7723234452642674,
      "rev_growth_yoy": 0.3177359934931343,
      "rev_growth_yoy_accel": 0.0486505815505795,
      "op_leverage_ratio": Infinity,
      "fcf_margin_change": 0.020079359151400245
    },
    {
      "date": "2024-03-31T00:00:00",
      "quarter_label": "2024-03 (Q1)",
      "revenue": 53727000,
      "gross_profit": 36515000,
      "operating_income": -12853000,
      "net_income": -7446000,
      "opex": 49368000,
      "cogs": 17212000,
      "rd": null,
      "sga": null,
      "fcf": 2132000,
      "ocf": 4353000,
      "capex": -2221000,
      "gross_margin": 0.6796396597613863,
      "op_margin": -0.23922794870363132,
      "fcf_margin": 0.03968209652502466,
      "incr_op_margin_yoy": -0.326149109302837,
      "rev_growth_yoy": 0.09245628304188695,
      "rev_growth_yoy_accel": -0.22527971045124734,
      "fcf_margin_change": 0.18507821881098793
    },
    {
      "date": "2024-06-30T00:00:00",
      "quarter_label": "2024-06 (Q2)",
      "revenue": 50984000,
      "gross_profit": 33487000,
      "operating_income": -15229000,
      "net_income": -9093000,
      "opex": 48716000,
      "cogs": 17497000,
      "rd": null,
      "sga": null,
      "fcf": -7122000,
      "ocf": -5588000,
      "capex": -1534000,
      "gross_margin": 0.6568139024007532,
      "op_margin": -0.2987015534285266,
      "fcf_margin": -0.13969088341440453,
      "incr_op_margin_yoy": -2.217249417249417,
      "rev_growth_yoy": 0.04391981817809537,
      "rev_growth_yoy_accel": -0.04853646486379158,
      "fcf_margin_change": -0.1793729799394292
    },
    {
      "date": "2024-09-30T00:00:00",
      "quarter_label": "2024-09 (Q3)",
      "revenue": 37530000,
      "gross_profit": 26453000,
      "operating_income": -25724000,
      "net_income": -15900000,
      "opex": 52177000,
      "cogs": 11077000,
      "rd": null,
      "sga": null,
      "fcf": -4998000,
      "ocf": -3053000,
      "capex": -1945000,
      "gross_margin": 0.704849453770317,
      "op_margin": -0.6854249933386624,
      "fcf_margin": -0.1331734612310152,
      "incr_op_margin_yoy": 0.06182212581344902,
      "rev_growth_yoy": -0.0686420488385944,
      "rev_growth_yoy_accel": -0.11256186701668977,
      "fcf_margin_change": 0.0065174221833893264
    },
    {
      "date": "2024-12-31T00:00:00",
      "quarter_label": "2024-12 (Q4)",
      "revenue": 47990000,
      "gross_profit": 31939000,
      "operating_income": -16302000,
      "net_income": -10146000,
      "opex": 48241000,
      "cogs": 16051000,
      "rd": null,
      "sga": null,
      "fcf": -12478000,
      "ocf": -11315000,
      "capex": -1163000,
      "gross_margin": 0.6655344863513232,
      "op_margin": -0.33969576995207335,
      "fcf_margin": -0.2600125026047093,
      "incr_op_margin_yoy": 0.8636876233436707,
      "rev_growth_yoy": -0.12878512816788903,
      "rev_growth_yoy_accel": -0.060143079329294635,
      "op_leverage_ratio": Infinity,
      "fcf_margin_change": -0.12683904137369412
    },
    {
      "date": "2025-03-31T00:00:00",
      "quarter_label": "2025-03 (Q1)",
      "revenue": 47595000,
      "gross_profit": 27611000,
      "operating_income": -16585000,
      "net_income": -10496000,
      "opex": 44196000,
      "cogs": 19984000,
      "rd": null,
      "sga": null,
      "fcf": -7619000,
      "ocf": -6444000,
      "capex": -1175000,
      "gross_margin": 0.5801239626011135,
      "op_margin": -0.3484609727912596,
      "fcf_margin": -0.1600798403193613,
      "incr_op_margin_yoy": 0.6086105675146771,
      "rev_growth_yoy": -0.11413255904852308,
      "rev_growth_yoy_accel": 0.014652569119365952,
      "fcf_margin_change": 0.09993266228534803
    },
    {
      "date": "2025-06-30T00:00:00",
      "quarter_label": "2025-06 (Q2)",
      "revenue": 45263000,
      "gross_profit": 27842000,
      "operating_income": -12288000,
      "net_income": -7897000,
      "opex": 40130000,
      "cogs": 17421000,
      "rd": null,
      "sga": null,
      "fcf": -8203000,
      "ocf": -7045000,
      "capex": -1158000,
      "gross_margin": 0.6151160992422067,
      "op_margin": -0.27148001679075623,
      "fcf_margin": -0.18122970196407662,
      "incr_op_margin_yoy": -0.5140709666142282,
      "rev_growth_yoy": -0.11221167425074534,
      "rev_growth_yoy_accel": 0.0019208847977777443,
      "fcf_margin_change": -0.02114986164471533
    },
    {
      "date": "2025-09-30T00:00:00",
      "quarter_label": "2025-09 (Q3)",
      "revenue": 37019000,
      "gross_profit": 23296000,
      "operating_income": -19082000,
      "net_income": -12287000,
      "opex": 42378000,
      "cogs": 13723000,
      "rd": null,
      "sga": null,
      "fcf": -4142000,
      "ocf": -2424000,
      "capex": -1718000,
      "gross_margin": 0.6292984683540884,
      "op_margin": -0.5154650314703261,
      "fcf_margin": -0.11188848969448122,
      "rev_growth_yoy": -0.013615774047428723,
      "rev_growth_yoy_accel": 0.09859590020331661,
      "fcf_margin_change": 0.0693412122695954
    }
  ],
  "signals": [
    {
      "quarter": "2025-09 (Q3)",
      "signal": "FCF MARGIN EXPANSION",
      "detail": "FCF margin: -18.1% -> -11.2% (+6.9%)",
      "severity": "MEDIUM"
    },
    {
      "quarter": "2025-09 (Q3)",
      "signal": "YoY REVENUE GROWTH ACCELERATION",
      "detail": "YoY growth: -1.4% vs prior quarter YoY: -11.2% (accel: +9.9%)",
      "severity": "MEDIUM"
    },
    {
      "quarter": "2025-06 (Q2)",
      "signal": "GROSS MARGIN INFLECTION",
      "detail": "GM: +66.6% -> +58.0% -> +61.5% (reversal +3.5%)",
      "severity": "MEDIUM"
    },
    {
      "quarter": "2025-03 (Q1)",
      "signal": "FCF MARGIN EXPANSION",
      "detail": "FCF margin: -26.0% -> -16.0% (+10.0%)",
      "severity": "MEDIUM"
    },
    {
      "quarter": "2024-12 (Q4)",
      "signal": "YoY REVENUE GROWTH DECELERATION",
      "detail": "YoY growth: -12.9% vs prior quarter YoY: -6.9% (decel: -6.0%)",
      "severity": "WARNING"
    },
    {
      "quarter": "2024-09 (Q3)",
      "signal": "GROSS MARGIN INFLECTION",
      "detail": "GM: +68.0% -> +65.7% -> +70.5% (reversal +4.8%)",
      "severity": "MEDIUM"
    },
    {
      "quarter": "2024-09 (Q3)",
      "signal": "YoY REVENUE GROWTH DECELERATION",
      "detail": "YoY growth: -6.9% vs prior quarter YoY: +4.4% (decel: -11.3%)",
      "severity": "WARNING"
    },
    {
      "quarter": "2024-03 (Q1)",
      "signal": "FCF TURNED POSITIVE",
      "detail": "FCF margin: -14.5% -> +4.0%",
      "severity": "HIGH"
    },
    {
      "quarter": "2024-03 (Q1)",
      "signal": "YoY REVENUE GROWTH DECELERATION",
      "detail": "YoY growth: +9.2% vs prior quarter YoY: +31.8% (decel: -22.5%)",
      "severity": "WARNING"
    },
    {
      "quarter": "2023-09 (Q3)",
      "signal": "YoY REVENUE GROWTH ACCELERATION",
      "detail": "YoY growth: +26.9% vs prior quarter YoY: +15.8% (accel: +11.1%)",
      "severity": "MEDIUM"
    },
    {
      "quarter": "2023-06 (Q2)",
      "signal": "YoY REVENUE GROWTH ACCELERATION",
      "detail": "YoY growth: +15.8% vs prior quarter YoY: +4.8% (accel: +11.0%)",
      "severity": "MEDIUM"
    },
    {
      "quarter": "2023-03 (Q1)",
      "signal": "FCF TURNED POSITIVE",
      "detail": "FCF margin: -37.1% -> +11.8%",
      "severity": "HIGH"
    },
    {
      "quarter": "2023-03 (Q1)",
      "signal": "YoY REVENUE GROWTH ACCELERATION",
      "detail": "YoY growth: +4.8% vs prior quarter YoY: -0.5% (accel: +5.3%)",
      "severity": "MEDIUM"
    },
    {
      "quarter": "2022-12 (Q4)",
      "signal": "FCF MARGIN EXPANSION",
      "detail": "FCF margin: -46.9% -> -37.1% (+9.8%)",
      "severity": "MEDIUM"
    },
    {
      "quarter": "2022-12 (Q4)",
      "signal": "OPERATING LEVERAGE",
      "detail": "Rev growth +31.7% vs OpEx growth +0.6% (leverage: 49.5x)",
      "severity": "MEDIUM"
    },
    {
      "quarter": "2022-09 (Q3)",
      "signal": "YoY REVENUE GROWTH DECELERATION",
      "detail": "YoY growth: +1.5% vs prior quarter YoY: +28.7% (decel: -27.2%)",
      "severity": "WARNING"
    },
    {
      "quarter": "2022-06 (Q2)",
      "signal": "YoY REVENUE GROWTH DECELERATION",
      "detail": "YoY growth: +28.7% vs prior quarter YoY: +35.8% (decel: -7.1%)",
      "severity": "WARNING"
    },
    {
      "quarter": "2022-03 (Q1)",
      "signal": "FCF MARGIN EXPANSION",
      "detail": "FCF margin: -48.4% -> -4.7% (+43.7%)",
      "severity": "MEDIUM"
    },
    {
      "quarter": "2022-03 (Q1)",
      "signal": "YoY REVENUE GROWTH ACCELERATION",
      "detail": "YoY growth: +35.8% vs prior quarter YoY: +27.3% (accel: +8.5%)",
      "severity": "MEDIUM"
    },
    {
      "quarter": "2021-03 (Q1)",
      "signal": "OP MARGIN TURNED POSITIVE (QoQ)",
      "detail": "Op margin: -1.9% -> +81.9%",
      "severity": "HIGH"
    }
  ],
  "data_quality": {
    "n_quarters": 20,
    "coverage": {
      "revenue": [
        20,
        20
      ],
      "gross_profit": [
        20,
        20
      ],
      "op_income": [
        20,
        20
      ],
      "fcf": [
        20,
        20
      ]
    },
    "gaps": [],
    "warnings": []
  },
  "market_cap": null,
  "source": "SEC EDGAR",
  "last_updated": "2026-02-02T23:03:27.234744"
}