{
  "ticker": "NRIM",
  "name": "Northrim BanCorp, Inc.",
  "quarters": [
    {
      "date": "2017-03-31T00:00:00",
      "quarter_label": "2017-03 (Q1)",
      "revenue": 1395000,
      "gross_profit": null,
      "operating_income": null,
      "net_income": null,
      "opex": null,
      "cogs": null,
      "rd": null,
      "sga": null,
      "fcf": null,
      "ocf": null,
      "capex": null,
      "gross_margin": null,
      "op_margin": null,
      "fcf_margin": null
    },
    {
      "date": "2017-06-30T00:00:00",
      "quarter_label": "2017-06 (Q2)",
      "revenue": 1415000,
      "gross_profit": null,
      "operating_income": null,
      "net_income": null,
      "opex": null,
      "cogs": null,
      "rd": null,
      "sga": null,
      "fcf": null,
      "ocf": null,
      "capex": null,
      "gross_margin": null,
      "op_margin": null,
      "fcf_margin": null
    },
    {
      "date": "2017-09-30T00:00:00",
      "quarter_label": "2017-09 (Q3)",
      "revenue": 1441000,
      "gross_profit": null,
      "operating_income": null,
      "net_income": null,
      "opex": null,
      "cogs": null,
      "rd": null,
      "sga": null,
      "fcf": null,
      "ocf": null,
      "capex": null,
      "gross_margin": null,
      "op_margin": null,
      "fcf_margin": null
    },
    {
      "date": "2017-12-31T00:00:00",
      "quarter_label": "2017-12 (Q4)",
      "revenue": 1575000,
      "gross_profit": null,
      "operating_income": null,
      "net_income": null,
      "opex": null,
      "cogs": null,
      "rd": null,
      "sga": null,
      "fcf": null,
      "ocf": null,
      "capex": null,
      "gross_margin": null,
      "op_margin": null,
      "fcf_margin": null
    },
    {
      "date": "2018-03-31T00:00:00",
      "quarter_label": "2018-03 (Q1)",
      "revenue": 1342000,
      "gross_profit": null,
      "operating_income": null,
      "net_income": null,
      "opex": null,
      "cogs": null,
      "rd": null,
      "sga": null,
      "fcf": null,
      "ocf": null,
      "capex": null,
      "gross_margin": null,
      "op_margin": null,
      "fcf_margin": null,
      "rev_growth_yoy": -0.03799283154121864
    },
    {
      "date": "2018-06-30T00:00:00",
      "quarter_label": "2018-06 (Q2)",
      "revenue": 1519000,
      "gross_profit": null,
      "operating_income": null,
      "net_income": null,
      "opex": null,
      "cogs": null,
      "rd": null,
      "sga": null,
      "fcf": null,
      "ocf": null,
      "capex": null,
      "gross_margin": null,
      "op_margin": null,
      "fcf_margin": null,
      "rev_growth_yoy": 0.0734982332155477,
      "rev_growth_yoy_accel": 0.11149106475676634
    },
    {
      "date": "2018-09-30T00:00:00",
      "quarter_label": "2018-09 (Q3)",
      "revenue": 1536000,
      "gross_profit": null,
      "operating_income": null,
      "net_income": null,
      "opex": null,
      "cogs": null,
      "rd": null,
      "sga": null,
      "fcf": null,
      "ocf": null,
      "capex": null,
      "gross_margin": null,
      "op_margin": null,
      "fcf_margin": null,
      "rev_growth_yoy": 0.0659264399722415,
      "rev_growth_yoy_accel": -0.007571793243306202
    },
    {
      "date": "2018-12-31T00:00:00",
      "quarter_label": "2018-12 (Q4)",
      "revenue": 1514000,
      "gross_profit": null,
      "operating_income": null,
      "net_income": null,
      "opex": null,
      "cogs": null,
      "rd": null,
      "sga": null,
      "fcf": null,
      "ocf": null,
      "capex": null,
      "gross_margin": null,
      "op_margin": null,
      "fcf_margin": null,
      "rev_growth_yoy": -0.03873015873015873,
      "rev_growth_yoy_accel": -0.10465659870240024
    },
    {
      "date": "2019-03-31T00:00:00",
      "quarter_label": "2019-03 (Q1)",
      "revenue": 1428000,
      "gross_profit": null,
      "operating_income": null,
      "net_income": null,
      "opex": null,
      "cogs": null,
      "rd": null,
      "sga": null,
      "fcf": null,
      "ocf": null,
      "capex": null,
      "gross_margin": null,
      "op_margin": null,
      "fcf_margin": null,
      "rev_growth_yoy": 0.06408345752608048,
      "rev_growth_yoy_accel": 0.10281361625623922
    },
    {
      "date": "2019-06-30T00:00:00",
      "quarter_label": "2019-06 (Q2)",
      "revenue": 1608000,
      "gross_profit": null,
      "operating_income": null,
      "net_income": null,
      "opex": null,
      "cogs": null,
      "rd": null,
      "sga": null,
      "fcf": null,
      "ocf": null,
      "capex": null,
      "gross_margin": null,
      "op_margin": null,
      "fcf_margin": null,
      "rev_growth_yoy": 0.05859117840684661,
      "rev_growth_yoy_accel": -0.0054922791192338685
    },
    {
      "date": "2024-03-31T00:00:00",
      "quarter_label": "2024-03 (Q1)",
      "revenue": 43652000,
      "gross_profit": 34142000,
      "operating_income": null,
      "net_income": 8199000,
      "opex": null,
      "cogs": null,
      "rd": null,
      "sga": null,
      "fcf": -6585000,
      "ocf": -5545000,
      "capex": -1040000,
      "gross_margin": 0.7821405662970768,
      "op_margin": null,
      "fcf_margin": -0.15085219463025748
    },
    {
      "date": "2024-06-30T00:00:00",
      "quarter_label": "2024-06 (Q2)",
      "revenue": 46486000,
      "gross_profit": 36750000,
      "operating_income": null,
      "net_income": 9020000,
      "opex": null,
      "cogs": null,
      "rd": null,
      "sga": null,
      "fcf": -39393000,
      "ocf": -38499000,
      "capex": -894000,
      "gross_margin": 0.7905605988899884,
      "op_margin": null,
      "fcf_margin": -0.8474164264509745,
      "fcf_margin_change": -0.696564231820717
    },
    {
      "date": "2024-09-30T00:00:00",
      "quarter_label": "2024-09 (Q3)",
      "revenue": 51003000,
      "gross_profit": 38366000,
      "operating_income": null,
      "net_income": 8825000,
      "opex": null,
      "cogs": null,
      "rd": null,
      "sga": null,
      "fcf": -330000,
      "ocf": -201000,
      "capex": -129000,
      "gross_margin": 0.7522302609650413,
      "op_margin": null,
      "fcf_margin": -0.006470207634845009,
      "fcf_margin_change": 0.8409462188161295
    },
    {
      "date": "2024-12-31T00:00:00",
      "quarter_label": "2024-12 (Q4)",
      "revenue": 54819000,
      "gross_profit": 42673000,
      "operating_income": null,
      "net_income": 10927000,
      "opex": null,
      "cogs": null,
      "rd": null,
      "sga": null,
      "fcf": 36961000,
      "ocf": 35518000,
      "capex": 1443000,
      "gross_margin": 0.7784344843940969,
      "op_margin": null,
      "fcf_margin": 0.6742370346047903,
      "fcf_margin_change": 0.6807072422396353
    },
    {
      "date": "2025-03-31T00:00:00",
      "quarter_label": "2025-03 (Q1)",
      "revenue": 55761000,
      "gross_profit": 46906000,
      "operating_income": null,
      "net_income": 13324000,
      "opex": null,
      "cogs": null,
      "rd": null,
      "sga": null,
      "fcf": 16332000,
      "ocf": 16540000,
      "capex": -208000,
      "gross_margin": 0.841197252560033,
      "op_margin": null,
      "fcf_margin": 0.29289288212191317,
      "rev_growth_yoy": 0.2773985155319344,
      "fcf_margin_change": -0.3813441524828772
    },
    {
      "date": "2025-06-30T00:00:00",
      "quarter_label": "2025-06 (Q2)",
      "revenue": 61439000,
      "gross_profit": 48256000,
      "operating_income": null,
      "net_income": 11778000,
      "opex": null,
      "cogs": null,
      "rd": null,
      "sga": null,
      "fcf": -4732000,
      "ocf": -4416000,
      "capex": -316000,
      "gross_margin": 0.7854294503491268,
      "op_margin": null,
      "fcf_margin": -0.07701948273897687,
      "rev_growth_yoy": 0.32166673837284343,
      "rev_growth_yoy_accel": 0.04426822284090903,
      "fcf_margin_change": -0.36991236486089
    },
    {
      "date": "2025-09-30T00:00:00",
      "quarter_label": "2025-09 (Q3)",
      "revenue": 77217000,
      "gross_profit": 64869000,
      "operating_income": null,
      "net_income": 27065000,
      "opex": null,
      "cogs": null,
      "rd": null,
      "sga": null,
      "fcf": 89946000,
      "ocf": 92671000,
      "capex": -2725000,
      "gross_margin": 0.8400870274680446,
      "op_margin": null,
      "fcf_margin": 1.1648471191576983,
      "rev_growth_yoy": 0.5139697664843245,
      "rev_growth_yoy_accel": 0.19230302811148103,
      "fcf_margin_change": 1.2418666018966753
    }
  ],
  "signals": [
    {
      "quarter": "2025-09 (Q3)",
      "signal": "FCF TURNED POSITIVE",
      "detail": "FCF margin: -7.7% -> +116.5%",
      "severity": "HIGH"
    },
    {
      "quarter": "2025-09 (Q3)",
      "signal": "GROSS MARGIN INFLECTION",
      "detail": "GM: +84.1% -> +78.5% -> +84.0% (reversal +5.5%)",
      "severity": "HIGH"
    },
    {
      "quarter": "2025-09 (Q3)",
      "signal": "YoY REVENUE GROWTH ACCELERATION",
      "detail": "YoY growth: +51.4% vs prior quarter YoY: +32.2% (accel: +19.2%)",
      "severity": "HIGH"
    },
    {
      "quarter": "2024-12 (Q4)",
      "signal": "FCF TURNED POSITIVE",
      "detail": "FCF margin: -0.6% -> +67.4%",
      "severity": "HIGH"
    },
    {
      "quarter": "2024-12 (Q4)",
      "signal": "GROSS MARGIN INFLECTION",
      "detail": "GM: +79.1% -> +75.2% -> +77.8% (reversal +2.6%)",
      "severity": "MEDIUM"
    },
    {
      "quarter": "2024-09 (Q3)",
      "signal": "FCF MARGIN EXPANSION",
      "detail": "FCF margin: -84.7% -> -0.6% (+84.1%)",
      "severity": "MEDIUM"
    },
    {
      "quarter": "2019-03 (Q1)",
      "signal": "YoY REVENUE GROWTH ACCELERATION",
      "detail": "YoY growth: +6.4% vs prior quarter YoY: -3.9% (accel: +10.3%)",
      "severity": "MEDIUM"
    },
    {
      "quarter": "2018-12 (Q4)",
      "signal": "YoY REVENUE GROWTH DECELERATION",
      "detail": "YoY growth: -3.9% vs prior quarter YoY: +6.6% (decel: -10.5%)",
      "severity": "WARNING"
    },
    {
      "quarter": "2018-06 (Q2)",
      "signal": "YoY REVENUE GROWTH ACCELERATION",
      "detail": "YoY growth: +7.3% vs prior quarter YoY: -3.8% (accel: +11.1%)",
      "severity": "MEDIUM"
    }
  ],
  "data_quality": {
    "n_quarters": 17,
    "coverage": {
      "revenue": [
        17,
        17
      ],
      "gross_profit": [
        7,
        17
      ],
      "op_income": [
        0,
        17
      ],
      "fcf": [
        7,
        17
      ]
    },
    "gaps": [
      [
        "2019-06 (Q2)",
        "2024-03 (Q1)",
        1736
      ]
    ],
    "warnings": [
      "gross_profit: 7/17Q",
      "op_income: no data",
      "fcf: 7/17Q",
      "gap: 18Q missing between 2019-06 (Q2) and 2024-03 (Q1)"
    ]
  },
  "market_cap": null,
  "source": "SEC EDGAR",
  "last_updated": "2026-02-02T22:24:42.053883"
}