{
  "ticker": "NRIX",
  "name": "NURIX THERAPEUTICS, INC.",
  "quarters": [
    {
      "date": "2021-02-28T00:00:00",
      "quarter_label": "2021-02 (Q1)",
      "revenue": 5011000,
      "gross_profit": null,
      "operating_income": -24522000,
      "net_income": -24275000,
      "opex": 29533000,
      "cogs": null,
      "rd": 23003000,
      "sga": null,
      "fcf": 7210000,
      "ocf": 8053000,
      "capex": -843000,
      "gross_margin": null,
      "op_margin": -4.893634005188585,
      "fcf_margin": 1.4388345639592897
    },
    {
      "date": "2021-05-31T00:00:00",
      "quarter_label": "2021-05 (Q2)",
      "revenue": 7091000,
      "gross_profit": null,
      "operating_income": -26414000,
      "net_income": -26382000,
      "opex": 33505000,
      "cogs": null,
      "rd": 25994000,
      "sga": null,
      "fcf": -33626000,
      "ocf": -31535000,
      "capex": -2091000,
      "gross_margin": null,
      "op_margin": -3.7250035255958256,
      "fcf_margin": -4.742067409392187,
      "op_leverage_ratio": 3.0862937388701552,
      "fcf_margin_change": -6.180901973351477
    },
    {
      "date": "2021-08-31T00:00:00",
      "quarter_label": "2021-08 (Q3)",
      "revenue": 10252000,
      "gross_profit": null,
      "operating_income": -28997000,
      "net_income": -28835000,
      "opex": 39249000,
      "cogs": null,
      "rd": 30906000,
      "sga": null,
      "fcf": -31837000,
      "ocf": -29972000,
      "capex": -1865000,
      "gross_margin": null,
      "op_margin": -2.8284237222005464,
      "fcf_margin": -3.1054428404213814,
      "op_leverage_ratio": 2.600232615669987,
      "fcf_margin_change": 1.6366245689708059
    },
    {
      "date": "2021-11-30T00:00:00",
      "quarter_label": "2021-11 (Q4)",
      "revenue": 7396000,
      "gross_profit": null,
      "operating_income": -37953000,
      "net_income": -37702000,
      "opex": 45349000,
      "cogs": null,
      "rd": 36531000,
      "sga": null,
      "fcf": -31773000,
      "ocf": -30911000,
      "capex": -862000,
      "gross_margin": null,
      "op_margin": -5.131557598702001,
      "fcf_margin": -4.2959707950243375,
      "fcf_margin_change": -1.1905279546029561
    },
    {
      "date": "2022-02-28T00:00:00",
      "quarter_label": "2022-02 (Q1)",
      "revenue": 9621000,
      "gross_profit": null,
      "operating_income": -42744000,
      "net_income": -42533000,
      "opex": 52365000,
      "cogs": null,
      "rd": 43137000,
      "sga": null,
      "fcf": -46102000,
      "ocf": -42630000,
      "capex": -3472000,
      "gross_margin": null,
      "op_margin": -4.442781415653259,
      "fcf_margin": -4.791809583203409,
      "incr_op_margin_yoy": -3.952711496746204,
      "rev_growth_yoy": 0.919976052684095,
      "op_leverage_ratio": 1.9445147743888185,
      "fcf_margin_change": -0.49583878817907134
    },
    {
      "date": "2022-05-31T00:00:00",
      "quarter_label": "2022-05 (Q2)",
      "revenue": 11432000,
      "gross_profit": null,
      "operating_income": -45715000,
      "net_income": -45401000,
      "opex": 57147000,
      "cogs": null,
      "rd": 47493000,
      "sga": null,
      "fcf": -35703000,
      "ocf": -32914000,
      "capex": -2789000,
      "gross_margin": null,
      "op_margin": -3.998862841147656,
      "fcf_margin": -3.123075577326802,
      "incr_op_margin_yoy": -4.446210550564386,
      "rev_growth_yoy": 0.6121844591736003,
      "rev_growth_yoy_accel": -0.3077915935104947,
      "op_leverage_ratio": 2.0612457431509936,
      "fcf_margin_change": 1.668734005876607
    },
    {
      "date": "2022-08-31T00:00:00",
      "quarter_label": "2022-08 (Q3)",
      "revenue": 10791000,
      "gross_profit": null,
      "operating_income": -46718000,
      "net_income": -45709000,
      "opex": 57509000,
      "cogs": null,
      "rd": 47761000,
      "sga": null,
      "fcf": -49726000,
      "ocf": -46308000,
      "capex": -3418000,
      "gross_margin": null,
      "op_margin": -4.329348531183394,
      "fcf_margin": -4.608099342044296,
      "rev_growth_yoy": 0.05257510729613734,
      "rev_growth_yoy_accel": -0.559609351877463,
      "fcf_margin_change": -1.4850237647174942
    },
    {
      "date": "2022-11-30T00:00:00",
      "quarter_label": "2022-11 (Q4)",
      "revenue": 6783000,
      "gross_profit": null,
      "operating_income": -48690000,
      "net_income": -46717000,
      "opex": 55473000,
      "cogs": null,
      "rd": 46106000,
      "sga": null,
      "fcf": -40520000,
      "ocf": -37955000,
      "capex": -2565000,
      "gross_margin": null,
      "op_margin": -7.178239716939407,
      "fcf_margin": -5.973757924222321,
      "rev_growth_yoy": -0.08288263926446728,
      "rev_growth_yoy_accel": -0.1354577465606046,
      "fcf_margin_change": -1.3656585821780247
    },
    {
      "date": "2023-02-28T00:00:00",
      "quarter_label": "2023-02 (Q1)",
      "revenue": 12685000,
      "gross_profit": null,
      "operating_income": -42952000,
      "net_income": -40733000,
      "opex": 55637000,
      "cogs": null,
      "rd": 45816000,
      "sga": null,
      "fcf": -50729000,
      "ocf": -48452000,
      "capex": -2277000,
      "gross_margin": null,
      "op_margin": -3.386046511627907,
      "fcf_margin": -3.9991328340559718,
      "incr_op_margin_yoy": -0.06788511749347259,
      "rev_growth_yoy": 0.3184700135121089,
      "rev_growth_yoy_accel": 0.40135265277657617,
      "op_leverage_ratio": 294.3168951791243,
      "fcf_margin_change": 1.9746250901663491
    },
    {
      "date": "2023-05-31T00:00:00",
      "quarter_label": "2023-05 (Q2)",
      "revenue": 30676000,
      "gross_profit": null,
      "operating_income": -26765000,
      "net_income": -24277000,
      "opex": 57441000,
      "cogs": null,
      "rd": 45763000,
      "sga": null,
      "fcf": -19549000,
      "ocf": -18469000,
      "capex": -1080000,
      "gross_margin": null,
      "op_margin": -0.8725061937671144,
      "fcf_margin": -0.6372734385187117,
      "incr_op_margin_yoy": 0.9847225109124922,
      "rev_growth_yoy": 1.6833449965010496,
      "rev_growth_yoy_accel": 1.3648749829889408,
      "op_leverage_ratio": 43.741331923890066,
      "fcf_margin_change": 3.36185939553726
    },
    {
      "date": "2023-08-31T00:00:00",
      "quarter_label": "2023-08 (Q3)",
      "revenue": 18467000,
      "gross_profit": null,
      "operating_income": -40012000,
      "net_income": -36982000,
      "opex": 58479000,
      "cogs": null,
      "rd": 47856000,
      "sga": null,
      "fcf": -43592000,
      "ocf": -41133000,
      "capex": -2459000,
      "gross_margin": null,
      "op_margin": -2.166675691774517,
      "fcf_margin": -2.3605350083933505,
      "incr_op_margin_yoy": 0.8736321000521104,
      "rev_growth_yoy": 0.7113335186729682,
      "rev_growth_yoy_accel": -0.9720114778280814,
      "fcf_margin_change": -1.723261569874639
    },
    {
      "date": "2023-11-30T00:00:00",
      "quarter_label": "2023-11 (Q4)",
      "revenue": 15159000,
      "gross_profit": null,
      "operating_income": -45334000,
      "net_income": -41956000,
      "opex": 60493000,
      "cogs": null,
      "rd": 49713000,
      "sga": null,
      "fcf": 24104000,
      "ocf": 26689000,
      "capex": -2585000,
      "gross_margin": null,
      "op_margin": -2.9905666600699257,
      "fcf_margin": 1.590078501220397,
      "incr_op_margin_yoy": 0.40066857688634194,
      "rev_growth_yoy": 1.2348518354710305,
      "rev_growth_yoy_accel": 0.5235183167980623,
      "fcf_margin_change": 3.9506135096137474
    },
    {
      "date": "2024-02-29T00:00:00",
      "quarter_label": "2024-02 (Q1)",
      "revenue": 16585000,
      "gross_profit": null,
      "operating_income": -45219000,
      "net_income": -41518000,
      "opex": 61804000,
      "cogs": null,
      "rd": 50005000,
      "sga": null,
      "fcf": -44835000,
      "ocf": -41951000,
      "capex": -2884000,
      "gross_margin": null,
      "op_margin": -2.726499849261381,
      "fcf_margin": -2.7033463973470004,
      "incr_op_margin_yoy": -0.5812820512820512,
      "rev_growth_yoy": 0.30744974379188017,
      "rev_growth_yoy_accel": -0.9274020916791503,
      "op_leverage_ratio": 4.340616367093603,
      "fcf_margin_change": -4.293424898567397
    },
    {
      "date": "2024-05-31T00:00:00",
      "quarter_label": "2024-05 (Q2)",
      "revenue": 12092000,
      "gross_profit": null,
      "operating_income": -48540000,
      "net_income": -44546000,
      "opex": 60632000,
      "cogs": null,
      "rd": 48922000,
      "sga": null,
      "fcf": -41642000,
      "ocf": -39705000,
      "capex": -1937000,
      "gross_margin": null,
      "op_margin": -4.014224280516044,
      "fcf_margin": -3.443764472378432,
      "incr_op_margin_yoy": 1.1717068445975032,
      "rev_growth_yoy": -0.6058156213326379,
      "rev_growth_yoy_accel": -0.9132653651245181,
      "fcf_margin_change": -0.7404180750314318
    },
    {
      "date": "2024-08-31T00:00:00",
      "quarter_label": "2024-08 (Q3)",
      "revenue": 12588000,
      "gross_profit": null,
      "operating_income": -54611000,
      "net_income": -48956000,
      "opex": 67199000,
      "cogs": null,
      "rd": 55481000,
      "sga": null,
      "fcf": -44524000,
      "ocf": -42177000,
      "capex": -2347000,
      "gross_margin": null,
      "op_margin": -4.338338099777566,
      "fcf_margin": -3.5370193835398793,
      "incr_op_margin_yoy": 2.4832454499064465,
      "rev_growth_yoy": -0.3183516543022689,
      "rev_growth_yoy_accel": 0.28746396703036897,
      "op_leverage_ratio": 0.378720152754067,
      "fcf_margin_change": -0.09325491116144713
    },
    {
      "date": "2024-11-30T00:00:00",
      "quarter_label": "2024-11 (Q4)",
      "revenue": 13284000,
      "gross_profit": null,
      "operating_income": -64657000,
      "net_income": -58549000,
      "opex": 77941000,
      "cogs": null,
      "rd": 67224000,
      "sga": null,
      "fcf": -50856000,
      "ocf": -48751000,
      "capex": -2105000,
      "gross_margin": null,
      "op_margin": -4.867283950617284,
      "fcf_margin": -3.82836495031617,
      "incr_op_margin_yoy": 10.3056,
      "rev_growth_yoy": -0.12368889768454383,
      "rev_growth_yoy_accel": 0.19466275661772509,
      "op_leverage_ratio": 0.34588375697683726,
      "fcf_margin_change": -0.29134556677629053
    },
    {
      "date": "2025-02-28T00:00:00",
      "quarter_label": "2025-02 (Q1)",
      "revenue": 18453000,
      "gross_profit": null,
      "operating_income": -62864000,
      "net_income": -56351000,
      "opex": 81317000,
      "cogs": null,
      "rd": 69663000,
      "sga": null,
      "fcf": -64572000,
      "ocf": -61087000,
      "capex": -3485000,
      "gross_margin": null,
      "op_margin": -3.4067089362163334,
      "fcf_margin": -3.499268411640384,
      "incr_op_margin_yoy": -9.44593147751606,
      "rev_growth_yoy": 0.11263189629182997,
      "rev_growth_yoy_accel": 0.2363207939763738,
      "op_leverage_ratio": 8.9834095796033,
      "fcf_margin_change": 0.32909653867578603
    },
    {
      "date": "2025-05-31T00:00:00",
      "quarter_label": "2025-05 (Q2)",
      "revenue": 44056000,
      "gross_profit": null,
      "operating_income": -48322000,
      "net_income": -43464000,
      "opex": 92378000,
      "cogs": null,
      "rd": 78096000,
      "sga": null,
      "fcf": -65836000,
      "ocf": -63161000,
      "capex": -2675000,
      "gross_margin": null,
      "op_margin": -1.0968313056110406,
      "fcf_margin": -1.494370800798983,
      "incr_op_margin_yoy": 0.006820172694281066,
      "rev_growth_yoy": 2.6434005954349984,
      "rev_growth_yoy_accel": 2.5307686991431684,
      "op_leverage_ratio": 10.200250329440989,
      "fcf_margin_change": 2.0048976108414007
    },
    {
      "date": "2025-08-31T00:00:00",
      "quarter_label": "2025-08 (Q3)",
      "revenue": 7894000,
      "gross_profit": null,
      "operating_income": -91385000,
      "net_income": -86421000,
      "opex": 99279000,
      "cogs": null,
      "rd": 86120000,
      "sga": null,
      "fcf": -60096000,
      "ocf": -57385000,
      "capex": -2711000,
      "gross_margin": null,
      "op_margin": -11.57651380795541,
      "fcf_margin": -7.6128705345832275,
      "incr_op_margin_yoy": 7.8342564976565825,
      "rev_growth_yoy": -0.3728948204639339,
      "rev_growth_yoy_accel": -3.016295415898932,
      "fcf_margin_change": -6.118499733784244
    },
    {
      "date": "2025-11-30T00:00:00",
      "quarter_label": "2025-11 (Q4)",
      "revenue": 13577000,
      "gross_profit": null,
      "operating_income": -83095000,
      "net_income": -78221000,
      "opex": 96672000,
      "cogs": null,
      "rd": 83024000,
      "sga": null,
      "fcf": -72963000,
      "ocf": -67832000,
      "capex": -5131000,
      "gross_margin": null,
      "op_margin": -6.120276938940856,
      "fcf_margin": -5.374014878102674,
      "rev_growth_yoy": 0.022056609454983438,
      "rev_growth_yoy_accel": 0.39495142991891735,
      "op_leverage_ratio": Infinity,
      "fcf_margin_change": 2.2388556564805535
    }
  ],
  "signals": [
    {
      "quarter": "2025-11 (Q4)",
      "signal": "FCF MARGIN EXPANSION",
      "detail": "FCF margin: -761.3% -> -537.4% (+223.9%)",
      "severity": "MEDIUM"
    },
    {
      "quarter": "2025-11 (Q4)",
      "signal": "YoY REVENUE GROWTH ACCELERATION",
      "detail": "YoY growth: +2.2% vs prior quarter YoY: -37.3% (accel: +39.5%)",
      "severity": "HIGH"
    },
    {
      "quarter": "2025-08 (Q3)",
      "signal": "YoY REVENUE GROWTH DECELERATION",
      "detail": "YoY growth: -37.3% vs prior quarter YoY: +264.3% (decel: -301.6%)",
      "severity": "WARNING"
    },
    {
      "quarter": "2025-05 (Q2)",
      "signal": "FCF MARGIN EXPANSION",
      "detail": "FCF margin: -349.9% -> -149.4% (+200.5%)",
      "severity": "MEDIUM"
    },
    {
      "quarter": "2025-05 (Q2)",
      "signal": "OPERATING LEVERAGE",
      "detail": "Rev growth +138.7% vs OpEx growth +13.6% (leverage: 10.2x)",
      "severity": "MEDIUM"
    },
    {
      "quarter": "2025-05 (Q2)",
      "signal": "YoY REVENUE GROWTH ACCELERATION",
      "detail": "YoY growth: +264.3% vs prior quarter YoY: +11.3% (accel: +253.1%)",
      "severity": "HIGH"
    },
    {
      "quarter": "2025-02 (Q1)",
      "signal": "FCF MARGIN EXPANSION",
      "detail": "FCF margin: -382.8% -> -349.9% (+32.9%)",
      "severity": "MEDIUM"
    },
    {
      "quarter": "2025-02 (Q1)",
      "signal": "OPERATING LEVERAGE",
      "detail": "Rev growth +38.9% vs OpEx growth +4.3% (leverage: 9.0x)",
      "severity": "MEDIUM"
    },
    {
      "quarter": "2025-02 (Q1)",
      "signal": "YoY REVENUE GROWTH ACCELERATION",
      "detail": "YoY growth: +11.3% vs prior quarter YoY: -12.4% (accel: +23.6%)",
      "severity": "HIGH"
    },
    {
      "quarter": "2024-11 (Q4)",
      "signal": "YoY REVENUE GROWTH ACCELERATION",
      "detail": "YoY growth: -12.4% vs prior quarter YoY: -31.8% (accel: +19.5%)",
      "severity": "HIGH"
    },
    {
      "quarter": "2024-08 (Q3)",
      "signal": "YoY REVENUE GROWTH ACCELERATION",
      "detail": "YoY growth: -31.8% vs prior quarter YoY: -60.6% (accel: +28.7%)",
      "severity": "HIGH"
    },
    {
      "quarter": "2024-05 (Q2)",
      "signal": "YoY REVENUE GROWTH DECELERATION",
      "detail": "YoY growth: -60.6% vs prior quarter YoY: +30.7% (decel: -91.3%)",
      "severity": "WARNING"
    },
    {
      "quarter": "2024-02 (Q1)",
      "signal": "OPERATING LEVERAGE",
      "detail": "Rev growth +9.4% vs OpEx growth +2.2% (leverage: 4.3x)",
      "severity": "MEDIUM"
    },
    {
      "quarter": "2024-02 (Q1)",
      "signal": "YoY REVENUE GROWTH DECELERATION",
      "detail": "YoY growth: +30.7% vs prior quarter YoY: +123.5% (decel: -92.7%)",
      "severity": "WARNING"
    },
    {
      "quarter": "2023-11 (Q4)",
      "signal": "FCF TURNED POSITIVE",
      "detail": "FCF margin: -236.1% -> +159.0%",
      "severity": "HIGH"
    },
    {
      "quarter": "2023-11 (Q4)",
      "signal": "YoY REVENUE GROWTH ACCELERATION",
      "detail": "YoY growth: +123.5% vs prior quarter YoY: +71.1% (accel: +52.4%)",
      "severity": "HIGH"
    },
    {
      "quarter": "2023-08 (Q3)",
      "signal": "YoY REVENUE GROWTH DECELERATION",
      "detail": "YoY growth: +71.1% vs prior quarter YoY: +168.3% (decel: -97.2%)",
      "severity": "WARNING"
    },
    {
      "quarter": "2023-05 (Q2)",
      "signal": "FCF MARGIN EXPANSION",
      "detail": "FCF margin: -399.9% -> -63.7% (+336.2%)",
      "severity": "MEDIUM"
    },
    {
      "quarter": "2023-05 (Q2)",
      "signal": "OPERATING LEVERAGE",
      "detail": "Rev growth +141.8% vs OpEx growth +3.2% (leverage: 43.7x)",
      "severity": "MEDIUM"
    },
    {
      "quarter": "2023-05 (Q2)",
      "signal": "YoY REVENUE GROWTH ACCELERATION",
      "detail": "YoY growth: +168.3% vs prior quarter YoY: +31.8% (accel: +136.5%)",
      "severity": "HIGH"
    },
    {
      "quarter": "2023-02 (Q1)",
      "signal": "FCF MARGIN EXPANSION",
      "detail": "FCF margin: -597.4% -> -399.9% (+197.5%)",
      "severity": "MEDIUM"
    },
    {
      "quarter": "2023-02 (Q1)",
      "signal": "OPERATING LEVERAGE",
      "detail": "Rev growth +87.0% vs OpEx growth +0.3% (leverage: 294.3x)",
      "severity": "MEDIUM"
    },
    {
      "quarter": "2023-02 (Q1)",
      "signal": "YoY REVENUE GROWTH ACCELERATION",
      "detail": "YoY growth: +31.8% vs prior quarter YoY: -8.3% (accel: +40.1%)",
      "severity": "HIGH"
    },
    {
      "quarter": "2022-11 (Q4)",
      "signal": "YoY REVENUE GROWTH DECELERATION",
      "detail": "YoY growth: -8.3% vs prior quarter YoY: +5.3% (decel: -13.5%)",
      "severity": "WARNING"
    },
    {
      "quarter": "2022-08 (Q3)",
      "signal": "YoY REVENUE GROWTH DECELERATION",
      "detail": "YoY growth: +5.3% vs prior quarter YoY: +61.2% (decel: -56.0%)",
      "severity": "WARNING"
    },
    {
      "quarter": "2022-05 (Q2)",
      "signal": "FCF MARGIN EXPANSION",
      "detail": "FCF margin: -479.2% -> -312.3% (+166.9%)",
      "severity": "MEDIUM"
    },
    {
      "quarter": "2022-05 (Q2)",
      "signal": "OPERATING LEVERAGE",
      "detail": "Rev growth +18.8% vs OpEx growth +9.1% (leverage: 2.1x)",
      "severity": "MEDIUM"
    },
    {
      "quarter": "2022-05 (Q2)",
      "signal": "YoY REVENUE GROWTH DECELERATION",
      "detail": "YoY growth: +61.2% vs prior quarter YoY: +92.0% (decel: -30.8%)",
      "severity": "WARNING"
    },
    {
      "quarter": "2022-02 (Q1)",
      "signal": "OPERATING LEVERAGE",
      "detail": "Rev growth +30.1% vs OpEx growth +15.5% (leverage: 1.9x)",
      "severity": "MEDIUM"
    },
    {
      "quarter": "2021-08 (Q3)",
      "signal": "FCF MARGIN EXPANSION",
      "detail": "FCF margin: -474.2% -> -310.5% (+163.7%)",
      "severity": "MEDIUM"
    },
    {
      "quarter": "2021-08 (Q3)",
      "signal": "OPERATING LEVERAGE",
      "detail": "Rev growth +44.6% vs OpEx growth +17.1% (leverage: 2.6x)",
      "severity": "MEDIUM"
    },
    {
      "quarter": "2021-05 (Q2)",
      "signal": "OPERATING LEVERAGE",
      "detail": "Rev growth +41.5% vs OpEx growth +13.4% (leverage: 3.1x)",
      "severity": "MEDIUM"
    }
  ],
  "data_quality": {
    "n_quarters": 20,
    "coverage": {
      "revenue": [
        20,
        20
      ],
      "gross_profit": [
        0,
        20
      ],
      "op_income": [
        20,
        20
      ],
      "fcf": [
        20,
        20
      ]
    },
    "gaps": [],
    "warnings": [
      "gross_profit: no data"
    ]
  },
  "market_cap": null,
  "source": "SEC EDGAR",
  "last_updated": "2026-02-02T21:37:45.009770"
}