{
  "ticker": "NRP",
  "name": "NATURAL RESOURCE PARTNERS LP",
  "quarters": [
    {
      "date": "2020-06-30T00:00:00",
      "quarter_label": "2020-06 (Q2)",
      "revenue": 30546000,
      "gross_profit": null,
      "operating_income": null,
      "net_income": null,
      "opex": null,
      "cogs": null,
      "rd": null,
      "sga": null,
      "fcf": null,
      "ocf": null,
      "capex": null,
      "gross_margin": null,
      "op_margin": null,
      "fcf_margin": null
    },
    {
      "date": "2020-09-30T00:00:00",
      "quarter_label": "2020-09 (Q3)",
      "revenue": 29930000,
      "gross_profit": null,
      "operating_income": null,
      "net_income": null,
      "opex": null,
      "cogs": null,
      "rd": null,
      "sga": null,
      "fcf": null,
      "ocf": null,
      "capex": null,
      "gross_margin": null,
      "op_margin": null,
      "fcf_margin": null
    },
    {
      "date": "2020-12-31T00:00:00",
      "quarter_label": "2020-12 (Q4)",
      "revenue": 39049000,
      "gross_profit": null,
      "operating_income": 24764000,
      "net_income": null,
      "opex": 14401000,
      "cogs": null,
      "rd": null,
      "sga": null,
      "fcf": 13155000,
      "ocf": 13155000,
      "capex": null,
      "gross_margin": null,
      "op_margin": 0.6341775717688033,
      "fcf_margin": 0.3368844272580604
    },
    {
      "date": "2021-03-31T00:00:00",
      "quarter_label": "2021-03 (Q1)",
      "revenue": 37092000,
      "gross_profit": null,
      "operating_income": 18354000,
      "net_income": null,
      "opex": 18797000,
      "cogs": null,
      "rd": null,
      "sga": null,
      "fcf": 23200000,
      "ocf": 23200000,
      "capex": null,
      "gross_margin": null,
      "op_margin": 0.4948236816564219,
      "fcf_margin": 0.625471799849024,
      "fcf_margin_change": 0.2885873725909636
    },
    {
      "date": "2021-06-30T00:00:00",
      "quarter_label": "2021-06 (Q2)",
      "revenue": 38394000,
      "gross_profit": null,
      "operating_income": 25065000,
      "net_income": null,
      "opex": 13445000,
      "cogs": null,
      "rd": null,
      "sga": null,
      "fcf": 13384000,
      "ocf": 13384000,
      "capex": null,
      "gross_margin": null,
      "op_margin": 0.6528363806844819,
      "fcf_margin": 0.34859613481273116,
      "rev_growth_yoy": 0.25692398350029466,
      "op_leverage_ratio": Infinity,
      "fcf_margin_change": -0.27687566503629285
    },
    {
      "date": "2021-09-30T00:00:00",
      "quarter_label": "2021-09 (Q3)",
      "revenue": 56727000,
      "gross_profit": 48373000,
      "operating_income": 39150000,
      "net_income": null,
      "opex": 17645000,
      "cogs": 8354000,
      "rd": null,
      "sga": null,
      "fcf": 30059000,
      "ocf": 30059000,
      "capex": null,
      "gross_margin": 0.8527332663458318,
      "op_margin": 0.6901475487862923,
      "fcf_margin": 0.5298887654908597,
      "rev_growth_yoy": 0.8953224189776144,
      "rev_growth_yoy_accel": 0.6383984354773198,
      "op_leverage_ratio": 1.528557196436943,
      "fcf_margin_change": 0.18129263067812856
    },
    {
      "date": "2021-12-31T00:00:00",
      "quarter_label": "2021-12 (Q4)",
      "revenue": 83906000,
      "gross_profit": 75933000,
      "operating_income": 65209000,
      "net_income": null,
      "opex": 18699000,
      "cogs": 7973000,
      "rd": null,
      "sga": null,
      "fcf": 55161000,
      "ocf": 55161000,
      "capex": null,
      "gross_margin": 0.904976998069268,
      "op_margin": 0.7771673062713036,
      "fcf_margin": 0.657414249278955,
      "incr_op_margin_yoy": 0.9016429988630537,
      "rev_growth_yoy": 1.148736203231837,
      "rev_growth_yoy_accel": 0.25341378425422245,
      "op_leverage_ratio": 8.020929680550969,
      "fcf_margin_change": 0.12752548378809525
    },
    {
      "date": "2022-03-31T00:00:00",
      "quarter_label": "2022-03 (Q1)",
      "revenue": 89716000,
      "gross_profit": 81640000,
      "operating_income": 73286000,
      "net_income": null,
      "opex": 16430000,
      "cogs": 8076000,
      "rd": null,
      "sga": null,
      "fcf": 52331000,
      "ocf": 52331000,
      "capex": null,
      "gross_margin": 0.9099826117972268,
      "op_margin": 0.8168665566899995,
      "fcf_margin": 0.5832961790539034,
      "incr_op_margin_yoy": 1.0438583155974461,
      "rev_growth_yoy": 1.4187425860023726,
      "rev_growth_yoy_accel": 0.2700063827705357,
      "op_leverage_ratio": Infinity,
      "fcf_margin_change": -0.07411807022505157
    },
    {
      "date": "2022-06-30T00:00:00",
      "quarter_label": "2022-06 (Q2)",
      "revenue": 99588000,
      "gross_profit": 89573000,
      "operating_income": 78976000,
      "net_income": null,
      "opex": 20957000,
      "cogs": 10015000,
      "rd": null,
      "sga": null,
      "fcf": 63123000,
      "ocf": 63123000,
      "capex": null,
      "gross_margin": 0.8994356749809214,
      "op_margin": 0.793027272362132,
      "fcf_margin": 0.633841426677913,
      "incr_op_margin_yoy": 0.8809850638951531,
      "rev_growth_yoy": 1.593842787935615,
      "rev_growth_yoy_accel": 0.17510020193324238,
      "op_leverage_ratio": 0.39935793071710285,
      "fcf_margin_change": 0.05054524762400958
    },
    {
      "date": "2022-09-30T00:00:00",
      "quarter_label": "2022-09 (Q3)",
      "revenue": 81379000,
      "gross_profit": 73481000,
      "operating_income": 82180000,
      "net_income": null,
      "opex": 20078000,
      "cogs": 7898000,
      "rd": null,
      "sga": null,
      "fcf": 82437000,
      "ocf": 82496000,
      "capex": -59000,
      "gross_margin": 0.9029479349709385,
      "op_margin": 1.0098428341464014,
      "fcf_margin": 1.0130008970373192,
      "incr_op_margin_yoy": 1.7454973227324355,
      "rev_growth_yoy": 0.43457260211186916,
      "rev_growth_yoy_accel": -1.1592701858237457,
      "fcf_margin_change": 0.3791594703594062
    },
    {
      "date": "2022-12-31T00:00:00",
      "quarter_label": "2022-12 (Q4)",
      "revenue": 75218000,
      "gross_profit": 66304000,
      "operating_income": 70789000,
      "net_income": null,
      "opex": 26266000,
      "cogs": 8914000,
      "rd": null,
      "sga": null,
      "fcf": 68829000,
      "ocf": 68888000,
      "capex": -59000,
      "gross_margin": 0.8814911324417027,
      "op_margin": 0.9411178175436731,
      "fcf_margin": 0.9150602249461565,
      "incr_op_margin_yoy": -0.6422651933701657,
      "rev_growth_yoy": -0.10354444259051795,
      "rev_growth_yoy_accel": -0.5381170447023871,
      "fcf_margin_change": -0.09794067209116275
    },
    {
      "date": "2023-03-31T00:00:00",
      "quarter_label": "2023-03 (Q1)",
      "revenue": 76271000,
      "gross_profit": 69108000,
      "operating_income": 82128000,
      "net_income": null,
      "opex": 17091000,
      "cogs": 7163000,
      "rd": null,
      "sga": null,
      "fcf": 72898000,
      "ocf": 72900000,
      "capex": -2000,
      "gross_margin": 0.9060848815408216,
      "op_margin": 1.0767919654914713,
      "fcf_margin": 0.9557761141193901,
      "incr_op_margin_yoy": -0.657642246188174,
      "rev_growth_yoy": -0.14986178608052075,
      "rev_growth_yoy_accel": -0.0463173434900028,
      "op_leverage_ratio": Infinity,
      "fcf_margin_change": 0.040715889173233655
    },
    {
      "date": "2023-06-30T00:00:00",
      "quarter_label": "2023-06 (Q2)",
      "revenue": 61007000,
      "gross_profit": 53077000,
      "operating_income": 73826000,
      "net_income": null,
      "opex": 17434000,
      "cogs": 7930000,
      "rd": null,
      "sga": null,
      "fcf": 81342000,
      "ocf": 81350000,
      "capex": -8000,
      "gross_margin": 0.8700149163210779,
      "op_margin": 1.2101234284590292,
      "fcf_margin": 1.333322405625584,
      "incr_op_margin_yoy": 0.13348539436510198,
      "rev_growth_yoy": -0.38740611318632767,
      "rev_growth_yoy_accel": -0.23754432710580692,
      "fcf_margin_change": 0.3775462915061938
    },
    {
      "date": "2023-09-30T00:00:00",
      "quarter_label": "2023-09 (Q3)",
      "revenue": 68533000,
      "gross_profit": 60175000,
      "operating_income": 67683000,
      "net_income": null,
      "opex": 18684000,
      "cogs": 8358000,
      "rd": null,
      "sga": null,
      "fcf": 78942000,
      "ocf": 78942000,
      "capex": null,
      "gross_margin": 0.8780441539112545,
      "op_margin": 0.9875972159397662,
      "fcf_margin": 1.1518830344505566,
      "incr_op_margin_yoy": 1.1285224972754164,
      "rev_growth_yoy": -0.1578539918160705,
      "rev_growth_yoy_accel": 0.22955212137025718,
      "op_leverage_ratio": 1.7205669382202042,
      "fcf_margin_change": -0.1814393711750273
    },
    {
      "date": "2023-12-31T00:00:00",
      "quarter_label": "2023-12 (Q4)",
      "revenue": 72922000,
      "gross_profit": 64058000,
      "operating_income": 68901000,
      "net_income": null,
      "opex": 24262000,
      "cogs": 8864000,
      "rd": null,
      "sga": null,
      "fcf": 77786000,
      "ocf": 77786000,
      "capex": null,
      "gross_margin": 0.8784454622747593,
      "op_margin": 0.9448588903211651,
      "fcf_margin": 1.0667014069828036,
      "incr_op_margin_yoy": 0.8222996515679443,
      "rev_growth_yoy": -0.030524608471376533,
      "rev_growth_yoy_accel": 0.12732938334469396,
      "op_leverage_ratio": 0.2145147631845691,
      "fcf_margin_change": -0.08518162746775304
    },
    {
      "date": "2024-03-31T00:00:00",
      "quarter_label": "2024-03 (Q1)",
      "revenue": 65574000,
      "gross_profit": 59841000,
      "operating_income": 59700000,
      "net_income": null,
      "opex": 16714000,
      "cogs": 5733000,
      "rd": null,
      "sga": null,
      "fcf": 71499000,
      "ocf": 71499000,
      "capex": null,
      "gross_margin": 0.912572055997804,
      "op_margin": 0.9104218135236527,
      "fcf_margin": 1.090355933754232,
      "incr_op_margin_yoy": 2.096662615686641,
      "rev_growth_yoy": -0.1402498983886405,
      "rev_growth_yoy_accel": -0.10972528991726396,
      "fcf_margin_change": 0.02365452677142832
    },
    {
      "date": "2024-06-30T00:00:00",
      "quarter_label": "2024-06 (Q2)",
      "revenue": 54591000,
      "gross_profit": 48719000,
      "operating_income": 50413000,
      "net_income": null,
      "opex": 15127000,
      "cogs": 5872000,
      "rd": null,
      "sga": null,
      "fcf": 56629000,
      "ocf": 56629000,
      "capex": null,
      "gross_margin": 0.8924364822040263,
      "op_margin": 0.9234672381894451,
      "fcf_margin": 1.037332160978916,
      "incr_op_margin_yoy": 3.649158354114713,
      "rev_growth_yoy": -0.10516825938007114,
      "rev_growth_yoy_accel": 0.03508163900856935,
      "fcf_margin_change": -0.053023772775316
    },
    {
      "date": "2024-09-30T00:00:00",
      "quarter_label": "2024-09 (Q3)",
      "revenue": 50405000,
      "gross_profit": 43619000,
      "operating_income": 42789000,
      "net_income": null,
      "opex": 17538000,
      "cogs": 6786000,
      "rd": null,
      "sga": null,
      "fcf": 54145000,
      "ocf": 54145000,
      "capex": null,
      "gross_margin": 0.8653704989584367,
      "op_margin": 0.8489038785834738,
      "fcf_margin": 1.0741989881956155,
      "incr_op_margin_yoy": 1.373234774933804,
      "rev_growth_yoy": -0.26451490522813825,
      "rev_growth_yoy_accel": -0.15934664584806713,
      "fcf_margin_change": 0.03686682721669965
    },
    {
      "date": "2024-12-31T00:00:00",
      "quarter_label": "2024-12 (Q4)",
      "revenue": 61781000,
      "gross_profit": 52136000,
      "operating_income": 46296000,
      "net_income": null,
      "opex": 19430000,
      "cogs": 9645000,
      "rd": null,
      "sga": null,
      "fcf": 66220000,
      "ocf": 66220000,
      "capex": null,
      "gross_margin": 0.843884042019391,
      "op_margin": 0.7493565983069228,
      "fcf_margin": 1.071850568945145,
      "incr_op_margin_yoy": 2.0289920114890942,
      "rev_growth_yoy": -0.152779682400373,
      "rev_growth_yoy_accel": 0.11173522282776524,
      "op_leverage_ratio": 2.0920636711558154,
      "fcf_margin_change": -0.002348419250470579
    },
    {
      "date": "2025-03-31T00:00:00",
      "quarter_label": "2025-03 (Q1)",
      "revenue": 51260000,
      "gross_profit": 44484000,
      "operating_income": 42921000,
      "net_income": null,
      "opex": 17617000,
      "cogs": 6776000,
      "rd": null,
      "sga": null,
      "fcf": 34424000,
      "ocf": 34424000,
      "capex": null,
      "gross_margin": 0.8678111587982833,
      "op_margin": 0.8373195474053843,
      "fcf_margin": 0.6715567694108466,
      "incr_op_margin_yoy": 1.172209026128266,
      "rev_growth_yoy": -0.21828773599292403,
      "rev_growth_yoy_accel": -0.06550805359255102,
      "fcf_margin_change": -0.40029379953429833
    }
  ],
  "signals": [
    {
      "quarter": "2025-03 (Q1)",
      "signal": "GROSS MARGIN INFLECTION",
      "detail": "GM: +86.5% -> +84.4% -> +86.8% (reversal +2.4%)",
      "severity": "MEDIUM"
    },
    {
      "quarter": "2025-03 (Q1)",
      "signal": "YoY REVENUE GROWTH DECELERATION",
      "detail": "YoY growth: -21.8% vs prior quarter YoY: -15.3% (decel: -6.6%)",
      "severity": "WARNING"
    },
    {
      "quarter": "2025-03 (Q1)",
      "signal": "INCREMENTAL MARGIN (YoY)",
      "detail": "YoY Incr OPM: +117.2% vs year-ago OPM: +91.0%",
      "severity": "HIGH"
    },
    {
      "quarter": "2024-12 (Q4)",
      "signal": "OPERATING LEVERAGE",
      "detail": "Rev growth +22.6% vs OpEx growth +10.8% (leverage: 2.1x)",
      "severity": "MEDIUM"
    },
    {
      "quarter": "2024-12 (Q4)",
      "signal": "YoY REVENUE GROWTH ACCELERATION",
      "detail": "YoY growth: -15.3% vs prior quarter YoY: -26.5% (accel: +11.2%)",
      "severity": "MEDIUM"
    },
    {
      "quarter": "2024-12 (Q4)",
      "signal": "INCREMENTAL MARGIN (YoY)",
      "detail": "YoY Incr OPM: +202.9% vs year-ago OPM: +94.5%",
      "severity": "HIGH"
    },
    {
      "quarter": "2024-09 (Q3)",
      "signal": "YoY REVENUE GROWTH DECELERATION",
      "detail": "YoY growth: -26.5% vs prior quarter YoY: -10.5% (decel: -15.9%)",
      "severity": "WARNING"
    },
    {
      "quarter": "2024-09 (Q3)",
      "signal": "INCREMENTAL MARGIN (YoY)",
      "detail": "YoY Incr OPM: +137.3% vs year-ago OPM: +98.8%",
      "severity": "HIGH"
    },
    {
      "quarter": "2024-06 (Q2)",
      "signal": "INCREMENTAL MARGIN (YoY)",
      "detail": "YoY Incr OPM: +364.9% vs year-ago OPM: +121.0%",
      "severity": "HIGH"
    },
    {
      "quarter": "2024-03 (Q1)",
      "signal": "YoY REVENUE GROWTH DECELERATION",
      "detail": "YoY growth: -14.0% vs prior quarter YoY: -3.1% (decel: -11.0%)",
      "severity": "WARNING"
    },
    {
      "quarter": "2024-03 (Q1)",
      "signal": "INCREMENTAL MARGIN (YoY)",
      "detail": "YoY Incr OPM: +209.7% vs year-ago OPM: +107.7%",
      "severity": "HIGH"
    },
    {
      "quarter": "2023-12 (Q4)",
      "signal": "YoY REVENUE GROWTH ACCELERATION",
      "detail": "YoY growth: -3.1% vs prior quarter YoY: -15.8% (accel: +12.7%)",
      "severity": "MEDIUM"
    },
    {
      "quarter": "2023-09 (Q3)",
      "signal": "OPERATING LEVERAGE",
      "detail": "Rev growth +12.3% vs OpEx growth +7.2% (leverage: 1.7x)",
      "severity": "MEDIUM"
    },
    {
      "quarter": "2023-09 (Q3)",
      "signal": "YoY REVENUE GROWTH ACCELERATION",
      "detail": "YoY growth: -15.8% vs prior quarter YoY: -38.7% (accel: +23.0%)",
      "severity": "HIGH"
    },
    {
      "quarter": "2023-09 (Q3)",
      "signal": "INCREMENTAL MARGIN (YoY)",
      "detail": "YoY Incr OPM: +112.9% vs year-ago OPM: +101.0%",
      "severity": "MEDIUM"
    },
    {
      "quarter": "2023-06 (Q2)",
      "signal": "FCF MARGIN EXPANSION",
      "detail": "FCF margin: +95.6% -> +133.3% (+37.8%)",
      "severity": "MEDIUM"
    },
    {
      "quarter": "2023-06 (Q2)",
      "signal": "YoY REVENUE GROWTH DECELERATION",
      "detail": "YoY growth: -38.7% vs prior quarter YoY: -15.0% (decel: -23.8%)",
      "severity": "WARNING"
    },
    {
      "quarter": "2023-03 (Q1)",
      "signal": "GROSS MARGIN INFLECTION",
      "detail": "GM: +90.3% -> +88.1% -> +90.6% (reversal +2.5%)",
      "severity": "MEDIUM"
    },
    {
      "quarter": "2022-12 (Q4)",
      "signal": "YoY REVENUE GROWTH DECELERATION",
      "detail": "YoY growth: -10.4% vs prior quarter YoY: +43.5% (decel: -53.8%)",
      "severity": "WARNING"
    },
    {
      "quarter": "2022-09 (Q3)",
      "signal": "FCF MARGIN EXPANSION",
      "detail": "FCF margin: +63.4% -> +101.3% (+37.9%)",
      "severity": "MEDIUM"
    },
    {
      "quarter": "2022-09 (Q3)",
      "signal": "YoY REVENUE GROWTH DECELERATION",
      "detail": "YoY growth: +43.5% vs prior quarter YoY: +159.4% (decel: -115.9%)",
      "severity": "WARNING"
    },
    {
      "quarter": "2022-09 (Q3)",
      "signal": "INCREMENTAL MARGIN (YoY)",
      "detail": "YoY Incr OPM: +174.5% vs year-ago OPM: +69.0%",
      "severity": "HIGH"
    },
    {
      "quarter": "2022-06 (Q2)",
      "signal": "FCF MARGIN EXPANSION",
      "detail": "FCF margin: +58.3% -> +63.4% (+5.1%)",
      "severity": "MEDIUM"
    },
    {
      "quarter": "2022-06 (Q2)",
      "signal": "YoY REVENUE GROWTH ACCELERATION",
      "detail": "YoY growth: +159.4% vs prior quarter YoY: +141.9% (accel: +17.5%)",
      "severity": "HIGH"
    },
    {
      "quarter": "2022-06 (Q2)",
      "signal": "INCREMENTAL MARGIN (YoY)",
      "detail": "YoY Incr OPM: +88.1% vs year-ago OPM: +65.3%",
      "severity": "HIGH"
    },
    {
      "quarter": "2022-03 (Q1)",
      "signal": "YoY REVENUE GROWTH ACCELERATION",
      "detail": "YoY growth: +141.9% vs prior quarter YoY: +114.9% (accel: +27.0%)",
      "severity": "HIGH"
    },
    {
      "quarter": "2022-03 (Q1)",
      "signal": "INCREMENTAL MARGIN (YoY)",
      "detail": "YoY Incr OPM: +104.4% vs year-ago OPM: +49.5%",
      "severity": "HIGH"
    },
    {
      "quarter": "2021-12 (Q4)",
      "signal": "FCF MARGIN EXPANSION",
      "detail": "FCF margin: +53.0% -> +65.7% (+12.8%)",
      "severity": "MEDIUM"
    },
    {
      "quarter": "2021-12 (Q4)",
      "signal": "OPERATING LEVERAGE",
      "detail": "Rev growth +47.9% vs OpEx growth +6.0% (leverage: 8.0x)",
      "severity": "MEDIUM"
    },
    {
      "quarter": "2021-12 (Q4)",
      "signal": "YoY REVENUE GROWTH ACCELERATION",
      "detail": "YoY growth: +114.9% vs prior quarter YoY: +89.5% (accel: +25.3%)",
      "severity": "HIGH"
    },
    {
      "quarter": "2021-12 (Q4)",
      "signal": "INCREMENTAL MARGIN (YoY)",
      "detail": "YoY Incr OPM: +90.2% vs year-ago OPM: +63.4%",
      "severity": "HIGH"
    },
    {
      "quarter": "2021-09 (Q3)",
      "signal": "FCF MARGIN EXPANSION",
      "detail": "FCF margin: +34.9% -> +53.0% (+18.1%)",
      "severity": "MEDIUM"
    },
    {
      "quarter": "2021-09 (Q3)",
      "signal": "OPERATING LEVERAGE",
      "detail": "Rev growth +47.7% vs OpEx growth +31.2% (leverage: 1.5x)",
      "severity": "MEDIUM"
    },
    {
      "quarter": "2021-09 (Q3)",
      "signal": "YoY REVENUE GROWTH ACCELERATION",
      "detail": "YoY growth: +89.5% vs prior quarter YoY: +25.7% (accel: +63.8%)",
      "severity": "HIGH"
    },
    {
      "quarter": "2021-03 (Q1)",
      "signal": "FCF MARGIN EXPANSION",
      "detail": "FCF margin: +33.7% -> +62.5% (+28.9%)",
      "severity": "MEDIUM"
    }
  ],
  "data_quality": {
    "n_quarters": 20,
    "coverage": {
      "revenue": [
        20,
        20
      ],
      "gross_profit": [
        15,
        20
      ],
      "op_income": [
        18,
        20
      ],
      "fcf": [
        18,
        20
      ]
    },
    "gaps": [],
    "warnings": [
      "gross_profit: 15/20Q"
    ]
  },
  "market_cap": null,
  "source": "SEC EDGAR",
  "last_updated": "2026-02-02T21:48:32.698761"
}