{
  "ticker": "NSA",
  "name": "National Storage Affiliates Trust",
  "quarters": [
    {
      "date": "2020-12-31T00:00:00",
      "quarter_label": "2020-12 (Q4)",
      "revenue": 114109000,
      "gross_profit": 83018000,
      "operating_income": null,
      "net_income": 18052000,
      "opex": 71795000,
      "cogs": 31091000,
      "rd": null,
      "sga": null,
      "fcf": 53009000,
      "ocf": 53009000,
      "capex": null,
      "gross_margin": 0.7275324470462453,
      "op_margin": null,
      "fcf_margin": 0.46454705588516243
    },
    {
      "date": "2021-03-31T00:00:00",
      "quarter_label": "2021-03 (Q1)",
      "revenue": 122992000,
      "gross_profit": 88388000,
      "operating_income": null,
      "net_income": 20838000,
      "opex": 78663000,
      "cogs": 34604000,
      "rd": null,
      "sga": null,
      "fcf": 64070000,
      "ocf": 64070000,
      "capex": null,
      "gross_margin": 0.7186483673734877,
      "op_margin": null,
      "fcf_margin": 0.5209281904514115,
      "op_leverage_ratio": 0.8137737488458157,
      "fcf_margin_change": 0.05638113456624905
    },
    {
      "date": "2021-06-30T00:00:00",
      "quarter_label": "2021-06 (Q2)",
      "revenue": 138246000,
      "gross_profit": 101592000,
      "operating_income": null,
      "net_income": 28718000,
      "opex": 85465000,
      "cogs": 36654000,
      "rd": null,
      "sga": null,
      "fcf": 80189000,
      "ocf": 80189000,
      "capex": null,
      "gross_margin": 0.7348639381971268,
      "op_margin": null,
      "fcf_margin": 0.5800457156084082,
      "op_leverage_ratio": 1.434302501900378,
      "fcf_margin_change": 0.05911752515699675
    },
    {
      "date": "2021-09-30T00:00:00",
      "quarter_label": "2021-09 (Q3)",
      "revenue": 150843000,
      "gross_profit": 111378000,
      "operating_income": null,
      "net_income": 30224000,
      "opex": 92454000,
      "cogs": 39465000,
      "rd": null,
      "sga": null,
      "fcf": 94392000,
      "ocf": 94392000,
      "capex": null,
      "gross_margin": 0.7383703585847536,
      "op_margin": null,
      "fcf_margin": 0.6257632107555537,
      "op_leverage_ratio": 1.1142632613779133,
      "fcf_margin_change": 0.045717495147145515
    },
    {
      "date": "2021-12-31T00:00:00",
      "quarter_label": "2021-12 (Q4)",
      "revenue": 173590000,
      "gross_profit": 129048000,
      "operating_income": null,
      "net_income": 25473000,
      "opex": 110849000,
      "cogs": 44542000,
      "rd": null,
      "sga": null,
      "fcf": 92698000,
      "ocf": 92698000,
      "capex": null,
      "gross_margin": 0.7434068782763984,
      "op_margin": null,
      "fcf_margin": 0.5340054150584711,
      "rev_growth_yoy": 0.5212647556283904,
      "op_leverage_ratio": 0.757922639484769,
      "fcf_margin_change": -0.09175779569708264
    },
    {
      "date": "2022-03-31T00:00:00",
      "quarter_label": "2022-03 (Q1)",
      "revenue": 187184000,
      "gross_profit": 137826000,
      "operating_income": null,
      "net_income": 25228000,
      "opex": 121866000,
      "cogs": 49358000,
      "rd": null,
      "sga": null,
      "fcf": 110066000,
      "ocf": 110066000,
      "capex": null,
      "gross_margin": 0.7363129327292931,
      "op_margin": null,
      "fcf_margin": 0.588009658945209,
      "rev_growth_yoy": 0.5219201248861715,
      "rev_growth_yoy_accel": 0.000655369257781091,
      "op_leverage_ratio": 0.7879360891980025,
      "fcf_margin_change": 0.05400424388673786
    },
    {
      "date": "2022-06-30T00:00:00",
      "quarter_label": "2022-06 (Q2)",
      "revenue": 198890000,
      "gross_profit": 145702000,
      "operating_income": null,
      "net_income": 25038000,
      "opex": 126306000,
      "cogs": 53188000,
      "rd": null,
      "sga": null,
      "fcf": 116977000,
      "ocf": 116977000,
      "capex": null,
      "gross_margin": 0.732575795665946,
      "op_margin": null,
      "fcf_margin": 0.5881492282166021,
      "rev_growth_yoy": 0.43866730321311287,
      "rev_growth_yoy_accel": -0.08325282167305859,
      "op_leverage_ratio": 1.7164825100551446,
      "fcf_margin_change": 0.00013956927139313624
    },
    {
      "date": "2022-09-30T00:00:00",
      "quarter_label": "2022-09 (Q3)",
      "revenue": 206773000,
      "gross_profit": 151641000,
      "operating_income": null,
      "net_income": 22211000,
      "opex": 136417000,
      "cogs": 55132000,
      "rd": null,
      "sga": null,
      "fcf": 122900000,
      "ocf": 122900000,
      "capex": null,
      "gross_margin": 0.733369443786181,
      "op_margin": null,
      "fcf_margin": 0.5943716055771304,
      "rev_growth_yoy": 0.37078286695438306,
      "rev_growth_yoy_accel": -0.06788443625872981,
      "op_leverage_ratio": 0.4951176975046042,
      "fcf_margin_change": 0.006222377360528331
    },
    {
      "date": "2022-12-31T00:00:00",
      "quarter_label": "2022-12 (Q4)",
      "revenue": 208722000,
      "gross_profit": 155375000,
      "operating_income": null,
      "net_income": 31260000,
      "opex": 127442000,
      "cogs": 53347000,
      "rd": null,
      "sga": null,
      "fcf": 93904000,
      "ocf": 93904000,
      "capex": null,
      "gross_margin": 0.7444112264159983,
      "op_margin": null,
      "fcf_margin": 0.4498998668084821,
      "rev_growth_yoy": 0.20238493000748892,
      "rev_growth_yoy_accel": -0.16839793694689414,
      "fcf_margin_change": -0.14447173876864833
    },
    {
      "date": "2023-03-31T00:00:00",
      "quarter_label": "2023-03 (Q1)",
      "revenue": 207993000,
      "gross_profit": 151510000,
      "operating_income": null,
      "net_income": 28959000,
      "opex": 127935000,
      "cogs": 56483000,
      "rd": null,
      "sga": null,
      "fcf": 109753000,
      "ocf": 109753000,
      "capex": null,
      "gross_margin": 0.7284379762780478,
      "op_margin": null,
      "fcf_margin": 0.5276764121869486,
      "rev_growth_yoy": 0.11116868963159245,
      "rev_growth_yoy_accel": -0.09121624037589647,
      "fcf_margin_change": 0.07777654537846651
    },
    {
      "date": "2023-06-30T00:00:00",
      "quarter_label": "2023-06 (Q2)",
      "revenue": 215511000,
      "gross_profit": 158417000,
      "operating_income": null,
      "net_income": 29448000,
      "opex": 131423000,
      "cogs": 57094000,
      "rd": null,
      "sga": null,
      "fcf": 108432000,
      "ocf": 108432000,
      "capex": null,
      "gross_margin": 0.7350761678058196,
      "op_margin": null,
      "fcf_margin": 0.5031390509069142,
      "rev_growth_yoy": 0.08356880687817386,
      "rev_growth_yoy_accel": -0.027599882753418584,
      "op_leverage_ratio": 1.3257648474364234,
      "fcf_margin_change": -0.024537361280034364
    },
    {
      "date": "2023-09-30T00:00:00",
      "quarter_label": "2023-09 (Q3)",
      "revenue": 219147000,
      "gross_profit": 160566000,
      "operating_income": null,
      "net_income": 29237000,
      "opex": 133661000,
      "cogs": 58581000,
      "rd": null,
      "sga": null,
      "fcf": 129397000,
      "ocf": 129397000,
      "capex": null,
      "gross_margin": 0.732686279072951,
      "op_margin": null,
      "fcf_margin": 0.59045754676085,
      "rev_growth_yoy": 0.059843403152249085,
      "rev_growth_yoy_accel": -0.023725403725924778,
      "op_leverage_ratio": 0.9907537547488448,
      "fcf_margin_change": 0.0873184958539358
    },
    {
      "date": "2023-12-31T00:00:00",
      "quarter_label": "2023-12 (Q4)",
      "revenue": 215412000,
      "gross_profit": 158584000,
      "operating_income": null,
      "net_income": 69027000,
      "opex": 128349000,
      "cogs": 56828000,
      "rd": null,
      "sga": null,
      "fcf": 93994000,
      "ocf": 93994000,
      "capex": null,
      "gross_margin": 0.7361892559374594,
      "op_margin": null,
      "fcf_margin": 0.43634523610569514,
      "rev_growth_yoy": 0.03205220340931957,
      "rev_growth_yoy_accel": -0.027791199742929512,
      "fcf_margin_change": -0.1541123106551549
    },
    {
      "date": "2024-03-31T00:00:00",
      "quarter_label": "2024-03 (Q1)",
      "revenue": 196148000,
      "gross_profit": 141454000,
      "operating_income": null,
      "net_income": 59027000,
      "opex": 121191000,
      "cogs": 54694000,
      "rd": null,
      "sga": null,
      "fcf": 94001000,
      "ocf": 94001000,
      "capex": null,
      "gross_margin": 0.7211595325978343,
      "op_margin": null,
      "fcf_margin": 0.47923506739808713,
      "rev_growth_yoy": -0.056949031938574854,
      "rev_growth_yoy_accel": -0.08900123534789442,
      "fcf_margin_change": 0.04288983129239199
    },
    {
      "date": "2024-06-30T00:00:00",
      "quarter_label": "2024-06 (Q2)",
      "revenue": 190448000,
      "gross_profit": 138247000,
      "operating_income": null,
      "net_income": 17062000,
      "opex": 118475000,
      "cogs": 52201000,
      "rd": null,
      "sga": null,
      "fcf": 83216000,
      "ocf": 83216000,
      "capex": null,
      "gross_margin": 0.7259041838192053,
      "op_margin": null,
      "fcf_margin": 0.4369486684029236,
      "rev_growth_yoy": -0.11629568792312225,
      "rev_growth_yoy_accel": -0.0593466559845474,
      "fcf_margin_change": -0.04228639899516351
    },
    {
      "date": "2024-09-30T00:00:00",
      "quarter_label": "2024-09 (Q3)",
      "revenue": 193621000,
      "gross_profit": 140909000,
      "operating_income": null,
      "net_income": 18701000,
      "opex": 117130000,
      "cogs": 52712000,
      "rd": null,
      "sga": null,
      "fcf": 105707000,
      "ocf": 105707000,
      "capex": null,
      "gross_margin": 0.727756803239318,
      "op_margin": null,
      "fcf_margin": 0.5459480118375589,
      "rev_growth_yoy": -0.11647889316303668,
      "rev_growth_yoy_accel": -0.0001832052399144274,
      "op_leverage_ratio": Infinity,
      "fcf_margin_change": 0.1089993434346353
    },
    {
      "date": "2024-12-31T00:00:00",
      "quarter_label": "2024-12 (Q4)",
      "revenue": 190118000,
      "gross_profit": 137873000,
      "operating_income": null,
      "net_income": 16728000,
      "opex": 116383000,
      "cogs": 52245000,
      "rd": null,
      "sga": null,
      "fcf": 80141000,
      "ocf": 80141000,
      "capex": null,
      "gross_margin": 0.7251969829263931,
      "op_margin": null,
      "fcf_margin": 0.421532942698745,
      "rev_growth_yoy": -0.11742149926652183,
      "rev_growth_yoy_accel": -0.0009426061034851496,
      "fcf_margin_change": -0.12441506913881395
    },
    {
      "date": "2025-03-31T00:00:00",
      "quarter_label": "2025-03 (Q1)",
      "revenue": 188354000,
      "gross_profit": 133250000,
      "operating_income": null,
      "net_income": 12994000,
      "opex": 120841000,
      "cogs": 55104000,
      "rd": null,
      "sga": null,
      "fcf": 85626000,
      "ocf": 85626000,
      "capex": null,
      "gross_margin": 0.7074444928167175,
      "op_margin": null,
      "fcf_margin": 0.4546014419656604,
      "rev_growth_yoy": -0.0397353019148806,
      "rev_growth_yoy_accel": 0.07768619735164123,
      "fcf_margin_change": 0.03306849926691541
    },
    {
      "date": "2025-06-30T00:00:00",
      "quarter_label": "2025-06 (Q2)",
      "revenue": 188842000,
      "gross_profit": 133215000,
      "operating_income": null,
      "net_income": 19471000,
      "opex": 120543000,
      "cogs": 55627000,
      "rd": null,
      "sga": null,
      "fcf": 79876000,
      "ocf": 79876000,
      "capex": null,
      "gross_margin": 0.7054309952235202,
      "op_margin": null,
      "fcf_margin": 0.4229779392296205,
      "rev_growth_yoy": -0.008432748046710913,
      "rev_growth_yoy_accel": 0.031302553868169686,
      "fcf_margin_change": -0.031623502736039866
    },
    {
      "date": "2025-09-30T00:00:00",
      "quarter_label": "2025-09 (Q3)",
      "revenue": 188702000,
      "gross_profit": 133355000,
      "operating_income": null,
      "net_income": 18427000,
      "opex": 117793000,
      "cogs": 55347000,
      "rd": null,
      "sga": null,
      "fcf": 100188000,
      "ocf": 100188000,
      "capex": null,
      "gross_margin": 0.706696272429545,
      "op_margin": null,
      "fcf_margin": 0.5309323695562315,
      "rev_growth_yoy": -0.025405302110824757,
      "rev_growth_yoy_accel": -0.016972554064113844,
      "fcf_margin_change": 0.10795443032661095
    }
  ],
  "signals": [
    {
      "quarter": "2025-09 (Q3)",
      "signal": "FCF MARGIN EXPANSION",
      "detail": "FCF margin: +42.3% -> +53.1% (+10.8%)",
      "severity": "MEDIUM"
    },
    {
      "quarter": "2025-03 (Q1)",
      "signal": "YoY REVENUE GROWTH ACCELERATION",
      "detail": "YoY growth: -4.0% vs prior quarter YoY: -11.7% (accel: +7.8%)",
      "severity": "MEDIUM"
    },
    {
      "quarter": "2024-09 (Q3)",
      "signal": "FCF MARGIN EXPANSION",
      "detail": "FCF margin: +43.7% -> +54.6% (+10.9%)",
      "severity": "MEDIUM"
    },
    {
      "quarter": "2024-06 (Q2)",
      "signal": "YoY REVENUE GROWTH DECELERATION",
      "detail": "YoY growth: -11.6% vs prior quarter YoY: -5.7% (decel: -5.9%)",
      "severity": "WARNING"
    },
    {
      "quarter": "2024-03 (Q1)",
      "signal": "YoY REVENUE GROWTH DECELERATION",
      "detail": "YoY growth: -5.7% vs prior quarter YoY: +3.2% (decel: -8.9%)",
      "severity": "WARNING"
    },
    {
      "quarter": "2023-09 (Q3)",
      "signal": "FCF MARGIN EXPANSION",
      "detail": "FCF margin: +50.3% -> +59.0% (+8.7%)",
      "severity": "MEDIUM"
    },
    {
      "quarter": "2023-03 (Q1)",
      "signal": "FCF MARGIN EXPANSION",
      "detail": "FCF margin: +45.0% -> +52.8% (+7.8%)",
      "severity": "MEDIUM"
    },
    {
      "quarter": "2023-03 (Q1)",
      "signal": "YoY REVENUE GROWTH DECELERATION",
      "detail": "YoY growth: +11.1% vs prior quarter YoY: +20.2% (decel: -9.1%)",
      "severity": "WARNING"
    },
    {
      "quarter": "2022-12 (Q4)",
      "signal": "YoY REVENUE GROWTH DECELERATION",
      "detail": "YoY growth: +20.2% vs prior quarter YoY: +37.1% (decel: -16.8%)",
      "severity": "WARNING"
    },
    {
      "quarter": "2022-09 (Q3)",
      "signal": "YoY REVENUE GROWTH DECELERATION",
      "detail": "YoY growth: +37.1% vs prior quarter YoY: +43.9% (decel: -6.8%)",
      "severity": "WARNING"
    },
    {
      "quarter": "2022-06 (Q2)",
      "signal": "OPERATING LEVERAGE",
      "detail": "Rev growth +6.3% vs OpEx growth +3.6% (leverage: 1.7x)",
      "severity": "MEDIUM"
    },
    {
      "quarter": "2022-06 (Q2)",
      "signal": "YoY REVENUE GROWTH DECELERATION",
      "detail": "YoY growth: +43.9% vs prior quarter YoY: +52.2% (decel: -8.3%)",
      "severity": "WARNING"
    },
    {
      "quarter": "2022-03 (Q1)",
      "signal": "FCF MARGIN EXPANSION",
      "detail": "FCF margin: +53.4% -> +58.8% (+5.4%)",
      "severity": "MEDIUM"
    },
    {
      "quarter": "2021-06 (Q2)",
      "signal": "FCF MARGIN EXPANSION",
      "detail": "FCF margin: +52.1% -> +58.0% (+5.9%)",
      "severity": "MEDIUM"
    },
    {
      "quarter": "2021-03 (Q1)",
      "signal": "FCF MARGIN EXPANSION",
      "detail": "FCF margin: +46.5% -> +52.1% (+5.6%)",
      "severity": "MEDIUM"
    }
  ],
  "data_quality": {
    "n_quarters": 20,
    "coverage": {
      "revenue": [
        20,
        20
      ],
      "gross_profit": [
        20,
        20
      ],
      "op_income": [
        0,
        20
      ],
      "fcf": [
        20,
        20
      ]
    },
    "gaps": [],
    "warnings": [
      "op_income: no data"
    ]
  },
  "market_cap": null,
  "source": "SEC EDGAR",
  "last_updated": "2026-02-02T21:07:09.681702"
}