{
  "ticker": "NSC",
  "name": "NORFOLK SOUTHERN CORPORATION",
  "sector": "Industrials",
  "industry": "Railroads",
  "quarters": [
    {
      "date": "2021-03-31T00:00:00",
      "quarter_label": "2021-03 (Q1)",
      "revenue": 2639000000,
      "gross_profit": null,
      "operating_income": 1015000000,
      "net_income": 673000000,
      "opex": 1624000000,
      "cogs": null,
      "rd": null,
      "sga": null,
      "fcf": 750000000,
      "ocf": 1015000000,
      "capex": -265000000,
      "gross_margin": null,
      "op_margin": 0.38461538461538464,
      "fcf_margin": 0.28419856006062905
    },
    {
      "date": "2021-06-30T00:00:00",
      "quarter_label": "2021-06 (Q2)",
      "revenue": 2799000000,
      "gross_profit": null,
      "operating_income": 1167000000,
      "net_income": 819000000,
      "opex": 1632000000,
      "cogs": null,
      "rd": null,
      "sga": null,
      "fcf": 720000000,
      "ocf": 1082000000,
      "capex": -362000000,
      "gross_margin": null,
      "op_margin": 0.41693461950696675,
      "fcf_margin": 0.2572347266881029,
      "op_leverage_ratio": 12.307692307692308,
      "fcf_margin_change": -0.02696383337252617
    },
    {
      "date": "2021-09-30T00:00:00",
      "quarter_label": "2021-09 (Q3)",
      "revenue": 2852000000,
      "gross_profit": null,
      "operating_income": 1136000000,
      "net_income": 753000000,
      "opex": 1716000000,
      "cogs": null,
      "rd": null,
      "sga": null,
      "fcf": 818000000,
      "ocf": 1216000000,
      "capex": -398000000,
      "gross_margin": null,
      "op_margin": 0.39831697054698456,
      "fcf_margin": 0.2868162692847125,
      "op_leverage_ratio": 0.3678864900729853,
      "fcf_margin_change": 0.02958154259660961
    },
    {
      "date": "2021-12-31T00:00:00",
      "quarter_label": "2021-12 (Q4)",
      "revenue": 2852000000,
      "gross_profit": null,
      "operating_income": 1129000000,
      "net_income": 760000000,
      "opex": 1723000000,
      "cogs": null,
      "rd": null,
      "sga": null,
      "fcf": 497000000,
      "ocf": 942000000,
      "capex": -445000000,
      "gross_margin": null,
      "op_margin": 0.3958625525946704,
      "fcf_margin": 0.17426367461430575,
      "fcf_margin_change": -0.11255259467040674
    },
    {
      "date": "2022-03-31T00:00:00",
      "quarter_label": "2022-03 (Q1)",
      "revenue": 2915000000,
      "gross_profit": null,
      "operating_income": 1085000000,
      "net_income": 703000000,
      "opex": 1830000000,
      "cogs": null,
      "rd": null,
      "sga": null,
      "fcf": 605000000,
      "ocf": 994000000,
      "capex": -389000000,
      "gross_margin": null,
      "op_margin": 0.37221269296740994,
      "fcf_margin": 0.20754716981132076,
      "incr_op_margin_yoy": 0.2536231884057971,
      "rev_growth_yoy": 0.10458507010231148,
      "op_leverage_ratio": 0.3557070952012688,
      "fcf_margin_change": 0.03328349519701501
    },
    {
      "date": "2022-06-30T00:00:00",
      "quarter_label": "2022-06 (Q2)",
      "revenue": 3250000000,
      "gross_profit": null,
      "operating_income": 1271000000,
      "net_income": 819000000,
      "opex": 1979000000,
      "cogs": null,
      "rd": null,
      "sga": null,
      "fcf": 569000000,
      "ocf": 1017000000,
      "capex": -448000000,
      "gross_margin": null,
      "op_margin": 0.3910769230769231,
      "fcf_margin": 0.17507692307692307,
      "incr_op_margin_yoy": 0.23059866962305986,
      "rev_growth_yoy": 0.16112897463379777,
      "rev_growth_yoy_accel": 0.05654390453148629,
      "op_leverage_ratio": 1.411468106415555,
      "fcf_margin_change": -0.03247024673439769
    },
    {
      "date": "2022-09-30T00:00:00",
      "quarter_label": "2022-09 (Q3)",
      "revenue": 3343000000,
      "gross_profit": null,
      "operating_income": 1272000000,
      "net_income": 958000000,
      "opex": 2071000000,
      "cogs": null,
      "rd": null,
      "sga": null,
      "fcf": 968000000,
      "ocf": 1413000000,
      "capex": -445000000,
      "gross_margin": null,
      "op_margin": 0.3804965599760694,
      "fcf_margin": 0.28956027520191446,
      "incr_op_margin_yoy": 0.2769857433808554,
      "rev_growth_yoy": 0.17215988779803645,
      "rev_growth_yoy_accel": 0.011030913164238682,
      "op_leverage_ratio": 0.6155418060200669,
      "fcf_margin_change": 0.11448335212499139
    },
    {
      "date": "2022-12-31T00:00:00",
      "quarter_label": "2022-12 (Q4)",
      "revenue": 3237000000,
      "gross_profit": null,
      "operating_income": 1181000000,
      "net_income": 790000000,
      "opex": 2056000000,
      "cogs": null,
      "rd": null,
      "sga": null,
      "fcf": 132000000,
      "ocf": 798000000,
      "capex": -666000000,
      "gross_margin": null,
      "op_margin": 0.36484399135001544,
      "fcf_margin": 0.04077849860982391,
      "incr_op_margin_yoy": 0.13506493506493505,
      "rev_growth_yoy": 0.1349929873772791,
      "rev_growth_yoy_accel": -0.03716690042075735,
      "fcf_margin_change": -0.24878177659209055
    },
    {
      "date": "2023-03-31T00:00:00",
      "quarter_label": "2023-03 (Q1)",
      "revenue": 3132000000,
      "gross_profit": null,
      "operating_income": 711000000,
      "net_income": 466000000,
      "opex": 2421000000,
      "cogs": null,
      "rd": null,
      "sga": null,
      "fcf": 745000000,
      "ocf": 1173000000,
      "capex": -428000000,
      "gross_margin": null,
      "op_margin": 0.22701149425287356,
      "fcf_margin": 0.23786717752234993,
      "incr_op_margin_yoy": -1.7235023041474655,
      "rev_growth_yoy": 0.07444253859348199,
      "rev_growth_yoy_accel": -0.06055044878379712,
      "fcf_margin_change": 0.19708867891252602
    },
    {
      "date": "2023-06-30T00:00:00",
      "quarter_label": "2023-06 (Q2)",
      "revenue": 2980000000,
      "gross_profit": null,
      "operating_income": 576000000,
      "net_income": 356000000,
      "opex": 2404000000,
      "cogs": null,
      "rd": null,
      "sga": null,
      "fcf": 153000000,
      "ocf": 673000000,
      "capex": -520000000,
      "gross_margin": null,
      "op_margin": 0.19328859060402684,
      "fcf_margin": 0.05134228187919463,
      "incr_op_margin_yoy": 2.574074074074074,
      "rev_growth_yoy": -0.08307692307692308,
      "rev_growth_yoy_accel": -0.15751946167040506,
      "fcf_margin_change": -0.1865248956431553
    },
    {
      "date": "2023-09-30T00:00:00",
      "quarter_label": "2023-09 (Q3)",
      "revenue": 2971000000,
      "gross_profit": null,
      "operating_income": 756000000,
      "net_income": 478000000,
      "opex": 2215000000,
      "cogs": null,
      "rd": null,
      "sga": null,
      "fcf": 117000000,
      "ocf": 660000000,
      "capex": -543000000,
      "gross_margin": null,
      "op_margin": 0.2544597778525749,
      "fcf_margin": 0.03938067990575564,
      "incr_op_margin_yoy": 1.3870967741935485,
      "rev_growth_yoy": -0.11127729584205803,
      "rev_growth_yoy_accel": -0.028200372765134957,
      "fcf_margin_change": -0.011961601973438991
    },
    {
      "date": "2023-12-31T00:00:00",
      "quarter_label": "2023-12 (Q4)",
      "revenue": 3073000000,
      "gross_profit": null,
      "operating_income": 808000000,
      "net_income": 527000000,
      "opex": 2265000000,
      "cogs": null,
      "rd": null,
      "sga": null,
      "fcf": -163000000,
      "ocf": 673000000,
      "capex": -836000000,
      "gross_margin": null,
      "op_margin": 0.2629352424341035,
      "fcf_margin": -0.05304262935242434,
      "incr_op_margin_yoy": 2.274390243902439,
      "rev_growth_yoy": -0.050664195242508495,
      "rev_growth_yoy_accel": 0.06061310059954954,
      "op_leverage_ratio": 1.5209020531807471,
      "fcf_margin_change": -0.09242330925817999
    },
    {
      "date": "2024-03-31T00:00:00",
      "quarter_label": "2024-03 (Q1)",
      "revenue": 3004000000,
      "gross_profit": null,
      "operating_income": 213000000,
      "net_income": 53000000,
      "opex": 2791000000,
      "cogs": null,
      "rd": null,
      "sga": null,
      "fcf": 282000000,
      "ocf": 839000000,
      "capex": -557000000,
      "gross_margin": null,
      "op_margin": 0.07090545938748335,
      "fcf_margin": 0.09387483355525965,
      "incr_op_margin_yoy": 3.890625,
      "rev_growth_yoy": -0.04086845466155811,
      "rev_growth_yoy_accel": 0.009795740580950382,
      "fcf_margin_change": 0.14691746290768398
    },
    {
      "date": "2024-06-30T00:00:00",
      "quarter_label": "2024-06 (Q2)",
      "revenue": 3044000000,
      "gross_profit": null,
      "operating_income": 1131000000,
      "net_income": 737000000,
      "opex": 1913000000,
      "cogs": null,
      "rd": null,
      "sga": null,
      "fcf": 468000000,
      "ocf": 1036000000,
      "capex": -568000000,
      "gross_margin": null,
      "op_margin": 0.37155059132720103,
      "fcf_margin": 0.15374507227332457,
      "incr_op_margin_yoy": 8.671875,
      "rev_growth_yoy": 0.021476510067114093,
      "rev_growth_yoy_accel": 0.06234496472867221,
      "op_leverage_ratio": null,
      "fcf_margin_change": 0.05987023871806492
    },
    {
      "date": "2024-09-30T00:00:00",
      "quarter_label": "2024-09 (Q3)",
      "revenue": 3051000000,
      "gross_profit": null,
      "operating_income": 1596000000,
      "net_income": 1099000000,
      "opex": 1455000000,
      "cogs": null,
      "rd": null,
      "sga": null,
      "fcf": 645000000,
      "ocf": 1226000000,
      "capex": -581000000,
      "gross_margin": null,
      "op_margin": 0.5231071779744346,
      "fcf_margin": 0.21140609636184857,
      "incr_op_margin_yoy": 10.5,
      "rev_growth_yoy": 0.026926960619320095,
      "rev_growth_yoy_accel": 0.005450450552206002,
      "fcf_margin_change": 0.057661024088524
    },
    {
      "date": "2024-12-31T00:00:00",
      "quarter_label": "2024-12 (Q4)",
      "revenue": 3024000000,
      "gross_profit": null,
      "operating_income": 1131000000,
      "net_income": 733000000,
      "opex": 1893000000,
      "cogs": null,
      "rd": null,
      "sga": null,
      "fcf": 276000000,
      "ocf": 951000000,
      "capex": -675000000,
      "gross_margin": null,
      "op_margin": 0.3740079365079365,
      "fcf_margin": 0.09126984126984126,
      "incr_op_margin_yoy": -6.591836734693878,
      "rev_growth_yoy": -0.015945330296127564,
      "rev_growth_yoy_accel": -0.042872290915447656,
      "fcf_margin_change": -0.1201362550920073
    },
    {
      "date": "2025-03-31T00:00:00",
      "quarter_label": "2025-03 (Q1)",
      "revenue": 2993000000,
      "gross_profit": null,
      "operating_income": 1146000000,
      "net_income": 750000000,
      "opex": 1847000000,
      "cogs": null,
      "rd": null,
      "sga": null,
      "fcf": 501000000,
      "ocf": 950000000,
      "capex": -449000000,
      "gross_margin": null,
      "op_margin": 0.38289341797527565,
      "fcf_margin": 0.1673905780153692,
      "incr_op_margin_yoy": -84.81818181818181,
      "rev_growth_yoy": -0.0036617842876165113,
      "rev_growth_yoy_accel": 0.012283546008511052,
      "fcf_margin_change": 0.07612073674552793
    },
    {
      "date": "2025-06-30T00:00:00",
      "quarter_label": "2025-06 (Q2)",
      "revenue": 3110000000,
      "gross_profit": null,
      "operating_income": 1175000000,
      "net_income": 768000000,
      "opex": 1935000000,
      "cogs": null,
      "rd": null,
      "sga": null,
      "fcf": 602000000,
      "ocf": 1077000000,
      "capex": -475000000,
      "gross_margin": null,
      "op_margin": 0.3778135048231511,
      "fcf_margin": 0.19356913183279742,
      "incr_op_margin_yoy": 0.6666666666666666,
      "rev_growth_yoy": 0.021681997371879105,
      "rev_growth_yoy_accel": 0.025343781659495617,
      "op_leverage_ratio": 0.820471251101054,
      "fcf_margin_change": 0.02617855381742823
    },
    {
      "date": "2025-09-30T00:00:00",
      "quarter_label": "2025-09 (Q3)",
      "revenue": 3103000000,
      "gross_profit": null,
      "operating_income": 1098000000,
      "net_income": 711000000,
      "opex": 2005000000,
      "cogs": null,
      "rd": null,
      "sga": null,
      "fcf": 720000000,
      "ocf": 1271000000,
      "capex": -551000000,
      "gross_margin": null,
      "op_margin": 0.3538511118272639,
      "fcf_margin": 0.23203351595230423,
      "incr_op_margin_yoy": -9.576923076923077,
      "rev_growth_yoy": 0.017043592264831202,
      "rev_growth_yoy_accel": -0.0046384051070479035,
      "fcf_margin_change": 0.03846438411950681
    },
    {
      "date": "2025-12-31T00:00:00",
      "quarter_label": "2025-12 (Q4)",
      "revenue": 2974000000,
      "gross_profit": null,
      "operating_income": 937000000,
      "net_income": 644000000,
      "opex": 2037000000,
      "cogs": null,
      "rd": null,
      "sga": null,
      "fcf": 334000000,
      "ocf": 1063000000,
      "capex": -729000000,
      "gross_margin": null,
      "op_margin": 0.31506388702084737,
      "fcf_margin": 0.11230665770006724,
      "incr_op_margin_yoy": 3.88,
      "rev_growth_yoy": -0.016534391534391533,
      "rev_growth_yoy_accel": -0.033577983799222735,
      "fcf_margin_change": -0.11972685825223699
    }
  ],
  "signals": [
    {
      "quarter": "2025-12 (Q4)",
      "signal": "INCREMENTAL MARGIN (YoY)",
      "detail": "YoY Incr OPM: +388.0% vs year-ago OPM: +37.4%",
      "severity": "HIGH"
    },
    {
      "quarter": "2025-06 (Q2)",
      "signal": "INCREMENTAL MARGIN (YoY)",
      "detail": "YoY Incr OPM: +66.7% vs year-ago OPM: +37.2%",
      "severity": "HIGH"
    },
    {
      "quarter": "2025-03 (Q1)",
      "signal": "FCF MARGIN EXPANSION",
      "detail": "FCF margin: +9.1% -> +16.7% (+7.6%)",
      "severity": "MEDIUM"
    },
    {
      "quarter": "2024-09 (Q3)",
      "signal": "FCF MARGIN EXPANSION",
      "detail": "FCF margin: +15.4% -> +21.1% (+5.8%)",
      "severity": "MEDIUM"
    },
    {
      "quarter": "2024-09 (Q3)",
      "signal": "INCREMENTAL MARGIN (YoY)",
      "detail": "YoY Incr OPM: +1050.0% vs year-ago OPM: +25.4%",
      "severity": "HIGH"
    },
    {
      "quarter": "2024-06 (Q2)",
      "signal": "FCF MARGIN EXPANSION",
      "detail": "FCF margin: +9.4% -> +15.4% (+6.0%)",
      "severity": "MEDIUM"
    },
    {
      "quarter": "2024-06 (Q2)",
      "signal": "YoY REVENUE GROWTH ACCELERATION",
      "detail": "YoY growth: +2.1% vs prior quarter YoY: -4.1% (accel: +6.2%)",
      "severity": "MEDIUM"
    },
    {
      "quarter": "2024-06 (Q2)",
      "signal": "INCREMENTAL MARGIN (YoY)",
      "detail": "YoY Incr OPM: +867.2% vs year-ago OPM: +19.3%",
      "severity": "HIGH"
    },
    {
      "quarter": "2024-03 (Q1)",
      "signal": "FCF TURNED POSITIVE",
      "detail": "FCF margin: -5.3% -> +9.4%",
      "severity": "HIGH"
    },
    {
      "quarter": "2024-03 (Q1)",
      "signal": "INCREMENTAL MARGIN (YoY)",
      "detail": "YoY Incr OPM: +389.1% vs year-ago OPM: +22.7%",
      "severity": "HIGH"
    },
    {
      "quarter": "2023-12 (Q4)",
      "signal": "OPERATING LEVERAGE",
      "detail": "Rev growth +3.4% vs OpEx growth +2.3% (leverage: 1.5x)",
      "severity": "MEDIUM"
    },
    {
      "quarter": "2023-12 (Q4)",
      "signal": "YoY REVENUE GROWTH ACCELERATION",
      "detail": "YoY growth: -5.1% vs prior quarter YoY: -11.1% (accel: +6.1%)",
      "severity": "MEDIUM"
    },
    {
      "quarter": "2023-12 (Q4)",
      "signal": "INCREMENTAL MARGIN (YoY)",
      "detail": "YoY Incr OPM: +227.4% vs year-ago OPM: +36.5%",
      "severity": "HIGH"
    },
    {
      "quarter": "2023-09 (Q3)",
      "signal": "INCREMENTAL MARGIN (YoY)",
      "detail": "YoY Incr OPM: +138.7% vs year-ago OPM: +38.0%",
      "severity": "HIGH"
    },
    {
      "quarter": "2023-06 (Q2)",
      "signal": "YoY REVENUE GROWTH DECELERATION",
      "detail": "YoY growth: -8.3% vs prior quarter YoY: +7.4% (decel: -15.8%)",
      "severity": "WARNING"
    },
    {
      "quarter": "2023-06 (Q2)",
      "signal": "INCREMENTAL MARGIN (YoY)",
      "detail": "YoY Incr OPM: +257.4% vs year-ago OPM: +39.1%",
      "severity": "HIGH"
    },
    {
      "quarter": "2023-03 (Q1)",
      "signal": "FCF MARGIN EXPANSION",
      "detail": "FCF margin: +4.1% -> +23.8% (+19.7%)",
      "severity": "MEDIUM"
    },
    {
      "quarter": "2023-03 (Q1)",
      "signal": "YoY REVENUE GROWTH DECELERATION",
      "detail": "YoY growth: +7.4% vs prior quarter YoY: +13.5% (decel: -6.1%)",
      "severity": "WARNING"
    },
    {
      "quarter": "2022-09 (Q3)",
      "signal": "FCF MARGIN EXPANSION",
      "detail": "FCF margin: +17.5% -> +29.0% (+11.4%)",
      "severity": "MEDIUM"
    },
    {
      "quarter": "2022-06 (Q2)",
      "signal": "YoY REVENUE GROWTH ACCELERATION",
      "detail": "YoY growth: +16.1% vs prior quarter YoY: +10.5% (accel: +5.7%)",
      "severity": "MEDIUM"
    },
    {
      "quarter": "2021-06 (Q2)",
      "signal": "OPERATING LEVERAGE",
      "detail": "Rev growth +6.1% vs OpEx growth +0.5% (leverage: 12.3x)",
      "severity": "MEDIUM"
    }
  ],
  "data_quality": {
    "n_quarters": 20,
    "coverage": {
      "revenue": [
        20,
        20
      ],
      "gross_profit": [
        0,
        20
      ],
      "op_income": [
        20,
        20
      ],
      "fcf": [
        20,
        20
      ]
    },
    "gaps": [],
    "warnings": [
      "gross_profit: no data"
    ]
  },
  "market_cap": null,
  "source": "SEC EDGAR",
  "last_updated": "2026-02-24T11:08:59.488654"
}