{
  "ticker": "NSP",
  "name": "Insperity, Inc.",
  "quarters": [
    {
      "date": "2020-12-31T00:00:00",
      "quarter_label": "2020-12 (Q4)",
      "revenue": 1056335000,
      "gross_profit": 167550000,
      "operating_income": 7709000,
      "net_income": 4285000,
      "opex": 159841000,
      "cogs": null,
      "rd": null,
      "sga": null,
      "fcf": 210433000,
      "ocf": 239779000,
      "capex": -29346000,
      "gross_margin": 0.15861445469477012,
      "op_margin": 0.007297874253906195,
      "fcf_margin": 0.19921047773670283
    },
    {
      "date": "2021-03-31T00:00:00",
      "quarter_label": "2021-03 (Q1)",
      "revenue": 1286835000,
      "gross_profit": 251445000,
      "operating_income": 83824000,
      "net_income": 61922000,
      "opex": 167621000,
      "cogs": null,
      "rd": null,
      "sga": null,
      "fcf": -10101000,
      "ocf": 1971000,
      "capex": -12072000,
      "gross_margin": 0.19539801140006294,
      "op_margin": 0.06513966437033497,
      "fcf_margin": -0.007849491193509658,
      "op_leverage_ratio": 4.483094060619426,
      "fcf_margin_change": -0.2070599689302125
    },
    {
      "date": "2021-06-30T00:00:00",
      "quarter_label": "2021-06 (Q2)",
      "revenue": 1185371000,
      "gross_profit": 199554000,
      "operating_income": 35223000,
      "net_income": 25154000,
      "opex": 164331000,
      "cogs": null,
      "rd": null,
      "sga": null,
      "fcf": -3612000,
      "ocf": 5024000,
      "capex": -8636000,
      "gross_margin": 0.1683472938008438,
      "op_margin": 0.02971474753473807,
      "fcf_margin": -0.0030471472644429468,
      "fcf_margin_change": 0.004802343929066711
    },
    {
      "date": "2021-09-30T00:00:00",
      "quarter_label": "2021-09 (Q3)",
      "revenue": 1209628000,
      "gross_profit": 198479000,
      "operating_income": 39603000,
      "net_income": 27296000,
      "opex": 158876000,
      "cogs": null,
      "rd": null,
      "sga": null,
      "fcf": 44953000,
      "ocf": 47848000,
      "capex": -2895000,
      "gross_margin": 0.16408267665761705,
      "op_margin": 0.03273981753067885,
      "fcf_margin": 0.037162664885402784,
      "op_leverage_ratio": Infinity,
      "fcf_margin_change": 0.04020981214984573
    },
    {
      "date": "2021-12-31T00:00:00",
      "quarter_label": "2021-12 (Q4)",
      "revenue": 1291236000,
      "gross_profit": 170624000,
      "operating_income": 14679000,
      "net_income": 9708000,
      "opex": 155945000,
      "cogs": null,
      "rd": null,
      "sga": null,
      "fcf": 196059000,
      "ocf": 205312000,
      "capex": -9253000,
      "gross_margin": 0.13214005805290435,
      "op_margin": 0.01136817746717099,
      "fcf_margin": 0.15183823871081661,
      "incr_op_margin_yoy": 0.02967207461866914,
      "rev_growth_yoy": 0.22237358413760785,
      "op_leverage_ratio": Infinity,
      "fcf_margin_change": 0.11467557382541382
    },
    {
      "date": "2022-03-31T00:00:00",
      "quarter_label": "2022-03 (Q1)",
      "revenue": 1577837000,
      "gross_profit": 285774000,
      "operating_income": 98395000,
      "net_income": 69884000,
      "opex": 187379000,
      "cogs": null,
      "rd": null,
      "sga": null,
      "fcf": 54161000,
      "ocf": 58847000,
      "capex": -4686000,
      "gross_margin": 0.18111756791100728,
      "op_margin": 0.062360687447435954,
      "fcf_margin": 0.03432610592855916,
      "incr_op_margin_yoy": 0.05007182081222809,
      "rev_growth_yoy": 0.22613777213084815,
      "rev_growth_yoy_accel": 0.0037641879932402977,
      "op_leverage_ratio": 1.1011434035678491,
      "fcf_margin_change": -0.11751213278225744
    },
    {
      "date": "2022-06-30T00:00:00",
      "quarter_label": "2022-06 (Q2)",
      "revenue": 1432107000,
      "gross_profit": 239868000,
      "operating_income": 48350000,
      "net_income": 33599000,
      "opex": 191518000,
      "cogs": null,
      "rd": null,
      "sga": null,
      "fcf": -40419000,
      "ocf": -36062000,
      "capex": -4357000,
      "gross_margin": 0.1674930713975981,
      "op_margin": 0.03376144380273262,
      "fcf_margin": -0.02822344978412926,
      "incr_op_margin_yoy": 0.05320261331949938,
      "rev_growth_yoy": 0.2081508658470639,
      "rev_growth_yoy_accel": -0.017986906283784243,
      "fcf_margin_change": -0.06254955571268841
    },
    {
      "date": "2022-09-30T00:00:00",
      "quarter_label": "2022-09 (Q3)",
      "revenue": 1439160000,
      "gross_profit": 244553000,
      "operating_income": 52631000,
      "net_income": 37669000,
      "opex": 191922000,
      "cogs": null,
      "rd": null,
      "sga": null,
      "fcf": 91840000,
      "ocf": 99245000,
      "capex": -7405000,
      "gross_margin": 0.1699275966536035,
      "op_margin": 0.036570638427971876,
      "fcf_margin": 0.06381500319630896,
      "incr_op_margin_yoy": 0.05675897042678145,
      "rev_growth_yoy": 0.18975420542513896,
      "rev_growth_yoy_accel": -0.01839666042192495,
      "fcf_margin_change": 0.09203845298043822
    },
    {
      "date": "2022-12-31T00:00:00",
      "quarter_label": "2022-12 (Q4)",
      "revenue": 1489714000,
      "gross_profit": 241038000,
      "operating_income": 50863000,
      "net_income": 38198000,
      "opex": 190175000,
      "cogs": null,
      "rd": null,
      "sga": null,
      "fcf": 211418000,
      "ocf": 224970000,
      "capex": -13552000,
      "gross_margin": 0.16180152700451228,
      "op_margin": 0.03414279519424534,
      "fcf_margin": 0.14191851590305254,
      "incr_op_margin_yoy": 0.18230735900200526,
      "rev_growth_yoy": 0.15371163753179123,
      "rev_growth_yoy_accel": -0.03604256789334773,
      "op_leverage_ratio": Infinity,
      "fcf_margin_change": 0.07810351270674358
    },
    {
      "date": "2023-03-31T00:00:00",
      "quarter_label": "2023-03 (Q1)",
      "revenue": 1769652000,
      "gross_profit": 332146000,
      "operating_income": 121007000,
      "net_income": 94595000,
      "opex": 211139000,
      "cogs": null,
      "rd": null,
      "sga": null,
      "fcf": 33000000,
      "ocf": 40000000,
      "capex": -7000000,
      "gross_margin": 0.18769000910913558,
      "op_margin": 0.06837898072615407,
      "fcf_margin": 0.018647734130778255,
      "incr_op_margin_yoy": 0.11788441988374215,
      "rev_growth_yoy": 0.1215683242312102,
      "rev_growth_yoy_accel": -0.03214331330058104,
      "op_leverage_ratio": 1.704661804307504,
      "fcf_margin_change": -0.1232707817722743
    },
    {
      "date": "2023-06-30T00:00:00",
      "quarter_label": "2023-06 (Q2)",
      "revenue": 1585129000,
      "gross_profit": 224639000,
      "operating_income": 15807000,
      "net_income": 12894000,
      "opex": 208832000,
      "cogs": null,
      "rd": null,
      "sga": null,
      "fcf": -117000000,
      "ocf": -110000000,
      "capex": -7000000,
      "gross_margin": 0.14171654168209655,
      "op_margin": 0.009972059056392256,
      "fcf_margin": -0.07381102736748871,
      "incr_op_margin_yoy": -0.2126687665825829,
      "rev_growth_yoy": 0.10685095457252845,
      "rev_growth_yoy_accel": -0.014717369658681742,
      "fcf_margin_change": -0.09245876149826696
    },
    {
      "date": "2023-09-30T00:00:00",
      "quarter_label": "2023-09 (Q3)",
      "revenue": 1550887000,
      "gross_profit": 257931000,
      "operating_income": 59464000,
      "net_income": 44332000,
      "opex": 198467000,
      "cogs": null,
      "rd": null,
      "sga": null,
      "fcf": 202000000,
      "ocf": 210000000,
      "capex": -8000000,
      "gross_margin": 0.1663119234347828,
      "op_margin": 0.038341929489382524,
      "fcf_margin": 0.13024804515093621,
      "incr_op_margin_yoy": 0.06115800119935199,
      "rev_growth_yoy": 0.07763348064148531,
      "rev_growth_yoy_accel": -0.02921747393104314,
      "fcf_margin_change": 0.20405907251842492
    },
    {
      "date": "2023-12-31T00:00:00",
      "quarter_label": "2023-12 (Q4)",
      "revenue": 1580203000,
      "gross_profit": 222087000,
      "operating_income": 22271000,
      "net_income": 19561000,
      "opex": 199816000,
      "cogs": null,
      "rd": null,
      "sga": null,
      "fcf": 40000000,
      "ocf": 58000000,
      "capex": -18000000,
      "gross_margin": 0.14054333525502735,
      "op_margin": 0.01409375883984526,
      "fcf_margin": 0.025313203430192197,
      "incr_op_margin_yoy": -0.3159721071069412,
      "rev_growth_yoy": 0.06074253178798078,
      "rev_growth_yoy_accel": -0.016890948853504534,
      "op_leverage_ratio": 2.780999512604414,
      "fcf_margin_change": -0.10493484172074402
    },
    {
      "date": "2024-03-31T00:00:00",
      "quarter_label": "2024-03 (Q1)",
      "revenue": 1802000000,
      "gross_profit": 345000000,
      "operating_income": 108000000,
      "net_income": 79000000,
      "opex": 237000000,
      "cogs": null,
      "rd": null,
      "sga": null,
      "fcf": 26000000,
      "ocf": 31000000,
      "capex": -5000000,
      "gross_margin": 0.19145394006659266,
      "op_margin": 0.05993340732519423,
      "fcf_margin": 0.014428412874583796,
      "incr_op_margin_yoy": -0.4020959564733523,
      "rev_growth_yoy": 0.018279300110982274,
      "rev_growth_yoy_accel": -0.0424632316769985,
      "op_leverage_ratio": 0.7542528157314475,
      "fcf_margin_change": -0.010884790555608401
    },
    {
      "date": "2024-06-30T00:00:00",
      "quarter_label": "2024-06 (Q2)",
      "revenue": 1605000000,
      "gross_profit": 260000000,
      "operating_income": 23000000,
      "net_income": 18000000,
      "opex": 237000000,
      "cogs": null,
      "rd": null,
      "sga": null,
      "fcf": 14000000,
      "ocf": 20000000,
      "capex": -6000000,
      "gross_margin": 0.16199376947040497,
      "op_margin": 0.014330218068535825,
      "fcf_margin": 0.008722741433021807,
      "incr_op_margin_yoy": 0.3619848019727241,
      "rev_growth_yoy": 0.012535888246319385,
      "rev_growth_yoy_accel": -0.0057434118646628885,
      "fcf_margin_change": -0.005705671441561989
    },
    {
      "date": "2024-09-30T00:00:00",
      "quarter_label": "2024-09 (Q3)",
      "revenue": 1561000000,
      "gross_profit": 229000000,
      "operating_income": 1000000,
      "net_income": 3000000,
      "opex": 228000000,
      "cogs": null,
      "rd": null,
      "sga": null,
      "fcf": -164000000,
      "ocf": -150000000,
      "capex": -14000000,
      "gross_margin": 0.1467008327994875,
      "op_margin": 0.0006406149903907751,
      "fcf_margin": -0.10506085842408712,
      "incr_op_margin_yoy": -5.781073865321863,
      "rev_growth_yoy": 0.006520784557482267,
      "rev_growth_yoy_accel": -0.006015103688837118,
      "fcf_margin_change": -0.11378359985710892
    },
    {
      "date": "2024-12-31T00:00:00",
      "quarter_label": "2024-12 (Q4)",
      "revenue": 1613000000,
      "gross_profit": 218000000,
      "operating_income": -15000000,
      "net_income": -9000000,
      "opex": 233000000,
      "cogs": null,
      "rd": null,
      "sga": null,
      "fcf": 606000000,
      "ocf": 619000000,
      "capex": -13000000,
      "gross_margin": 0.1351518908865468,
      "op_margin": -0.009299442033477991,
      "fcf_margin": 0.3756974581525109,
      "incr_op_margin_yoy": -1.1364149159984145,
      "rev_growth_yoy": 0.020754928322500338,
      "rev_growth_yoy_accel": 0.014234143765018071,
      "op_leverage_ratio": 1.519026265214606,
      "fcf_margin_change": 0.480758316576598
    },
    {
      "date": "2025-03-31T00:00:00",
      "quarter_label": "2025-03 (Q1)",
      "revenue": 1863000000,
      "gross_profit": 310000000,
      "operating_income": 68000000,
      "net_income": 51000000,
      "opex": 242000000,
      "cogs": null,
      "rd": null,
      "sga": null,
      "fcf": -449000000,
      "ocf": -443000000,
      "capex": -6000000,
      "gross_margin": 0.16639828234031132,
      "op_margin": 0.03650026838432636,
      "fcf_margin": -0.24100912506709607,
      "incr_op_margin_yoy": -0.6557377049180327,
      "rev_growth_yoy": 0.033851276359600446,
      "rev_growth_yoy_accel": 0.013096348037100108,
      "op_leverage_ratio": 4.012537025556244,
      "fcf_margin_change": -0.6167065832196069
    },
    {
      "date": "2025-06-30T00:00:00",
      "quarter_label": "2025-06 (Q2)",
      "revenue": 1658000000,
      "gross_profit": 223000000,
      "operating_income": -7000000,
      "net_income": -5000000,
      "opex": 230000000,
      "cogs": null,
      "rd": null,
      "sga": null,
      "fcf": -86000000,
      "ocf": -79000000,
      "capex": -7000000,
      "gross_margin": 0.1344993968636912,
      "op_margin": -0.004221954161640531,
      "fcf_margin": -0.05186972255729795,
      "incr_op_margin_yoy": -0.5660377358490566,
      "rev_growth_yoy": 0.03302180685358255,
      "rev_growth_yoy_accel": -0.0008294695060178936,
      "fcf_margin_change": 0.1891394025097981
    },
    {
      "date": "2025-09-30T00:00:00",
      "quarter_label": "2025-09 (Q3)",
      "revenue": 1623000000,
      "gross_profit": 195000000,
      "operating_income": -25000000,
      "net_income": -20000000,
      "opex": 220000000,
      "cogs": null,
      "rd": null,
      "sga": null,
      "fcf": -20000000,
      "ocf": -11000000,
      "capex": -9000000,
      "gross_margin": 0.12014787430683918,
      "op_margin": -0.015403573629081947,
      "fcf_margin": -0.012322858903265557,
      "incr_op_margin_yoy": -0.41935483870967744,
      "rev_growth_yoy": 0.03971812940422806,
      "rev_growth_yoy_accel": 0.006696322550645506,
      "fcf_margin_change": 0.03954686365403239
    }
  ],
  "signals": [
    {
      "quarter": "2025-06 (Q2)",
      "signal": "FCF MARGIN EXPANSION",
      "detail": "FCF margin: -24.1% -> -5.2% (+18.9%)",
      "severity": "MEDIUM"
    },
    {
      "quarter": "2025-03 (Q1)",
      "signal": "OPERATING LEVERAGE",
      "detail": "Rev growth +15.5% vs OpEx growth +3.9% (leverage: 4.0x)",
      "severity": "MEDIUM"
    },
    {
      "quarter": "2025-03 (Q1)",
      "signal": "GROSS MARGIN INFLECTION",
      "detail": "GM: +14.7% -> +13.5% -> +16.6% (reversal +3.1%)",
      "severity": "MEDIUM"
    },
    {
      "quarter": "2025-03 (Q1)",
      "signal": "OP MARGIN TURNED POSITIVE (QoQ)",
      "detail": "Op margin: -0.9% -> +3.7%",
      "severity": "HIGH"
    },
    {
      "quarter": "2024-12 (Q4)",
      "signal": "FCF TURNED POSITIVE",
      "detail": "FCF margin: -10.5% -> +37.6%",
      "severity": "HIGH"
    },
    {
      "quarter": "2024-12 (Q4)",
      "signal": "OPERATING LEVERAGE",
      "detail": "Rev growth +3.3% vs OpEx growth +2.2% (leverage: 1.5x)",
      "severity": "MEDIUM"
    },
    {
      "quarter": "2024-06 (Q2)",
      "signal": "INCREMENTAL MARGIN (YoY)",
      "detail": "YoY Incr OPM: +36.2% vs year-ago OPM: +1.0%",
      "severity": "HIGH"
    },
    {
      "quarter": "2024-03 (Q1)",
      "signal": "GROSS MARGIN INFLECTION",
      "detail": "GM: +16.6% -> +14.1% -> +19.1% (reversal +5.1%)",
      "severity": "HIGH"
    },
    {
      "quarter": "2023-12 (Q4)",
      "signal": "OPERATING LEVERAGE",
      "detail": "Rev growth +1.9% vs OpEx growth +0.7% (leverage: 2.8x)",
      "severity": "MEDIUM"
    },
    {
      "quarter": "2023-09 (Q3)",
      "signal": "FCF TURNED POSITIVE",
      "detail": "FCF margin: -7.4% -> +13.0%",
      "severity": "HIGH"
    },
    {
      "quarter": "2023-09 (Q3)",
      "signal": "GROSS MARGIN INFLECTION",
      "detail": "GM: +18.8% -> +14.2% -> +16.6% (reversal +2.5%)",
      "severity": "MEDIUM"
    },
    {
      "quarter": "2023-03 (Q1)",
      "signal": "OPERATING LEVERAGE",
      "detail": "Rev growth +18.8% vs OpEx growth +11.0% (leverage: 1.7x)",
      "severity": "MEDIUM"
    },
    {
      "quarter": "2023-03 (Q1)",
      "signal": "GROSS MARGIN INFLECTION",
      "detail": "GM: +17.0% -> +16.2% -> +18.8% (reversal +2.6%)",
      "severity": "MEDIUM"
    },
    {
      "quarter": "2022-12 (Q4)",
      "signal": "FCF MARGIN EXPANSION",
      "detail": "FCF margin: +6.4% -> +14.2% (+7.8%)",
      "severity": "MEDIUM"
    },
    {
      "quarter": "2022-12 (Q4)",
      "signal": "INCREMENTAL MARGIN (YoY)",
      "detail": "YoY Incr OPM: +18.2% vs year-ago OPM: +1.1%",
      "severity": "MEDIUM"
    },
    {
      "quarter": "2022-09 (Q3)",
      "signal": "FCF TURNED POSITIVE",
      "detail": "FCF margin: -2.8% -> +6.4%",
      "severity": "HIGH"
    },
    {
      "quarter": "2022-03 (Q1)",
      "signal": "GROSS MARGIN INFLECTION",
      "detail": "GM: +16.4% -> +13.2% -> +18.1% (reversal +4.9%)",
      "severity": "MEDIUM"
    },
    {
      "quarter": "2021-12 (Q4)",
      "signal": "FCF MARGIN EXPANSION",
      "detail": "FCF margin: +3.7% -> +15.2% (+11.5%)",
      "severity": "MEDIUM"
    },
    {
      "quarter": "2021-09 (Q3)",
      "signal": "FCF TURNED POSITIVE",
      "detail": "FCF margin: -0.3% -> +3.7%",
      "severity": "HIGH"
    },
    {
      "quarter": "2021-03 (Q1)",
      "signal": "OPERATING LEVERAGE",
      "detail": "Rev growth +21.8% vs OpEx growth +4.9% (leverage: 4.5x)",
      "severity": "MEDIUM"
    }
  ],
  "data_quality": {
    "n_quarters": 20,
    "coverage": {
      "revenue": [
        20,
        20
      ],
      "gross_profit": [
        20,
        20
      ],
      "op_income": [
        20,
        20
      ],
      "fcf": [
        20,
        20
      ]
    },
    "gaps": [],
    "warnings": []
  },
  "market_cap": null,
  "source": "SEC EDGAR",
  "last_updated": "2026-02-02T21:44:02.930278",
  "sector": "Industrials",
  "industry": "Staffing & Employment Services"
}