{
  "ticker": "NTLA",
  "name": "INTELLIA THERAPEUTICS, INC.",
  "quarters": [
    {
      "date": "2020-12-31T00:00:00",
      "quarter_label": "2020-12 (Q4)",
      "revenue": 6595000,
      "gross_profit": null,
      "operating_income": -42399000,
      "net_income": -42192000,
      "opex": 48994000,
      "cogs": null,
      "rd": 38231000,
      "sga": null,
      "fcf": -41232000,
      "ocf": -40226000,
      "capex": -1006000,
      "gross_margin": null,
      "op_margin": -6.4289613343442005,
      "fcf_margin": -6.2520090978013645
    },
    {
      "date": "2021-03-31T00:00:00",
      "quarter_label": "2021-03 (Q1)",
      "revenue": 6445000,
      "gross_profit": null,
      "operating_income": -46425000,
      "net_income": -46205000,
      "opex": 52870000,
      "cogs": null,
      "rd": 39276000,
      "sga": null,
      "fcf": -54788000,
      "ocf": -52376000,
      "capex": -2412000,
      "gross_margin": null,
      "op_margin": -7.203258339798293,
      "fcf_margin": -8.500853374709077,
      "fcf_margin_change": -2.248844276907713
    },
    {
      "date": "2021-06-30T00:00:00",
      "quarter_label": "2021-06 (Q2)",
      "revenue": 6550000,
      "gross_profit": null,
      "operating_income": -69017000,
      "net_income": -68806000,
      "opex": 75567000,
      "cogs": null,
      "rd": 58884000,
      "sga": null,
      "fcf": -55919000,
      "ocf": -52981000,
      "capex": -2938000,
      "gross_margin": null,
      "op_margin": -10.536946564885497,
      "fcf_margin": -8.537251908396946,
      "op_leverage_ratio": 0.03794960240026527,
      "fcf_margin_change": -0.03639853368786916
    },
    {
      "date": "2021-09-30T00:00:00",
      "quarter_label": "2021-09 (Q3)",
      "revenue": 7204000,
      "gross_profit": null,
      "operating_income": -71993000,
      "net_income": -71644000,
      "opex": 79197000,
      "cogs": null,
      "rd": 60486000,
      "sga": null,
      "fcf": -69560000,
      "ocf": -65022000,
      "capex": -4538000,
      "gross_margin": null,
      "op_margin": -9.993475846751805,
      "fcf_margin": -9.655746807329262,
      "op_leverage_ratio": 2.078557314995899,
      "fcf_margin_change": -1.1184948989323154
    },
    {
      "date": "2021-12-31T00:00:00",
      "quarter_label": "2021-12 (Q4)",
      "revenue": 12854000,
      "gross_profit": null,
      "operating_income": -80415000,
      "net_income": -81237000,
      "opex": 93269000,
      "cogs": null,
      "rd": 71161000,
      "sga": null,
      "fcf": -57519000,
      "ocf": -54651000,
      "capex": -2868000,
      "gross_margin": null,
      "op_margin": -6.256029251594835,
      "fcf_margin": -4.474793838493854,
      "incr_op_margin_yoy": -6.073813708260105,
      "rev_growth_yoy": 0.9490523123578468,
      "op_leverage_ratio": 4.413952425678488,
      "fcf_margin_change": 5.180952968835408
    },
    {
      "date": "2022-03-31T00:00:00",
      "quarter_label": "2022-03 (Q1)",
      "revenue": 11252000,
      "gross_profit": null,
      "operating_income": -144246000,
      "net_income": -146872000,
      "opex": 155498000,
      "cogs": null,
      "rd": 133095000,
      "sga": null,
      "fcf": -81230000,
      "ocf": -79801000,
      "capex": -1429000,
      "gross_margin": null,
      "op_margin": -12.81958762886598,
      "fcf_margin": -7.219161038037682,
      "incr_op_margin_yoy": -20.349698356563344,
      "rev_growth_yoy": 0.7458494957331264,
      "rev_growth_yoy_accel": -0.2032028166247204,
      "fcf_margin_change": -2.744367199543828
    },
    {
      "date": "2022-06-30T00:00:00",
      "quarter_label": "2022-06 (Q2)",
      "revenue": 14030000,
      "gross_profit": null,
      "operating_income": -98301000,
      "net_income": -100678000,
      "opex": 112331000,
      "cogs": null,
      "rd": 90199000,
      "sga": null,
      "fcf": -89071000,
      "ocf": -85091000,
      "capex": -3980000,
      "gross_margin": null,
      "op_margin": -7.0064861012116895,
      "fcf_margin": -6.348610121168924,
      "incr_op_margin_yoy": -3.9149732620320856,
      "rev_growth_yoy": 1.1419847328244275,
      "rev_growth_yoy_accel": 0.39613523709130105,
      "op_leverage_ratio": Infinity,
      "fcf_margin_change": 0.8705509168687584
    },
    {
      "date": "2022-09-30T00:00:00",
      "quarter_label": "2022-09 (Q3)",
      "revenue": 13266000,
      "gross_profit": null,
      "operating_income": -105530000,
      "net_income": -113229000,
      "opex": 118796000,
      "cogs": null,
      "rd": 96651000,
      "sga": null,
      "fcf": -82763000,
      "ocf": -78526000,
      "capex": -4237000,
      "gross_margin": null,
      "op_margin": -7.954922357907432,
      "fcf_margin": -6.238730589476858,
      "incr_op_margin_yoy": -5.532332563510392,
      "rev_growth_yoy": 0.8414769572459745,
      "rev_growth_yoy_accel": -0.300507775578453,
      "fcf_margin_change": 0.10987953169206577
    },
    {
      "date": "2022-12-31T00:00:00",
      "quarter_label": "2022-12 (Q4)",
      "revenue": 13573000,
      "gross_profit": null,
      "operating_income": -110087000,
      "net_income": -113407000,
      "opex": 123660000,
      "cogs": null,
      "rd": 100034000,
      "sga": null,
      "fcf": -93781000,
      "ocf": -89869000,
      "capex": -3912000,
      "gross_margin": null,
      "op_margin": -8.110734546526192,
      "fcf_margin": -6.909378914020482,
      "rev_growth_yoy": 0.05593589544110782,
      "rev_growth_yoy_accel": -0.7855410618048667,
      "op_leverage_ratio": 0.5652058313893055,
      "fcf_margin_change": -0.6706483245436239
    },
    {
      "date": "2023-03-31T00:00:00",
      "quarter_label": "2023-03 (Q1)",
      "revenue": 12606000,
      "gross_profit": null,
      "operating_income": -111958000,
      "net_income": -103126000,
      "opex": 124564000,
      "cogs": null,
      "rd": 97116000,
      "sga": null,
      "fcf": -113160000,
      "ocf": -109328000,
      "capex": -3832000,
      "gross_margin": null,
      "op_margin": -8.881326352530541,
      "fcf_margin": -8.97667777248929,
      "incr_op_margin_yoy": 23.84638109305761,
      "rev_growth_yoy": 0.12033416281549947,
      "rev_growth_yoy_accel": 0.06439826737439164,
      "fcf_margin_change": -2.067298858468809
    },
    {
      "date": "2023-06-30T00:00:00",
      "quarter_label": "2023-06 (Q2)",
      "revenue": 13594000,
      "gross_profit": null,
      "operating_income": -132334000,
      "net_income": -123681000,
      "opex": 145928000,
      "cogs": null,
      "rd": 115276000,
      "sga": null,
      "fcf": -94624000,
      "ocf": -90323000,
      "capex": -4301000,
      "gross_margin": null,
      "op_margin": -9.734735912902751,
      "fcf_margin": -6.9607179638075625,
      "rev_growth_yoy": -0.031076265146115466,
      "rev_growth_yoy_accel": -0.15141042796161494,
      "op_leverage_ratio": 0.4569720294092949,
      "fcf_margin_change": 2.0159598086817283
    },
    {
      "date": "2023-09-30T00:00:00",
      "quarter_label": "2023-09 (Q3)",
      "revenue": 11992000,
      "gross_profit": null,
      "operating_income": -131107000,
      "net_income": -122224000,
      "opex": 143099000,
      "cogs": null,
      "rd": 113696000,
      "sga": null,
      "fcf": -105713000,
      "ocf": -101381000,
      "capex": -4332000,
      "gross_margin": null,
      "op_margin": -10.93287191460974,
      "fcf_margin": -8.815293529019346,
      "incr_op_margin_yoy": 20.07613814756672,
      "rev_growth_yoy": -0.09603497663199155,
      "rev_growth_yoy_accel": -0.06495871148587609,
      "fcf_margin_change": -1.8545755652117837
    },
    {
      "date": "2023-12-31T00:00:00",
      "quarter_label": "2023-12 (Q4)",
      "revenue": -1917000,
      "gross_profit": null,
      "operating_income": -139892000,
      "net_income": -132161000,
      "opex": 137975000,
      "cogs": null,
      "rd": 108981000,
      "sga": null,
      "fcf": -94574000,
      "ocf": -93054000,
      "capex": -1520000,
      "gross_margin": null,
      "op_margin": 72.97443922796036,
      "fcf_margin": 49.334376630151276,
      "incr_op_margin_yoy": 1.9241446094254357,
      "rev_growth_yoy": -1.1412362779046636,
      "rev_growth_yoy_accel": -1.0452013012726722,
      "fcf_margin_change": 58.149670159170626
    },
    {
      "date": "2024-03-31T00:00:00",
      "quarter_label": "2024-03 (Q1)",
      "revenue": 28935000,
      "gross_profit": null,
      "operating_income": -114003000,
      "net_income": -107436000,
      "opex": 142938000,
      "cogs": null,
      "rd": 111847000,
      "sga": null,
      "fcf": -123168000,
      "ocf": -120662000,
      "capex": -2506000,
      "gross_margin": null,
      "op_margin": -3.9399688958009333,
      "fcf_margin": -4.256713322965267,
      "incr_op_margin_yoy": -0.1252373078571866,
      "rev_growth_yoy": 1.2953355544978582,
      "rev_growth_yoy_accel": 2.436571832402522,
      "fcf_margin_change": -53.591089953116544
    },
    {
      "date": "2024-06-30T00:00:00",
      "quarter_label": "2024-06 (Q2)",
      "revenue": 6957000,
      "gross_profit": null,
      "operating_income": -139043000,
      "net_income": -146975000,
      "opex": 146000000,
      "cogs": null,
      "rd": 114207000,
      "sga": null,
      "fcf": -59198000,
      "ocf": -58186000,
      "capex": -1012000,
      "gross_margin": null,
      "op_margin": -19.986057208566912,
      "fcf_margin": -8.509127497484547,
      "incr_op_margin_yoy": 1.0108482748229621,
      "rev_growth_yoy": -0.48823010151537444,
      "rev_growth_yoy_accel": -1.7835656560132327,
      "fcf_margin_change": -4.25241417451928
    },
    {
      "date": "2024-09-30T00:00:00",
      "quarter_label": "2024-09 (Q3)",
      "revenue": 9111000,
      "gross_profit": null,
      "operating_income": -144770000,
      "net_income": -135712000,
      "opex": 153881000,
      "cogs": null,
      "rd": 123380000,
      "sga": null,
      "fcf": -86116000,
      "ocf": -84837000,
      "capex": -1279000,
      "gross_margin": null,
      "op_margin": -15.889584019317308,
      "fcf_margin": -9.45187136428493,
      "incr_op_margin_yoy": 4.7424505380076365,
      "rev_growth_yoy": -0.24024349566377584,
      "rev_growth_yoy_accel": 0.2479866058515986,
      "op_leverage_ratio": 5.735816168919316,
      "fcf_margin_change": -0.9427438668003827
    },
    {
      "date": "2024-12-31T00:00:00",
      "quarter_label": "2024-12 (Q4)",
      "revenue": 12874000,
      "gross_profit": null,
      "operating_income": -136447000,
      "net_income": -128898000,
      "opex": 149321000,
      "cogs": null,
      "rd": 116877000,
      "sga": null,
      "fcf": -86176000,
      "ocf": -85195000,
      "capex": -981000,
      "gross_margin": null,
      "op_margin": -10.598648438713687,
      "fcf_margin": -6.693801460307597,
      "incr_op_margin_yoy": 0.2329119058887161,
      "op_leverage_ratio": Infinity,
      "fcf_margin_change": 2.758069903977333
    },
    {
      "date": "2025-03-31T00:00:00",
      "quarter_label": "2025-03 (Q1)",
      "revenue": 16627000,
      "gross_profit": null,
      "operating_income": -120807000,
      "net_income": -114329000,
      "opex": 137434000,
      "cogs": null,
      "rd": 108427000,
      "sga": null,
      "fcf": -149665000,
      "ocf": -148930000,
      "capex": -735000,
      "gross_margin": null,
      "op_margin": -7.265712395501293,
      "fcf_margin": -9.001323149094846,
      "incr_op_margin_yoy": 0.552811179720507,
      "rev_growth_yoy": -0.42536720235009506,
      "op_leverage_ratio": Infinity,
      "fcf_margin_change": -2.307521688787249
    },
    {
      "date": "2025-06-30T00:00:00",
      "quarter_label": "2025-06 (Q2)",
      "revenue": 14245000,
      "gross_profit": null,
      "operating_income": -109996000,
      "net_income": -101255000,
      "opex": 124241000,
      "cogs": null,
      "rd": 97035000,
      "sga": null,
      "fcf": -99861000,
      "ocf": -99622000,
      "capex": -239000,
      "gross_margin": null,
      "op_margin": -7.721726921726922,
      "fcf_margin": -7.01024921024921,
      "incr_op_margin_yoy": 3.9855927552140504,
      "rev_growth_yoy": 1.0475779790139428,
      "rev_growth_yoy_accel": 1.4729451813640377,
      "fcf_margin_change": 1.991073938845636
    },
    {
      "date": "2025-09-30T00:00:00",
      "quarter_label": "2025-09 (Q3)",
      "revenue": 13782000,
      "gross_profit": null,
      "operating_income": -111477000,
      "net_income": -101324000,
      "opex": 125259000,
      "cogs": null,
      "rd": 94747000,
      "sga": null,
      "fcf": -76928000,
      "ocf": -76899000,
      "capex": -29000,
      "gross_margin": null,
      "op_margin": -8.08859381802351,
      "fcf_margin": -5.58177332752866,
      "incr_op_margin_yoy": 7.127595803896382,
      "rev_growth_yoy": 0.5126769838656569,
      "rev_growth_yoy_accel": -0.5349009951482859,
      "fcf_margin_change": 1.4284758827205497
    }
  ],
  "signals": [
    {
      "quarter": "2025-09 (Q3)",
      "signal": "FCF MARGIN EXPANSION",
      "detail": "FCF margin: -701.0% -> -558.2% (+142.8%)",
      "severity": "MEDIUM"
    },
    {
      "quarter": "2025-09 (Q3)",
      "signal": "YoY REVENUE GROWTH DECELERATION",
      "detail": "YoY growth: +51.3% vs prior quarter YoY: +104.8% (decel: -53.5%)",
      "severity": "WARNING"
    },
    {
      "quarter": "2025-06 (Q2)",
      "signal": "FCF MARGIN EXPANSION",
      "detail": "FCF margin: -900.1% -> -701.0% (+199.1%)",
      "severity": "MEDIUM"
    },
    {
      "quarter": "2025-06 (Q2)",
      "signal": "YoY REVENUE GROWTH ACCELERATION",
      "detail": "YoY growth: +104.8% vs prior quarter YoY: -42.5% (accel: +147.3%)",
      "severity": "HIGH"
    },
    {
      "quarter": "2024-12 (Q4)",
      "signal": "FCF MARGIN EXPANSION",
      "detail": "FCF margin: -945.2% -> -669.4% (+275.8%)",
      "severity": "MEDIUM"
    },
    {
      "quarter": "2024-09 (Q3)",
      "signal": "OPERATING LEVERAGE",
      "detail": "Rev growth +31.0% vs OpEx growth +5.4% (leverage: 5.7x)",
      "severity": "MEDIUM"
    },
    {
      "quarter": "2024-09 (Q3)",
      "signal": "YoY REVENUE GROWTH ACCELERATION",
      "detail": "YoY growth: -24.0% vs prior quarter YoY: -48.8% (accel: +24.8%)",
      "severity": "HIGH"
    },
    {
      "quarter": "2024-06 (Q2)",
      "signal": "YoY REVENUE GROWTH DECELERATION",
      "detail": "YoY growth: -48.8% vs prior quarter YoY: +129.5% (decel: -178.4%)",
      "severity": "WARNING"
    },
    {
      "quarter": "2024-03 (Q1)",
      "signal": "YoY REVENUE GROWTH ACCELERATION",
      "detail": "YoY growth: +129.5% vs prior quarter YoY: -114.1% (accel: +243.7%)",
      "severity": "HIGH"
    },
    {
      "quarter": "2023-12 (Q4)",
      "signal": "FCF TURNED POSITIVE",
      "detail": "FCF margin: -881.5% -> +4933.4%",
      "severity": "HIGH"
    },
    {
      "quarter": "2023-12 (Q4)",
      "signal": "YoY REVENUE GROWTH DECELERATION",
      "detail": "YoY growth: -114.1% vs prior quarter YoY: -9.6% (decel: -104.5%)",
      "severity": "WARNING"
    },
    {
      "quarter": "2023-12 (Q4)",
      "signal": "OP MARGIN TURNED POSITIVE (YoY)",
      "detail": "Op margin: -811.1% (year-ago) -> +7297.4%",
      "severity": "HIGH"
    },
    {
      "quarter": "2023-12 (Q4)",
      "signal": "OP MARGIN TURNED POSITIVE (QoQ)",
      "detail": "Op margin: -1093.3% -> +7297.4%",
      "severity": "HIGH"
    },
    {
      "quarter": "2023-09 (Q3)",
      "signal": "YoY REVENUE GROWTH DECELERATION",
      "detail": "YoY growth: -9.6% vs prior quarter YoY: -3.1% (decel: -6.5%)",
      "severity": "WARNING"
    },
    {
      "quarter": "2023-06 (Q2)",
      "signal": "FCF MARGIN EXPANSION",
      "detail": "FCF margin: -897.7% -> -696.1% (+201.6%)",
      "severity": "MEDIUM"
    },
    {
      "quarter": "2023-06 (Q2)",
      "signal": "YoY REVENUE GROWTH DECELERATION",
      "detail": "YoY growth: -3.1% vs prior quarter YoY: +12.0% (decel: -15.1%)",
      "severity": "WARNING"
    },
    {
      "quarter": "2023-03 (Q1)",
      "signal": "YoY REVENUE GROWTH ACCELERATION",
      "detail": "YoY growth: +12.0% vs prior quarter YoY: +5.6% (accel: +6.4%)",
      "severity": "MEDIUM"
    },
    {
      "quarter": "2022-12 (Q4)",
      "signal": "YoY REVENUE GROWTH DECELERATION",
      "detail": "YoY growth: +5.6% vs prior quarter YoY: +84.1% (decel: -78.6%)",
      "severity": "WARNING"
    },
    {
      "quarter": "2022-09 (Q3)",
      "signal": "FCF MARGIN EXPANSION",
      "detail": "FCF margin: -634.9% -> -623.9% (+11.0%)",
      "severity": "MEDIUM"
    },
    {
      "quarter": "2022-09 (Q3)",
      "signal": "YoY REVENUE GROWTH DECELERATION",
      "detail": "YoY growth: +84.1% vs prior quarter YoY: +114.2% (decel: -30.1%)",
      "severity": "WARNING"
    },
    {
      "quarter": "2022-06 (Q2)",
      "signal": "FCF MARGIN EXPANSION",
      "detail": "FCF margin: -721.9% -> -634.9% (+87.1%)",
      "severity": "MEDIUM"
    },
    {
      "quarter": "2022-06 (Q2)",
      "signal": "YoY REVENUE GROWTH ACCELERATION",
      "detail": "YoY growth: +114.2% vs prior quarter YoY: +74.6% (accel: +39.6%)",
      "severity": "HIGH"
    },
    {
      "quarter": "2022-03 (Q1)",
      "signal": "YoY REVENUE GROWTH DECELERATION",
      "detail": "YoY growth: +74.6% vs prior quarter YoY: +94.9% (decel: -20.3%)",
      "severity": "WARNING"
    },
    {
      "quarter": "2021-12 (Q4)",
      "signal": "FCF MARGIN EXPANSION",
      "detail": "FCF margin: -965.6% -> -447.5% (+518.1%)",
      "severity": "MEDIUM"
    },
    {
      "quarter": "2021-12 (Q4)",
      "signal": "OPERATING LEVERAGE",
      "detail": "Rev growth +78.4% vs OpEx growth +17.8% (leverage: 4.4x)",
      "severity": "MEDIUM"
    },
    {
      "quarter": "2021-09 (Q3)",
      "signal": "OPERATING LEVERAGE",
      "detail": "Rev growth +10.0% vs OpEx growth +4.8% (leverage: 2.1x)",
      "severity": "MEDIUM"
    }
  ],
  "data_quality": {
    "n_quarters": 20,
    "coverage": {
      "revenue": [
        20,
        20
      ],
      "gross_profit": [
        0,
        20
      ],
      "op_income": [
        20,
        20
      ],
      "fcf": [
        20,
        20
      ]
    },
    "gaps": [],
    "warnings": [
      "gross_profit: no data"
    ]
  },
  "market_cap": null,
  "source": "SEC EDGAR",
  "last_updated": "2026-02-02T21:42:59.183917"
}