{
  "ticker": "NTRSO",
  "name": "NORTHERN TRUST CORP",
  "quarters": [
    {
      "date": "2020-12-31T00:00:00",
      "quarter_label": "2020-12 (Q4)",
      "revenue": 3131900000,
      "gross_profit": null,
      "operating_income": null,
      "net_income": 240900000,
      "opex": null,
      "cogs": null,
      "rd": null,
      "sga": null,
      "fcf": 1443100000,
      "ocf": 1476300000,
      "capex": -33200000,
      "gross_margin": null,
      "op_margin": null,
      "fcf_margin": 0.4607746096618666
    },
    {
      "date": "2021-03-31T00:00:00",
      "quarter_label": "2021-03 (Q1)",
      "revenue": 1063700000,
      "gross_profit": null,
      "operating_income": null,
      "net_income": 375100000,
      "opex": null,
      "cogs": null,
      "rd": null,
      "sga": null,
      "fcf": 57600000,
      "ocf": 68300000,
      "capex": -10700000,
      "gross_margin": null,
      "op_margin": null,
      "fcf_margin": 0.054150606373977624,
      "fcf_margin_change": -0.406624003287889
    },
    {
      "date": "2021-06-30T00:00:00",
      "quarter_label": "2021-06 (Q2)",
      "revenue": 1075400000,
      "gross_profit": null,
      "operating_income": null,
      "net_income": 368100000,
      "opex": null,
      "cogs": null,
      "rd": null,
      "sga": null,
      "fcf": -1264400000,
      "ocf": -1236000000,
      "capex": -28400000,
      "gross_margin": null,
      "op_margin": null,
      "fcf_margin": -1.1757485586758416,
      "fcf_margin_change": -1.2298991650498192
    },
    {
      "date": "2021-09-30T00:00:00",
      "quarter_label": "2021-09 (Q3)",
      "revenue": 1111000000,
      "gross_profit": null,
      "operating_income": null,
      "net_income": 395700000,
      "opex": null,
      "cogs": null,
      "rd": null,
      "sga": null,
      "fcf": 455900000,
      "ocf": 481800000,
      "capex": -25900000,
      "gross_margin": null,
      "op_margin": null,
      "fcf_margin": 0.41035103510351034,
      "fcf_margin_change": 1.5860995937793518
    },
    {
      "date": "2021-12-31T00:00:00",
      "quarter_label": "2021-12 (Q4)",
      "revenue": 3214400000,
      "gross_profit": null,
      "operating_income": null,
      "net_income": 406400000,
      "opex": null,
      "cogs": null,
      "rd": null,
      "sga": null,
      "fcf": 2011400000,
      "ocf": 2041900000,
      "capex": -30500000,
      "gross_margin": null,
      "op_margin": null,
      "fcf_margin": 0.6257466401194625,
      "rev_growth_yoy": 0.02634183722341071,
      "fcf_margin_change": 0.21539560501595212
    },
    {
      "date": "2022-03-31T00:00:00",
      "quarter_label": "2022-03 (Q1)",
      "revenue": 1168400000,
      "gross_profit": null,
      "operating_income": null,
      "net_income": 389300000,
      "opex": null,
      "cogs": null,
      "rd": null,
      "sga": null,
      "fcf": 721100000,
      "ocf": 746900000,
      "capex": -25800000,
      "gross_margin": null,
      "op_margin": null,
      "fcf_margin": 0.6171687778158165,
      "rev_growth_yoy": 0.09843000846103224,
      "rev_growth_yoy_accel": 0.07208817123762153,
      "fcf_margin_change": -0.008577862303645989
    },
    {
      "date": "2022-06-30T00:00:00",
      "quarter_label": "2022-06 (Q2)",
      "revenue": 1143400000,
      "gross_profit": null,
      "operating_income": null,
      "net_income": 396200000,
      "opex": null,
      "cogs": null,
      "rd": null,
      "sga": null,
      "fcf": -1632200000,
      "ocf": -1610800000,
      "capex": -21400000,
      "gross_margin": null,
      "op_margin": null,
      "fcf_margin": -1.4274969389539969,
      "rev_growth_yoy": 0.06323228566114934,
      "rev_growth_yoy_accel": -0.0351977227998829,
      "fcf_margin_change": -2.0446657167698135
    },
    {
      "date": "2022-09-30T00:00:00",
      "quarter_label": "2022-09 (Q3)",
      "revenue": 1078700000,
      "gross_profit": null,
      "operating_income": null,
      "net_income": 394800000,
      "opex": null,
      "cogs": null,
      "rd": null,
      "sga": null,
      "fcf": -919200000,
      "ocf": -895700000,
      "capex": -23500000,
      "gross_margin": null,
      "op_margin": null,
      "fcf_margin": -0.8521368313710949,
      "rev_growth_yoy": -0.02907290729072907,
      "rev_growth_yoy_accel": -0.09230519295187842,
      "fcf_margin_change": 0.575360107582902
    },
    {
      "date": "2022-12-31T00:00:00",
      "quarter_label": "2022-12 (Q4)",
      "revenue": 3370700000,
      "gross_profit": null,
      "operating_income": null,
      "net_income": 155700000,
      "opex": null,
      "cogs": null,
      "rd": null,
      "sga": null,
      "fcf": 4094100000,
      "ocf": 4152000000,
      "capex": -57900000,
      "gross_margin": null,
      "op_margin": null,
      "fcf_margin": 1.2146141750971609,
      "rev_growth_yoy": 0.048624937779990045,
      "rev_growth_yoy_accel": 0.07769784507071911,
      "fcf_margin_change": 2.0667510064682557
    },
    {
      "date": "2023-03-31T00:00:00",
      "quarter_label": "2023-03 (Q1)",
      "revenue": 1063600000,
      "gross_profit": null,
      "operating_income": null,
      "net_income": 334600000,
      "opex": null,
      "cogs": null,
      "rd": null,
      "sga": null,
      "fcf": -176400000,
      "ocf": -164900000,
      "capex": -11500000,
      "gross_margin": null,
      "op_margin": null,
      "fcf_margin": -0.1658518239939827,
      "rev_growth_yoy": -0.08969530982540226,
      "rev_growth_yoy_accel": -0.1383202476053923,
      "fcf_margin_change": -1.3804659990911436
    },
    {
      "date": "2023-06-30T00:00:00",
      "quarter_label": "2023-06 (Q2)",
      "revenue": 1096300000,
      "gross_profit": null,
      "operating_income": null,
      "net_income": 331800000,
      "opex": null,
      "cogs": null,
      "rd": null,
      "sga": null,
      "fcf": -119500000,
      "ocf": -99400000,
      "capex": -20100000,
      "gross_margin": null,
      "op_margin": null,
      "fcf_margin": -0.1090030101249658,
      "rev_growth_yoy": -0.04119293335665559,
      "rev_growth_yoy_accel": 0.04850237646874667,
      "fcf_margin_change": 0.05684881386901691
    },
    {
      "date": "2023-09-30T00:00:00",
      "quarter_label": "2023-09 (Q3)",
      "revenue": 1111900000,
      "gross_profit": null,
      "operating_income": null,
      "net_income": 327800000,
      "opex": null,
      "cogs": null,
      "rd": null,
      "sga": null,
      "fcf": 65600000,
      "ocf": 86700000,
      "capex": -21100000,
      "gross_margin": null,
      "op_margin": null,
      "fcf_margin": 0.05899811134094793,
      "rev_growth_yoy": 0.03077778807824233,
      "rev_growth_yoy_accel": 0.07197072143489791,
      "fcf_margin_change": 0.16800112146591373
    },
    {
      "date": "2023-12-31T00:00:00",
      "quarter_label": "2023-12 (Q4)",
      "revenue": 3501700000,
      "gross_profit": null,
      "operating_income": null,
      "net_income": 113100000,
      "opex": null,
      "cogs": null,
      "rd": null,
      "sga": null,
      "fcf": 2739400000,
      "ocf": 2803200000,
      "capex": -63800000,
      "gross_margin": null,
      "op_margin": null,
      "fcf_margin": 0.7823057372133535,
      "rev_growth_yoy": 0.038864330851158514,
      "rev_growth_yoy_accel": 0.008086542772916185,
      "fcf_margin_change": 0.7233076258724056
    },
    {
      "date": "2024-03-31T00:00:00",
      "quarter_label": "2024-03 (Q1)",
      "revenue": 1142900000,
      "gross_profit": null,
      "operating_income": null,
      "net_income": 214700000,
      "opex": null,
      "cogs": null,
      "rd": null,
      "sga": null,
      "fcf": -1466900000,
      "ocf": -1452600000,
      "capex": -14300000,
      "gross_margin": null,
      "op_margin": null,
      "fcf_margin": -1.2834893691486569,
      "rev_growth_yoy": 0.07455810455058293,
      "rev_growth_yoy_accel": 0.03569377369942441,
      "fcf_margin_change": -2.0657951063620104
    },
    {
      "date": "2024-06-30T00:00:00",
      "quarter_label": "2024-06 (Q2)",
      "revenue": 1166100000,
      "gross_profit": null,
      "operating_income": null,
      "net_income": 896100000,
      "opex": null,
      "cogs": null,
      "rd": null,
      "sga": null,
      "fcf": 2969500000,
      "ocf": 2990300000,
      "capex": -20800000,
      "gross_margin": null,
      "op_margin": null,
      "fcf_margin": 2.5465225966898206,
      "rev_growth_yoy": 0.06366870382194655,
      "rev_growth_yoy_accel": -0.01088940072863638,
      "fcf_margin_change": 3.8300119658384775
    },
    {
      "date": "2024-09-30T00:00:00",
      "quarter_label": "2024-09 (Q3)",
      "revenue": 1196600000,
      "gross_profit": null,
      "operating_income": null,
      "net_income": 464900000,
      "opex": null,
      "cogs": null,
      "rd": null,
      "sga": null,
      "fcf": 585400000,
      "ocf": 611100000,
      "capex": -25700000,
      "gross_margin": null,
      "op_margin": null,
      "fcf_margin": 0.4892194551228481,
      "rev_growth_yoy": 0.0761759151002788,
      "rev_growth_yoy_accel": 0.01250721127833225,
      "fcf_margin_change": -2.0573031415669725
    },
    {
      "date": "2024-12-31T00:00:00",
      "quarter_label": "2024-12 (Q4)",
      "revenue": 4784800000,
      "gross_profit": null,
      "operating_income": null,
      "net_income": 455400000,
      "opex": null,
      "cogs": null,
      "rd": null,
      "sga": null,
      "fcf": -2675500000,
      "ocf": -2634800000,
      "capex": -40700000,
      "gross_margin": null,
      "op_margin": null,
      "fcf_margin": -0.5591665273365658,
      "rev_growth_yoy": 0.3664220235885427,
      "rev_growth_yoy_accel": 0.29024610848826393,
      "fcf_margin_change": -1.048385982459414
    },
    {
      "date": "2025-03-31T00:00:00",
      "quarter_label": "2025-03 (Q1)",
      "revenue": 1213800000,
      "gross_profit": null,
      "operating_income": null,
      "net_income": 392000000,
      "opex": null,
      "cogs": null,
      "rd": null,
      "sga": null,
      "fcf": 2737400000,
      "ocf": 2749800000,
      "capex": -12400000,
      "gross_margin": null,
      "op_margin": null,
      "fcf_margin": 2.2552315043664524,
      "rev_growth_yoy": 0.06203517368098696,
      "rev_growth_yoy_accel": -0.3043868499075557,
      "fcf_margin_change": 2.814398031703018
    },
    {
      "date": "2025-06-30T00:00:00",
      "quarter_label": "2025-06 (Q2)",
      "revenue": 1231100000,
      "gross_profit": null,
      "operating_income": null,
      "net_income": 421300000,
      "opex": null,
      "cogs": null,
      "rd": null,
      "sga": null,
      "fcf": 1857100000,
      "ocf": 1869500000,
      "capex": -12400000,
      "gross_margin": null,
      "op_margin": null,
      "fcf_margin": 1.508488343757615,
      "rev_growth_yoy": 0.055741360089186176,
      "rev_growth_yoy_accel": -0.006293813591800784,
      "fcf_margin_change": -0.7467431606088373
    },
    {
      "date": "2025-09-30T00:00:00",
      "quarter_label": "2025-09 (Q3)",
      "revenue": 1265500000,
      "gross_profit": null,
      "operating_income": null,
      "net_income": 457600000,
      "opex": null,
      "cogs": null,
      "rd": null,
      "sga": null,
      "fcf": 509400000,
      "ocf": 525800000,
      "capex": -16400000,
      "gross_margin": null,
      "op_margin": null,
      "fcf_margin": 0.40252864480442513,
      "rev_growth_yoy": 0.057579809460137056,
      "rev_growth_yoy_accel": 0.00183844937095088,
      "fcf_margin_change": -1.10595969895319
    }
  ],
  "signals": [
    {
      "quarter": "2025-03 (Q1)",
      "signal": "FCF TURNED POSITIVE",
      "detail": "FCF margin: -55.9% -> +225.5%",
      "severity": "HIGH"
    },
    {
      "quarter": "2025-03 (Q1)",
      "signal": "YoY REVENUE GROWTH DECELERATION",
      "detail": "YoY growth: +6.2% vs prior quarter YoY: +36.6% (decel: -30.4%)",
      "severity": "WARNING"
    },
    {
      "quarter": "2024-12 (Q4)",
      "signal": "YoY REVENUE GROWTH ACCELERATION",
      "detail": "YoY growth: +36.6% vs prior quarter YoY: +7.6% (accel: +29.0%)",
      "severity": "HIGH"
    },
    {
      "quarter": "2024-06 (Q2)",
      "signal": "FCF TURNED POSITIVE",
      "detail": "FCF margin: -128.3% -> +254.7%",
      "severity": "HIGH"
    },
    {
      "quarter": "2023-12 (Q4)",
      "signal": "FCF MARGIN EXPANSION",
      "detail": "FCF margin: +5.9% -> +78.2% (+72.3%)",
      "severity": "MEDIUM"
    },
    {
      "quarter": "2023-09 (Q3)",
      "signal": "FCF TURNED POSITIVE",
      "detail": "FCF margin: -10.9% -> +5.9%",
      "severity": "HIGH"
    },
    {
      "quarter": "2023-09 (Q3)",
      "signal": "YoY REVENUE GROWTH ACCELERATION",
      "detail": "YoY growth: +3.1% vs prior quarter YoY: -4.1% (accel: +7.2%)",
      "severity": "MEDIUM"
    },
    {
      "quarter": "2023-06 (Q2)",
      "signal": "FCF MARGIN EXPANSION",
      "detail": "FCF margin: -16.6% -> -10.9% (+5.7%)",
      "severity": "MEDIUM"
    },
    {
      "quarter": "2023-03 (Q1)",
      "signal": "YoY REVENUE GROWTH DECELERATION",
      "detail": "YoY growth: -9.0% vs prior quarter YoY: +4.9% (decel: -13.8%)",
      "severity": "WARNING"
    },
    {
      "quarter": "2022-12 (Q4)",
      "signal": "FCF TURNED POSITIVE",
      "detail": "FCF margin: -85.2% -> +121.5%",
      "severity": "HIGH"
    },
    {
      "quarter": "2022-12 (Q4)",
      "signal": "YoY REVENUE GROWTH ACCELERATION",
      "detail": "YoY growth: +4.9% vs prior quarter YoY: -2.9% (accel: +7.8%)",
      "severity": "MEDIUM"
    },
    {
      "quarter": "2022-09 (Q3)",
      "signal": "FCF MARGIN EXPANSION",
      "detail": "FCF margin: -142.7% -> -85.2% (+57.5%)",
      "severity": "MEDIUM"
    },
    {
      "quarter": "2022-09 (Q3)",
      "signal": "YoY REVENUE GROWTH DECELERATION",
      "detail": "YoY growth: -2.9% vs prior quarter YoY: +6.3% (decel: -9.2%)",
      "severity": "WARNING"
    },
    {
      "quarter": "2022-03 (Q1)",
      "signal": "YoY REVENUE GROWTH ACCELERATION",
      "detail": "YoY growth: +9.8% vs prior quarter YoY: +2.6% (accel: +7.2%)",
      "severity": "MEDIUM"
    },
    {
      "quarter": "2021-12 (Q4)",
      "signal": "FCF MARGIN EXPANSION",
      "detail": "FCF margin: +41.0% -> +62.6% (+21.5%)",
      "severity": "MEDIUM"
    },
    {
      "quarter": "2021-09 (Q3)",
      "signal": "FCF TURNED POSITIVE",
      "detail": "FCF margin: -117.6% -> +41.0%",
      "severity": "HIGH"
    }
  ],
  "data_quality": {
    "n_quarters": 20,
    "coverage": {
      "revenue": [
        20,
        20
      ],
      "gross_profit": [
        0,
        20
      ],
      "op_income": [
        0,
        20
      ],
      "fcf": [
        20,
        20
      ]
    },
    "gaps": [],
    "warnings": [
      "gross_profit: no data",
      "op_income: no data"
    ]
  },
  "market_cap": null,
  "source": "SEC EDGAR",
  "last_updated": "2026-02-03T01:07:49.032982"
}