{
  "ticker": "NTST",
  "name": "NETSTREIT Corp.",
  "sector": "Real Estate",
  "industry": "REIT - Retail",
  "quarters": [
    {
      "date": "2021-03-31T00:00:00",
      "quarter_label": "2021-03 (Q1)",
      "revenue": 11932000,
      "gross_profit": null,
      "operating_income": null,
      "net_income": 701000,
      "opex": 10236000,
      "cogs": null,
      "rd": null,
      "sga": null,
      "fcf": 4270000,
      "ocf": 4270000,
      "capex": null,
      "gross_margin": null,
      "op_margin": null,
      "fcf_margin": 0.35786121354341266
    },
    {
      "date": "2021-06-30T00:00:00",
      "quarter_label": "2021-06 (Q2)",
      "revenue": 13798000,
      "gross_profit": null,
      "operating_income": null,
      "net_income": -2536000,
      "opex": 16031000,
      "cogs": null,
      "rd": null,
      "sga": null,
      "fcf": 9488000,
      "ocf": 9488000,
      "capex": null,
      "gross_margin": null,
      "op_margin": null,
      "fcf_margin": 0.687635889259313,
      "op_leverage_ratio": 0.2762327911081981,
      "fcf_margin_change": 0.3297746757159003
    },
    {
      "date": "2021-09-30T00:00:00",
      "quarter_label": "2021-09 (Q3)",
      "revenue": 15603000,
      "gross_profit": null,
      "operating_income": null,
      "net_income": 2848000,
      "opex": 13719000,
      "cogs": null,
      "rd": null,
      "sga": null,
      "fcf": 5448000,
      "ocf": 5448000,
      "capex": null,
      "gross_margin": null,
      "op_margin": null,
      "fcf_margin": 0.34916362238031146,
      "op_leverage_ratio": null,
      "fcf_margin_change": -0.3384722668790015
    },
    {
      "date": "2021-12-31T00:00:00",
      "quarter_label": "2021-12 (Q4)",
      "revenue": 17807000,
      "gross_profit": null,
      "operating_income": null,
      "net_income": null,
      "opex": 15672000,
      "cogs": null,
      "rd": null,
      "sga": null,
      "fcf": 12272000,
      "ocf": 12272000,
      "capex": null,
      "gross_margin": null,
      "op_margin": null,
      "fcf_margin": 0.6891671814454989,
      "op_leverage_ratio": 0.9922559104540237,
      "fcf_margin_change": 0.3400035590651875
    },
    {
      "date": "2022-03-31T00:00:00",
      "quarter_label": "2022-03 (Q1)",
      "revenue": 21332000,
      "gross_profit": null,
      "operating_income": null,
      "net_income": 1942000,
      "opex": 18267000,
      "cogs": null,
      "rd": null,
      "sga": null,
      "fcf": 8954000,
      "ocf": 8954000,
      "capex": null,
      "gross_margin": null,
      "op_margin": null,
      "fcf_margin": 0.41974498406150385,
      "rev_growth_yoy": 0.7877975192758967,
      "op_leverage_ratio": 1.195516084309249,
      "fcf_margin_change": -0.2694221973839951
    },
    {
      "date": "2022-06-30T00:00:00",
      "quarter_label": "2022-06 (Q2)",
      "revenue": 22634000,
      "gross_profit": null,
      "operating_income": null,
      "net_income": 1987000,
      "opex": 20903000,
      "cogs": null,
      "rd": null,
      "sga": null,
      "fcf": 13296000,
      "ocf": 13296000,
      "capex": null,
      "gross_margin": null,
      "op_margin": null,
      "fcf_margin": 0.5874348325527967,
      "rev_growth_yoy": 0.6403826641542253,
      "rev_growth_yoy_accel": -0.1474148551216714,
      "op_leverage_ratio": 0.4229618841883232,
      "fcf_margin_change": 0.16768984849129287
    },
    {
      "date": "2022-09-30T00:00:00",
      "quarter_label": "2022-09 (Q3)",
      "revenue": 25013000,
      "gross_profit": null,
      "operating_income": null,
      "net_income": 1403000,
      "opex": 20549000,
      "cogs": null,
      "rd": null,
      "sga": null,
      "fcf": 16456000,
      "ocf": 16456000,
      "capex": null,
      "gross_margin": null,
      "op_margin": null,
      "fcf_margin": 0.6578978930955903,
      "rev_growth_yoy": 0.6030891495225277,
      "rev_growth_yoy_accel": -0.03729351463169761,
      "op_leverage_ratio": null,
      "fcf_margin_change": 0.07046306054279361
    },
    {
      "date": "2022-12-31T00:00:00",
      "quarter_label": "2022-12 (Q4)",
      "revenue": 27299000,
      "gross_profit": null,
      "operating_income": null,
      "net_income": null,
      "opex": 23057000,
      "cogs": null,
      "rd": null,
      "sga": null,
      "fcf": 11941000,
      "ocf": 11941000,
      "capex": null,
      "gross_margin": null,
      "op_margin": null,
      "fcf_margin": 0.43741528993736034,
      "rev_growth_yoy": 0.5330488010333015,
      "rev_growth_yoy_accel": -0.07004034848922613,
      "op_leverage_ratio": 0.7488133921556963,
      "fcf_margin_change": -0.22048260315822998
    },
    {
      "date": "2023-03-31T00:00:00",
      "quarter_label": "2023-03 (Q1)",
      "revenue": 29452000,
      "gross_profit": null,
      "operating_income": null,
      "net_income": 1472000,
      "opex": 23903000,
      "cogs": null,
      "rd": null,
      "sga": null,
      "fcf": 14806000,
      "ocf": 14806000,
      "capex": null,
      "gross_margin": null,
      "op_margin": null,
      "fcf_margin": 0.5027162841233193,
      "rev_growth_yoy": 0.3806487905494093,
      "rev_growth_yoy_accel": -0.15240001048389223,
      "op_leverage_ratio": 2.1494617828639107,
      "fcf_margin_change": 0.06530099418595892
    },
    {
      "date": "2023-06-30T00:00:00",
      "quarter_label": "2023-06 (Q2)",
      "revenue": 31630000,
      "gross_profit": null,
      "operating_income": null,
      "net_income": -791000,
      "opex": 27488000,
      "cogs": null,
      "rd": null,
      "sga": null,
      "fcf": 19589000,
      "ocf": 19589000,
      "capex": null,
      "gross_margin": null,
      "op_margin": null,
      "fcf_margin": 0.6193171040151755,
      "rev_growth_yoy": 0.3974551559600601,
      "rev_growth_yoy_accel": 0.01680636541065078,
      "op_leverage_ratio": 0.49306745192660123,
      "fcf_margin_change": 0.11660081989185622
    },
    {
      "date": "2023-09-30T00:00:00",
      "quarter_label": "2023-09 (Q3)",
      "revenue": 33961000,
      "gross_profit": null,
      "operating_income": null,
      "net_income": 4215000,
      "opex": 26501000,
      "cogs": null,
      "rd": null,
      "sga": null,
      "fcf": 17117000,
      "ocf": 17117000,
      "capex": null,
      "gross_margin": null,
      "op_margin": null,
      "fcf_margin": 0.5040193162745502,
      "rev_growth_yoy": 0.35773397833126774,
      "rev_growth_yoy_accel": -0.03972117762879235,
      "op_leverage_ratio": null,
      "fcf_margin_change": -0.11529778774062527
    },
    {
      "date": "2023-12-31T00:00:00",
      "quarter_label": "2023-12 (Q4)",
      "revenue": 36863000,
      "gross_profit": null,
      "operating_income": null,
      "net_income": null,
      "opex": 29916000,
      "cogs": null,
      "rd": null,
      "sga": null,
      "fcf": 28643000,
      "ocf": 28643000,
      "capex": null,
      "gross_margin": null,
      "op_margin": null,
      "fcf_margin": 0.7770121802349239,
      "rev_growth_yoy": 0.3503425033884025,
      "rev_growth_yoy_accel": -0.007391474942865239,
      "op_leverage_ratio": 0.6631144509357323,
      "fcf_margin_change": 0.2729928639603737
    },
    {
      "date": "2024-03-31T00:00:00",
      "quarter_label": "2024-03 (Q1)",
      "revenue": 37673000,
      "gross_profit": null,
      "operating_income": null,
      "net_income": 1045000,
      "opex": 31141000,
      "cogs": null,
      "rd": null,
      "sga": null,
      "fcf": 11651000,
      "ocf": 11651000,
      "capex": null,
      "gross_margin": null,
      "op_margin": null,
      "fcf_margin": 0.3092665834948106,
      "rev_growth_yoy": 0.2791321472225995,
      "rev_growth_yoy_accel": -0.07121035616580301,
      "op_leverage_ratio": 0.5366137274973467,
      "fcf_margin_change": -0.4677455967401133
    },
    {
      "date": "2024-06-30T00:00:00",
      "quarter_label": "2024-06 (Q2)",
      "revenue": 39567000,
      "gross_profit": null,
      "operating_income": null,
      "net_income": -2291000,
      "opex": 31677000,
      "cogs": null,
      "rd": null,
      "sga": null,
      "fcf": 25367000,
      "ocf": 25367000,
      "capex": null,
      "gross_margin": null,
      "op_margin": null,
      "fcf_margin": 0.6411150706396744,
      "rev_growth_yoy": 0.2509326588681631,
      "rev_growth_yoy_accel": -0.028199488354436364,
      "op_leverage_ratio": 2.920905684462248,
      "fcf_margin_change": 0.3318484871448638
    },
    {
      "date": "2024-09-30T00:00:00",
      "quarter_label": "2024-09 (Q3)",
      "revenue": 41444000,
      "gross_profit": null,
      "operating_income": null,
      "net_income": -5295000,
      "opex": 39083000,
      "cogs": null,
      "rd": null,
      "sga": null,
      "fcf": 25110000,
      "ocf": 25110000,
      "capex": null,
      "gross_margin": null,
      "op_margin": null,
      "fcf_margin": 0.6058778110221021,
      "rev_growth_yoy": 0.22034097935867614,
      "rev_growth_yoy_accel": -0.03059167950948699,
      "op_leverage_ratio": 0.20290441012892454,
      "fcf_margin_change": -0.03523725961757229
    },
    {
      "date": "2024-12-31T00:00:00",
      "quarter_label": "2024-12 (Q4)",
      "revenue": 44100000,
      "gross_profit": null,
      "operating_income": null,
      "net_income": null,
      "opex": 42440000,
      "cogs": null,
      "rd": null,
      "sga": null,
      "fcf": 28036000,
      "ocf": 28036000,
      "capex": null,
      "gross_margin": null,
      "op_margin": null,
      "fcf_margin": 0.6357369614512471,
      "rev_growth_yoy": 0.19632151479803597,
      "rev_growth_yoy_accel": -0.024019464560640164,
      "op_leverage_ratio": 0.746110165359966,
      "fcf_margin_change": 0.029859150429145
    },
    {
      "date": "2025-03-31T00:00:00",
      "quarter_label": "2025-03 (Q1)",
      "revenue": 45910000,
      "gross_profit": null,
      "operating_income": null,
      "net_income": 1691000,
      "opex": 34558000,
      "cogs": null,
      "rd": null,
      "sga": null,
      "fcf": 22091000,
      "ocf": 22091000,
      "capex": null,
      "gross_margin": null,
      "op_margin": null,
      "fcf_margin": 0.48118057068176867,
      "rev_growth_yoy": 0.21864465266902025,
      "rev_growth_yoy_accel": 0.022323137870984278,
      "op_leverage_ratio": null,
      "fcf_margin_change": -0.15455639076947847
    },
    {
      "date": "2025-06-30T00:00:00",
      "quarter_label": "2025-06 (Q2)",
      "revenue": 48286000,
      "gross_profit": null,
      "operating_income": null,
      "net_income": 3272000,
      "opex": 35960000,
      "cogs": null,
      "rd": null,
      "sga": null,
      "fcf": 30636000,
      "ocf": 30636000,
      "capex": null,
      "gross_margin": null,
      "op_margin": null,
      "fcf_margin": 0.6344696185229673,
      "rev_growth_yoy": 0.2203604013445548,
      "rev_growth_yoy_accel": 0.001715748675534562,
      "op_leverage_ratio": 1.2756740767071715,
      "fcf_margin_change": 0.15328904784119868
    },
    {
      "date": "2025-09-30T00:00:00",
      "quarter_label": "2025-09 (Q3)",
      "revenue": 48308000,
      "gross_profit": null,
      "operating_income": null,
      "net_income": 618000,
      "opex": 36331000,
      "cogs": null,
      "rd": null,
      "sga": null,
      "fcf": 27974000,
      "ocf": 27974000,
      "capex": null,
      "gross_margin": null,
      "op_margin": null,
      "fcf_margin": 0.5790759294526786,
      "rev_growth_yoy": 0.1656210790464241,
      "rev_growth_yoy_accel": -0.05473932229813072,
      "fcf_margin_change": -0.05539368907028874
    },
    {
      "date": "2025-12-31T00:00:00",
      "quarter_label": "2025-12 (Q4)",
      "revenue": 52502000,
      "gross_profit": null,
      "operating_income": null,
      "net_income": null,
      "opex": 37947000,
      "cogs": null,
      "rd": null,
      "sga": null,
      "fcf": 28809000,
      "ocf": 28809000,
      "capex": null,
      "gross_margin": null,
      "op_margin": null,
      "fcf_margin": 0.5487219534493925,
      "rev_growth_yoy": 0.19052154195011337,
      "rev_growth_yoy_accel": 0.024900462903689274,
      "op_leverage_ratio": 1.9518451682151734,
      "fcf_margin_change": -0.030353976003286154
    }
  ],
  "signals": [
    {
      "quarter": "2025-12 (Q4)",
      "signal": "OPERATING LEVERAGE",
      "detail": "Rev growth +8.7% vs OpEx growth +4.4% (leverage: 2.0x)",
      "severity": "MEDIUM"
    },
    {
      "quarter": "2025-09 (Q3)",
      "signal": "YoY REVENUE GROWTH DECELERATION",
      "detail": "YoY growth: +16.6% vs prior quarter YoY: +22.0% (decel: -5.5%)",
      "severity": "WARNING"
    },
    {
      "quarter": "2025-06 (Q2)",
      "signal": "FCF MARGIN EXPANSION",
      "detail": "FCF margin: +48.1% -> +63.4% (+15.3%)",
      "severity": "MEDIUM"
    },
    {
      "quarter": "2024-06 (Q2)",
      "signal": "FCF MARGIN EXPANSION",
      "detail": "FCF margin: +30.9% -> +64.1% (+33.2%)",
      "severity": "MEDIUM"
    },
    {
      "quarter": "2024-06 (Q2)",
      "signal": "OPERATING LEVERAGE",
      "detail": "Rev growth +5.0% vs OpEx growth +1.7% (leverage: 2.9x)",
      "severity": "MEDIUM"
    },
    {
      "quarter": "2024-03 (Q1)",
      "signal": "YoY REVENUE GROWTH DECELERATION",
      "detail": "YoY growth: +27.9% vs prior quarter YoY: +35.0% (decel: -7.1%)",
      "severity": "WARNING"
    },
    {
      "quarter": "2023-12 (Q4)",
      "signal": "FCF MARGIN EXPANSION",
      "detail": "FCF margin: +50.4% -> +77.7% (+27.3%)",
      "severity": "MEDIUM"
    },
    {
      "quarter": "2023-06 (Q2)",
      "signal": "FCF MARGIN EXPANSION",
      "detail": "FCF margin: +50.3% -> +61.9% (+11.7%)",
      "severity": "MEDIUM"
    },
    {
      "quarter": "2023-03 (Q1)",
      "signal": "FCF MARGIN EXPANSION",
      "detail": "FCF margin: +43.7% -> +50.3% (+6.5%)",
      "severity": "MEDIUM"
    },
    {
      "quarter": "2023-03 (Q1)",
      "signal": "OPERATING LEVERAGE",
      "detail": "Rev growth +7.9% vs OpEx growth +3.7% (leverage: 2.1x)",
      "severity": "MEDIUM"
    },
    {
      "quarter": "2023-03 (Q1)",
      "signal": "YoY REVENUE GROWTH DECELERATION",
      "detail": "YoY growth: +38.1% vs prior quarter YoY: +53.3% (decel: -15.2%)",
      "severity": "WARNING"
    },
    {
      "quarter": "2022-12 (Q4)",
      "signal": "YoY REVENUE GROWTH DECELERATION",
      "detail": "YoY growth: +53.3% vs prior quarter YoY: +60.3% (decel: -7.0%)",
      "severity": "WARNING"
    },
    {
      "quarter": "2022-09 (Q3)",
      "signal": "FCF MARGIN EXPANSION",
      "detail": "FCF margin: +58.7% -> +65.8% (+7.0%)",
      "severity": "MEDIUM"
    },
    {
      "quarter": "2022-06 (Q2)",
      "signal": "FCF MARGIN EXPANSION",
      "detail": "FCF margin: +42.0% -> +58.7% (+16.8%)",
      "severity": "MEDIUM"
    },
    {
      "quarter": "2022-06 (Q2)",
      "signal": "YoY REVENUE GROWTH DECELERATION",
      "detail": "YoY growth: +64.0% vs prior quarter YoY: +78.8% (decel: -14.7%)",
      "severity": "WARNING"
    },
    {
      "quarter": "2021-12 (Q4)",
      "signal": "FCF MARGIN EXPANSION",
      "detail": "FCF margin: +34.9% -> +68.9% (+34.0%)",
      "severity": "MEDIUM"
    },
    {
      "quarter": "2021-06 (Q2)",
      "signal": "FCF MARGIN EXPANSION",
      "detail": "FCF margin: +35.8% -> +68.8% (+33.0%)",
      "severity": "MEDIUM"
    }
  ],
  "data_quality": {
    "n_quarters": 20,
    "coverage": {
      "revenue": [
        20,
        20
      ],
      "gross_profit": [
        0,
        20
      ],
      "op_income": [
        0,
        20
      ],
      "fcf": [
        20,
        20
      ]
    },
    "gaps": [],
    "warnings": [
      "gross_profit: no data",
      "op_income: no data"
    ]
  },
  "market_cap": null,
  "source": "SEC EDGAR",
  "last_updated": "2026-02-13T11:47:10.500215"
}