{
  "ticker": "NUE",
  "name": "NUCOR CORP",
  "quarters": [
    {
      "date": "2020-12-31T00:00:00",
      "quarter_label": "2020-12 (Q4)",
      "revenue": 5260055000,
      "gross_profit": 718528000,
      "operating_income": null,
      "net_income": 398843000,
      "opex": null,
      "cogs": 4541527000,
      "rd": null,
      "sga": 154119000,
      "fcf": 127148000,
      "ocf": 491286000,
      "capex": -364138000,
      "gross_margin": 0.13660085303290556,
      "op_margin": null,
      "fcf_margin": 0.024172370821217648
    },
    {
      "date": "2021-04-03T00:00:00",
      "quarter_label": "2021-04 (Q2)",
      "revenue": 7017140000,
      "gross_profit": 1622437000,
      "operating_income": null,
      "net_income": 942432000,
      "opex": null,
      "cogs": 5394703000,
      "rd": null,
      "sga": 291124000,
      "fcf": 216901000,
      "ocf": 530411000,
      "capex": -313510000,
      "gross_margin": 0.2312105786688024,
      "op_margin": null,
      "fcf_margin": 0.03091017138036294,
      "fcf_margin_change": 0.006737800559145291
    },
    {
      "date": "2021-07-03T00:00:00",
      "quarter_label": "2021-07 (Q3)",
      "revenue": 8789164000,
      "gross_profit": 2473503000,
      "operating_income": null,
      "net_income": 1506868000,
      "opex": null,
      "cogs": 6315661000,
      "rd": null,
      "sga": 387070000,
      "fcf": 963907000,
      "ocf": 1352775000,
      "capex": -388868000,
      "gross_margin": 0.2814264246292366,
      "op_margin": null,
      "fcf_margin": 0.10966992992735146,
      "fcf_margin_change": 0.07875975854698852
    },
    {
      "date": "2021-10-02T00:00:00",
      "quarter_label": "2021-10 (Q4)",
      "revenue": 10313223000,
      "gross_profit": 3406273000,
      "operating_income": null,
      "net_income": 2127743000,
      "opex": null,
      "cogs": 6906950000,
      "rd": null,
      "sga": 526345000,
      "fcf": 1232467000,
      "ocf": 1737177000,
      "capex": -504710000,
      "gross_margin": 0.33028210482794756,
      "op_margin": null,
      "fcf_margin": 0.1195035732282721,
      "fcf_margin_change": 0.009833643300920639
    },
    {
      "date": "2021-12-31T00:00:00",
      "quarter_label": "2021-12 (Q4)",
      "revenue": 10364412000,
      "gross_profit": 3523201000,
      "operating_income": null,
      "net_income": 2250418000,
      "opex": null,
      "cogs": 6841211000,
      "rd": null,
      "sga": 502070000,
      "fcf": 2195512000,
      "ocf": 2610413000,
      "capex": -414901000,
      "gross_margin": 0.3399325499603837,
      "op_margin": null,
      "fcf_margin": 0.2118317951852937,
      "rev_growth_yoy": 0.970399929278306,
      "fcf_margin_change": 0.09232822195702159
    },
    {
      "date": "2022-04-02T00:00:00",
      "quarter_label": "2022-04 (Q2)",
      "revenue": 10493282000,
      "gross_profit": 3458139000,
      "operating_income": null,
      "net_income": 2095623000,
      "opex": null,
      "cogs": 7035143000,
      "rd": null,
      "sga": 524584000,
      "fcf": 2024486000,
      "ocf": 2472168000,
      "capex": -447682000,
      "gross_margin": 0.3295574254079896,
      "op_margin": null,
      "fcf_margin": 0.19293162997048968,
      "rev_growth_yoy": 0.4953787440467199,
      "rev_growth_yoy_accel": -0.4750211852315861,
      "fcf_margin_change": -0.018900165214804004
    },
    {
      "date": "2022-07-02T00:00:00",
      "quarter_label": "2022-07 (Q3)",
      "revenue": 11794474000,
      "gross_profit": 4104263000,
      "operating_income": null,
      "net_income": 2561233000,
      "opex": null,
      "cogs": 7690211000,
      "rd": null,
      "sga": 563211000,
      "fcf": 1740460000,
      "ocf": 2261573000,
      "capex": -521113000,
      "gross_margin": 0.3479818599795124,
      "op_margin": null,
      "fcf_margin": 0.14756571594460252,
      "rev_growth_yoy": 0.3419335445327906,
      "rev_growth_yoy_accel": -0.15344519951392926,
      "fcf_margin_change": -0.04536591402588716
    },
    {
      "date": "2022-10-01T00:00:00",
      "quarter_label": "2022-10 (Q4)",
      "revenue": 10500755000,
      "gross_profit": 2843391000,
      "operating_income": null,
      "net_income": 1694748000,
      "opex": null,
      "cogs": 7657364000,
      "rd": null,
      "sga": 486560000,
      "fcf": 2343450000,
      "ocf": 2804780000,
      "capex": -461330000,
      "gross_margin": 0.27077967250926244,
      "op_margin": null,
      "fcf_margin": 0.223169667323921,
      "rev_growth_yoy": 0.018183646373204573,
      "rev_growth_yoy_accel": -0.32374989815958605,
      "fcf_margin_change": 0.07560395137931847
    },
    {
      "date": "2022-12-31T00:00:00",
      "quarter_label": "2022-12 (Q4)",
      "revenue": 8723956000,
      "gross_profit": 2097487000,
      "operating_income": null,
      "net_income": 1255733000,
      "opex": null,
      "cogs": 6626469000,
      "rd": null,
      "sga": 422823000,
      "fcf": 2015604000,
      "ocf": 2533479000,
      "capex": -517875000,
      "gross_margin": 0.24042842490264738,
      "op_margin": null,
      "fcf_margin": 0.2310424307504531,
      "rev_growth_yoy": -0.15827776819369974,
      "rev_growth_yoy_accel": -0.1764614145669043,
      "fcf_margin_change": 0.00787276342653212
    },
    {
      "date": "2023-04-01T00:00:00",
      "quarter_label": "2023-04 (Q2)",
      "revenue": 8709980000,
      "gross_profit": 1998202000,
      "operating_income": null,
      "net_income": 1136542000,
      "opex": null,
      "cogs": 6711778000,
      "rd": null,
      "sga": 389895000,
      "fcf": 675440000,
      "ocf": 1207173000,
      "capex": -531733000,
      "gross_margin": 0.22941522253782443,
      "op_margin": null,
      "fcf_margin": 0.0775478244496543,
      "rev_growth_yoy": -0.16994701943586382,
      "rev_growth_yoy_accel": -0.011669251242164086,
      "fcf_margin_change": -0.1534946063007988
    },
    {
      "date": "2023-07-01T00:00:00",
      "quarter_label": "2023-07 (Q3)",
      "revenue": 9523256000,
      "gross_profit": 2501674000,
      "operating_income": null,
      "net_income": 1461354000,
      "opex": null,
      "cogs": 7021582000,
      "rd": null,
      "sga": 453388000,
      "fcf": 1395071000,
      "ocf": 1920424000,
      "capex": -525353000,
      "gross_margin": 0.26269103760310547,
      "op_margin": null,
      "fcf_margin": 0.1464909690551215,
      "rev_growth_yoy": -0.19256628146367527,
      "rev_growth_yoy_accel": -0.02261926202781145,
      "fcf_margin_change": 0.06894314460546719
    },
    {
      "date": "2023-09-30T00:00:00",
      "quarter_label": "2023-09 (Q3)",
      "revenue": 8775734000,
      "gross_profit": 1920800000,
      "operating_income": null,
      "net_income": 1141506000,
      "opex": null,
      "cogs": 6854934000,
      "rd": null,
      "sga": 385768000,
      "fcf": 2024850000,
      "ocf": 2464012000,
      "capex": -439162000,
      "gross_margin": 0.2188762786109971,
      "op_margin": null,
      "fcf_margin": 0.23073283670630856,
      "rev_growth_yoy": -0.16427590206608952,
      "rev_growth_yoy_accel": 0.028290379397585746,
      "fcf_margin_change": 0.08424186765118707
    },
    {
      "date": "2023-12-31T00:00:00",
      "quarter_label": "2023-12 (Q4)",
      "revenue": 7704531000,
      "gross_profit": 1393718000,
      "operating_income": null,
      "net_income": 785399000,
      "opex": null,
      "cogs": 6310813000,
      "rd": null,
      "sga": 355001000,
      "fcf": 802639000,
      "ocf": 1520391000,
      "capex": -717752000,
      "gross_margin": 0.1808958910023206,
      "op_margin": null,
      "fcf_margin": 0.10417752878144043,
      "rev_growth_yoy": -0.11685352379127084,
      "rev_growth_yoy_accel": 0.04742237827481868,
      "fcf_margin_change": -0.12655530792486813
    },
    {
      "date": "2024-03-30T00:00:00",
      "quarter_label": "2024-03 (Q1)",
      "revenue": 8137083000,
      "gross_profit": 1523000000,
      "operating_income": null,
      "net_income": 844841000,
      "opex": null,
      "cogs": 6613903000,
      "rd": null,
      "sga": 345395000,
      "fcf": -210000000,
      "ocf": 460000000,
      "capex": -670000000,
      "gross_margin": 0.18716780939803612,
      "op_margin": null,
      "fcf_margin": -0.025807774112664206,
      "rev_growth_yoy": -0.06577477789845672,
      "rev_growth_yoy_accel": 0.05107874589281412,
      "fcf_margin_change": -0.12998530289410465
    },
    {
      "date": "2024-06-29T00:00:00",
      "quarter_label": "2024-06 (Q2)",
      "revenue": 8077172000,
      "gross_profit": 1194000000,
      "operating_income": null,
      "net_income": 645217000,
      "opex": null,
      "cogs": 6883117000,
      "rd": null,
      "sga": 307230000,
      "fcf": 684000000,
      "ocf": 1485000000,
      "capex": -801000000,
      "gross_margin": 0.1478240156331944,
      "op_margin": null,
      "fcf_margin": 0.08468310443308623,
      "rev_growth_yoy": -0.15184764538514978,
      "rev_growth_yoy_accel": -0.08607286748669306,
      "fcf_margin_change": 0.11049087854575043
    },
    {
      "date": "2024-09-28T00:00:00",
      "quarter_label": "2024-09 (Q3)",
      "revenue": 7444160000,
      "gross_profit": 758000000,
      "operating_income": null,
      "net_income": 249910000,
      "opex": null,
      "cogs": 6686226000,
      "rd": null,
      "sga": 244657000,
      "fcf": 478000000,
      "ocf": 1301000000,
      "capex": -823000000,
      "gross_margin": 0.10182478614108241,
      "op_margin": null,
      "fcf_margin": 0.06421140867471951,
      "rev_growth_yoy": -0.15173363276507698,
      "rev_growth_yoy_accel": 0.00011401262007279533,
      "fcf_margin_change": -0.020471695758366715
    },
    {
      "date": "2024-12-31T00:00:00",
      "quarter_label": "2024-12 (Q4)",
      "revenue": 7076000000,
      "gross_profit": 627000000,
      "operating_income": null,
      "net_income": 287000000,
      "opex": null,
      "cogs": 6448754000,
      "rd": null,
      "sga": 239868000,
      "fcf": -146000000,
      "ocf": 733000000,
      "capex": -879000000,
      "gross_margin": 0.08860938383267383,
      "op_margin": null,
      "fcf_margin": -0.020633126059920858,
      "rev_growth_yoy": -0.08157939788937185,
      "rev_growth_yoy_accel": 0.07015423487570513,
      "fcf_margin_change": -0.08484453473464038
    },
    {
      "date": "2025-04-05T00:00:00",
      "quarter_label": "2025-04 (Q2)",
      "revenue": 7830000000,
      "gross_profit": 605000000,
      "operating_income": null,
      "net_income": 156000000,
      "opex": null,
      "cogs": 7225000000,
      "rd": null,
      "sga": 281000000,
      "fcf": -495000000,
      "ocf": 364000000,
      "capex": -859000000,
      "gross_margin": 0.0772669220945083,
      "op_margin": null,
      "fcf_margin": -0.06321839080459771,
      "rev_growth_yoy": -0.03773870808494887,
      "rev_growth_yoy_accel": 0.04384068980442298,
      "fcf_margin_change": -0.042585264744676846
    },
    {
      "date": "2025-07-05T00:00:00",
      "quarter_label": "2025-07 (Q3)",
      "revenue": 8456000000,
      "gross_profit": 1223000000,
      "operating_income": null,
      "net_income": 603000000,
      "opex": null,
      "cogs": 7233000000,
      "rd": null,
      "sga": 304000000,
      "fcf": -222000000,
      "ocf": 732000000,
      "capex": -954000000,
      "gross_margin": 0.1446310312204352,
      "op_margin": null,
      "fcf_margin": -0.026253547776726584,
      "rev_growth_yoy": 0.04690106883944034,
      "rev_growth_yoy_accel": 0.0846397769243892,
      "fcf_margin_change": 0.03696484302787112
    },
    {
      "date": "2025-10-04T00:00:00",
      "quarter_label": "2025-10 (Q4)",
      "revenue": 8521000000,
      "gross_profit": 1188000000,
      "operating_income": null,
      "net_income": 607000000,
      "opex": null,
      "cogs": 7333000000,
      "rd": null,
      "sga": 300000000,
      "fcf": 532000000,
      "ocf": 1339000000,
      "capex": -807000000,
      "gross_margin": 0.1394202558385166,
      "op_margin": null,
      "fcf_margin": 0.06243398662128858,
      "rev_growth_yoy": 0.14465567639599364,
      "rev_growth_yoy_accel": 0.0977546075565533,
      "fcf_margin_change": 0.08868753439801516
    }
  ],
  "signals": [
    {
      "quarter": "2025-10 (Q4)",
      "signal": "FCF TURNED POSITIVE",
      "detail": "FCF margin: -2.6% -> +6.2%",
      "severity": "HIGH"
    },
    {
      "quarter": "2025-10 (Q4)",
      "signal": "YoY REVENUE GROWTH ACCELERATION",
      "detail": "YoY growth: +14.5% vs prior quarter YoY: +4.7% (accel: +9.8%)",
      "severity": "MEDIUM"
    },
    {
      "quarter": "2025-07 (Q3)",
      "signal": "GROSS MARGIN INFLECTION",
      "detail": "GM: +8.9% -> +7.7% -> +14.5% (reversal +6.7%)",
      "severity": "HIGH"
    },
    {
      "quarter": "2025-07 (Q3)",
      "signal": "YoY REVENUE GROWTH ACCELERATION",
      "detail": "YoY growth: +4.7% vs prior quarter YoY: -3.8% (accel: +8.5%)",
      "severity": "MEDIUM"
    },
    {
      "quarter": "2024-12 (Q4)",
      "signal": "YoY REVENUE GROWTH ACCELERATION",
      "detail": "YoY growth: -8.2% vs prior quarter YoY: -15.2% (accel: +7.0%)",
      "severity": "MEDIUM"
    },
    {
      "quarter": "2024-06 (Q2)",
      "signal": "FCF TURNED POSITIVE",
      "detail": "FCF margin: -2.6% -> +8.5%",
      "severity": "HIGH"
    },
    {
      "quarter": "2024-06 (Q2)",
      "signal": "YoY REVENUE GROWTH DECELERATION",
      "detail": "YoY growth: -15.2% vs prior quarter YoY: -6.6% (decel: -8.6%)",
      "severity": "WARNING"
    },
    {
      "quarter": "2024-03 (Q1)",
      "signal": "YoY REVENUE GROWTH ACCELERATION",
      "detail": "YoY growth: -6.6% vs prior quarter YoY: -11.7% (accel: +5.1%)",
      "severity": "MEDIUM"
    },
    {
      "quarter": "2023-09 (Q3)",
      "signal": "FCF MARGIN EXPANSION",
      "detail": "FCF margin: +14.6% -> +23.1% (+8.4%)",
      "severity": "MEDIUM"
    },
    {
      "quarter": "2023-07 (Q3)",
      "signal": "FCF MARGIN EXPANSION",
      "detail": "FCF margin: +7.8% -> +14.6% (+6.9%)",
      "severity": "MEDIUM"
    },
    {
      "quarter": "2023-07 (Q3)",
      "signal": "GROSS MARGIN INFLECTION",
      "detail": "GM: +24.0% -> +22.9% -> +26.3% (reversal +3.3%)",
      "severity": "MEDIUM"
    },
    {
      "quarter": "2022-12 (Q4)",
      "signal": "YoY REVENUE GROWTH DECELERATION",
      "detail": "YoY growth: -15.8% vs prior quarter YoY: +1.8% (decel: -17.6%)",
      "severity": "WARNING"
    },
    {
      "quarter": "2022-10 (Q4)",
      "signal": "FCF MARGIN EXPANSION",
      "detail": "FCF margin: +14.8% -> +22.3% (+7.6%)",
      "severity": "MEDIUM"
    },
    {
      "quarter": "2022-10 (Q4)",
      "signal": "YoY REVENUE GROWTH DECELERATION",
      "detail": "YoY growth: +1.8% vs prior quarter YoY: +34.2% (decel: -32.4%)",
      "severity": "WARNING"
    },
    {
      "quarter": "2022-07 (Q3)",
      "signal": "YoY REVENUE GROWTH DECELERATION",
      "detail": "YoY growth: +34.2% vs prior quarter YoY: +49.5% (decel: -15.3%)",
      "severity": "WARNING"
    },
    {
      "quarter": "2022-04 (Q2)",
      "signal": "YoY REVENUE GROWTH DECELERATION",
      "detail": "YoY growth: +49.5% vs prior quarter YoY: +97.0% (decel: -47.5%)",
      "severity": "WARNING"
    },
    {
      "quarter": "2021-12 (Q4)",
      "signal": "FCF MARGIN EXPANSION",
      "detail": "FCF margin: +12.0% -> +21.2% (+9.2%)",
      "severity": "MEDIUM"
    },
    {
      "quarter": "2021-07 (Q3)",
      "signal": "FCF MARGIN EXPANSION",
      "detail": "FCF margin: +3.1% -> +11.0% (+7.9%)",
      "severity": "MEDIUM"
    }
  ],
  "data_quality": {
    "n_quarters": 20,
    "coverage": {
      "revenue": [
        20,
        20
      ],
      "gross_profit": [
        20,
        20
      ],
      "op_income": [
        0,
        20
      ],
      "fcf": [
        20,
        20
      ]
    },
    "gaps": [],
    "warnings": [
      "op_income: no data"
    ]
  },
  "market_cap": null,
  "source": "SEC EDGAR",
  "last_updated": "2026-02-02T20:03:28.055320",
  "sector": "Basic Materials",
  "industry": "Steel"
}