{
  "ticker": "NUKKW",
  "name": "NUKKLEUS INC.",
  "quarters": [
    {
      "date": "2022-12-31T00:00:00",
      "quarter_label": "2022-12 (Q4)",
      "revenue": 5376388,
      "gross_profit": -54873,
      "operating_income": -1136495,
      "net_income": -1133922,
      "opex": 1081622,
      "cogs": 5431261,
      "rd": null,
      "sga": null,
      "fcf": 5834320,
      "ocf": 5834320,
      "capex": null,
      "gross_margin": -0.010206294634985421,
      "op_margin": -0.21138634339634713,
      "fcf_margin": 1.0851746562934075
    },
    {
      "date": "2023-03-31T00:00:00",
      "quarter_label": "2023-03 (Q1)",
      "revenue": 5633944,
      "gross_profit": 147962,
      "operating_income": -78381,
      "net_income": -79306,
      "opex": 954326,
      "cogs": 5485982,
      "rd": null,
      "sga": null,
      "fcf": -107171,
      "ocf": -107171,
      "capex": null,
      "gross_margin": 0.026262596859322706,
      "op_margin": -0.013912278858291811,
      "fcf_margin": -0.01902237579926247,
      "op_leverage_ratio": Infinity,
      "fcf_margin_change": -1.10419703209267
    },
    {
      "date": "2023-06-30T00:00:00",
      "quarter_label": "2023-06 (Q2)",
      "revenue": 5212056,
      "gross_profit": -158018,
      "operating_income": -123748,
      "net_income": -122363,
      "opex": 1054783,
      "cogs": 5370074,
      "rd": null,
      "sga": null,
      "fcf": -76120,
      "ocf": -76120,
      "capex": null,
      "gross_margin": -0.030317786301605355,
      "op_margin": -0.023742645896360284,
      "fcf_margin": -0.014604601331988758,
      "fcf_margin_change": 0.004417774467273712
    },
    {
      "date": "2023-09-30T00:00:00",
      "quarter_label": "2023-09 (Q3)",
      "revenue": 5075254,
      "gross_profit": -278212,
      "operating_income": -116668,
      "net_income": -126062,
      "opex": 14029349,
      "cogs": 5353466,
      "rd": null,
      "sga": null,
      "fcf": -120981,
      "ocf": -120981,
      "capex": null,
      "gross_margin": -0.05481735495405747,
      "op_margin": -0.02298761795961345,
      "fcf_margin": -0.023837427644015453,
      "fcf_margin_change": -0.009232826312026696
    },
    {
      "date": "2023-12-31T00:00:00",
      "quarter_label": "2023-12 (Q4)",
      "revenue": 5242391,
      "gross_profit": 458700,
      "operating_income": -8947229,
      "net_income": -8928095,
      "opex": 9405929,
      "cogs": 4783691,
      "rd": null,
      "sga": null,
      "fcf": -737831,
      "ocf": -737831,
      "capex": null,
      "gross_margin": 0.08749824269116897,
      "op_margin": -1.7067076835741555,
      "fcf_margin": -0.1407432219382339,
      "rev_growth_yoy": -0.024923238426988528,
      "op_leverage_ratio": Infinity,
      "fcf_margin_change": -0.11690579429421846
    },
    {
      "date": "2024-03-31T00:00:00",
      "quarter_label": "2024-03 (Q1)",
      "revenue": 259757,
      "gross_profit": 196561,
      "operating_income": -2419849,
      "net_income": -2429417,
      "opex": 2616410,
      "cogs": 63196,
      "rd": null,
      "sga": null,
      "fcf": -1122709,
      "ocf": -1122709,
      "capex": null,
      "gross_margin": 0.7567110799708959,
      "op_margin": -9.315818245514077,
      "fcf_margin": -4.322151087362419,
      "incr_op_margin_yoy": 0.4356878538093297,
      "rev_growth_yoy": -0.953894287909145,
      "rev_growth_yoy_accel": -0.9289710494821565,
      "fcf_margin_change": -4.181407865424186
    },
    {
      "date": "2024-06-30T00:00:00",
      "quarter_label": "2024-06 (Q2)",
      "revenue": 175214,
      "gross_profit": 125476,
      "operating_income": -1391647,
      "net_income": -1616241,
      "opex": 1517123,
      "cogs": 49738,
      "rd": null,
      "sga": null,
      "fcf": -698005,
      "ocf": -698005,
      "capex": null,
      "gross_margin": 0.7161299896127021,
      "op_margin": -7.942555960140171,
      "fcf_margin": -3.9837284691862522,
      "incr_op_margin_yoy": 0.2517249895867291,
      "rev_growth_yoy": -0.9663829398609685,
      "rev_growth_yoy_accel": -0.01248865195182347,
      "fcf_margin_change": 0.33842261817616714
    },
    {
      "date": "2024-09-30T00:00:00",
      "quarter_label": "2024-09 (Q3)",
      "revenue": 236099,
      "gross_profit": 217779,
      "operating_income": -1188686,
      "net_income": 4455233,
      "opex": 1188686,
      "cogs": 18320,
      "rd": null,
      "sga": null,
      "fcf": -1391577,
      "ocf": -1391577,
      "capex": null,
      "gross_margin": 0.9224054316197866,
      "op_margin": -5.034693073668249,
      "fcf_margin": -5.894040211944989,
      "incr_op_margin_yoy": 0.22152999852246932,
      "rev_growth_yoy": -0.9534803578303667,
      "rev_growth_yoy_accel": 0.012902582030601795,
      "op_leverage_ratio": Infinity,
      "fcf_margin_change": -1.9103117427587368
    }
  ],
  "signals": [
    {
      "quarter": "2024-09 (Q3)",
      "signal": "GROSS MARGIN INFLECTION",
      "detail": "GM: +75.7% -> +71.6% -> +92.2% (reversal +20.6%)",
      "severity": "HIGH"
    },
    {
      "quarter": "2024-06 (Q2)",
      "signal": "FCF MARGIN EXPANSION",
      "detail": "FCF margin: -432.2% -> -398.4% (+33.8%)",
      "severity": "MEDIUM"
    },
    {
      "quarter": "2024-03 (Q1)",
      "signal": "YoY REVENUE GROWTH DECELERATION",
      "detail": "YoY growth: -95.4% vs prior quarter YoY: -2.5% (decel: -92.9%)",
      "severity": "WARNING"
    },
    {
      "quarter": "2023-12 (Q4)",
      "signal": "GROSS MARGIN INFLECTION",
      "detail": "GM: -3.0% -> -5.5% -> +8.7% (reversal +14.2%)",
      "severity": "HIGH"
    }
  ],
  "data_quality": {
    "n_quarters": 8,
    "coverage": {
      "revenue": [
        8,
        8
      ],
      "gross_profit": [
        8,
        8
      ],
      "op_income": [
        8,
        8
      ],
      "fcf": [
        8,
        8
      ]
    },
    "gaps": [],
    "warnings": []
  },
  "market_cap": null,
  "source": "SEC EDGAR",
  "last_updated": "2026-02-03T01:12:11.528924"
}