{
  "ticker": "NUS",
  "name": "NU SKIN ENTERPRISES, INC.",
  "quarters": [
    {
      "date": "2020-12-31T00:00:00",
      "quarter_label": "2020-12 (Q4)",
      "revenue": 748193000,
      "gross_profit": 553442000,
      "operating_income": 88697000,
      "net_income": 73467000,
      "opex": 464745000,
      "cogs": 194751000,
      "rd": null,
      "sga": null,
      "fcf": 79680000,
      "ocf": 94693000,
      "capex": -15013000,
      "gross_margin": 0.7397048622481098,
      "op_margin": 0.11854828901099047,
      "fcf_margin": 0.10649658577399147
    },
    {
      "date": "2021-03-31T00:00:00",
      "quarter_label": "2021-03 (Q1)",
      "revenue": 677026000,
      "gross_profit": 506460000,
      "operating_income": 62913000,
      "net_income": 47430000,
      "opex": 443547000,
      "cogs": 170566000,
      "rd": null,
      "sga": null,
      "fcf": -38229000,
      "ocf": -18856000,
      "capex": -19373000,
      "gross_margin": 0.748065805449126,
      "op_margin": 0.09292553018643301,
      "fcf_margin": -0.05646607368106986,
      "fcf_margin_change": -0.16296265945506133
    },
    {
      "date": "2021-06-30T00:00:00",
      "quarter_label": "2021-06 (Q2)",
      "revenue": 704055000,
      "gross_profit": 532080000,
      "operating_income": 85376000,
      "net_income": 59338000,
      "opex": 446704000,
      "cogs": 171975000,
      "rd": null,
      "sga": null,
      "fcf": 3239000,
      "ocf": 20715000,
      "capex": -17476000,
      "gross_margin": 0.7557364126382172,
      "op_margin": 0.12126325358104126,
      "fcf_margin": 0.004600492859222646,
      "op_leverage_ratio": 5.609054957261745,
      "fcf_margin_change": 0.06106656654029251
    },
    {
      "date": "2021-09-30T00:00:00",
      "quarter_label": "2021-09 (Q3)",
      "revenue": 641152000,
      "gross_profit": 482245000,
      "operating_income": 65384000,
      "net_income": 49729000,
      "opex": 416861000,
      "cogs": 158907000,
      "rd": null,
      "sga": null,
      "fcf": 16679000,
      "ocf": 30214000,
      "capex": -13535000,
      "gross_margin": 0.7521539354162508,
      "op_margin": 0.10197893791175884,
      "fcf_margin": 0.0260141120982232,
      "fcf_margin_change": 0.021413619239000554
    },
    {
      "date": "2021-12-31T00:00:00",
      "quarter_label": "2021-12 (Q4)",
      "revenue": 673436000,
      "gross_profit": 499661000,
      "operating_income": 20319000,
      "net_income": -9231000,
      "opex": 479342000,
      "cogs": 173775000,
      "rd": null,
      "sga": null,
      "fcf": 91278000,
      "ocf": 109509000,
      "capex": -18231000,
      "gross_margin": 0.7419576619010567,
      "op_margin": 0.030172132169946363,
      "fcf_margin": 0.13554071953385324,
      "incr_op_margin_yoy": 0.9146701981085383,
      "rev_growth_yoy": -0.09991673271468725,
      "op_leverage_ratio": 0.335946121531906,
      "fcf_margin_change": 0.10952660743563004
    },
    {
      "date": "2022-03-31T00:00:00",
      "quarter_label": "2022-03 (Q1)",
      "revenue": 604899000,
      "gross_profit": 443400000,
      "operating_income": 52145000,
      "net_income": 38716000,
      "opex": 391255000,
      "cogs": 161499000,
      "rd": null,
      "sga": null,
      "fcf": -2738000,
      "ocf": 7541000,
      "capex": -10279000,
      "gross_margin": 0.7330149330714715,
      "op_margin": 0.08620447380471781,
      "fcf_margin": -0.0045263754775590635,
      "incr_op_margin_yoy": 0.14929222066632467,
      "rev_growth_yoy": -0.10653505182961955,
      "rev_growth_yoy_accel": -0.006618319114932297,
      "fcf_margin_change": -0.14006709501141232
    },
    {
      "date": "2022-06-30T00:00:00",
      "quarter_label": "2022-06 (Q2)",
      "revenue": 560615000,
      "gross_profit": 412515000,
      "operating_income": 51527000,
      "net_income": 34237000,
      "opex": 360988000,
      "cogs": 148100000,
      "rd": null,
      "sga": null,
      "fcf": 37016000,
      "ocf": 46555000,
      "capex": -9539000,
      "gross_margin": 0.7358258341285909,
      "op_margin": 0.09191156141023697,
      "fcf_margin": 0.06602748766979122,
      "incr_op_margin_yoy": 0.23598020078081428,
      "rev_growth_yoy": -0.20373408327474415,
      "rev_growth_yoy_accel": -0.09719903144512461,
      "fcf_margin_change": 0.07055386314735028
    },
    {
      "date": "2022-09-30T00:00:00",
      "quarter_label": "2022-09 (Q3)",
      "revenue": 537805000,
      "gross_profit": 364305000,
      "operating_income": -20284000,
      "net_income": -25390000,
      "opex": 384589000,
      "cogs": 173500000,
      "rd": null,
      "sga": null,
      "fcf": 2986000,
      "ocf": 28441000,
      "capex": -25455000,
      "gross_margin": 0.6773923634030922,
      "op_margin": -0.03771627262669555,
      "fcf_margin": 0.005552198287483381,
      "incr_op_margin_yoy": 0.8289355278817963,
      "rev_growth_yoy": -0.16118954631663007,
      "rev_growth_yoy_accel": 0.04254453695811408,
      "fcf_margin_change": -0.06047528938230784
    },
    {
      "date": "2022-12-31T00:00:00",
      "quarter_label": "2022-12 (Q4)",
      "revenue": 522340000,
      "gross_profit": 374524000,
      "operating_income": 27459000,
      "net_income": 57215000,
      "opex": 347065000,
      "cogs": 147816000,
      "rd": null,
      "sga": null,
      "fcf": 11743000,
      "ocf": 25525000,
      "capex": -13782000,
      "gross_margin": 0.7170119079526746,
      "op_margin": 0.05256920779568863,
      "fcf_margin": 0.022481525443197918,
      "incr_op_margin_yoy": -0.047254725472547256,
      "rev_growth_yoy": -0.22436578977066862,
      "rev_growth_yoy_accel": -0.06317624345403855,
      "fcf_margin_change": 0.016929327155714536
    },
    {
      "date": "2023-03-31T00:00:00",
      "quarter_label": "2023-03 (Q1)",
      "revenue": 481462000,
      "gross_profit": 347874000,
      "operating_income": 16064000,
      "net_income": 11376000,
      "opex": 331810000,
      "cogs": 133588000,
      "rd": null,
      "sga": null,
      "fcf": -33564000,
      "ocf": -22077000,
      "capex": -11487000,
      "gross_margin": 0.7225367734109857,
      "op_margin": 0.03336504230863495,
      "fcf_margin": -0.06971266683559658,
      "incr_op_margin_yoy": 0.2923029561638731,
      "rev_growth_yoy": -0.2040621657499847,
      "rev_growth_yoy_accel": 0.02030362402068392,
      "fcf_margin_change": -0.0921941922787945
    },
    {
      "date": "2023-06-30T00:00:00",
      "quarter_label": "2023-06 (Q2)",
      "revenue": 500257000,
      "gross_profit": 364715000,
      "operating_income": 42506000,
      "net_income": 26892000,
      "opex": 322209000,
      "cogs": 135542000,
      "rd": null,
      "sga": null,
      "fcf": 20810000,
      "ocf": 35522000,
      "capex": -14712000,
      "gross_margin": 0.729055265593485,
      "op_margin": 0.08496832628029193,
      "fcf_margin": 0.041598618310188566,
      "incr_op_margin_yoy": 0.14945823254581,
      "rev_growth_yoy": -0.10766390481881505,
      "rev_growth_yoy_accel": 0.09639826093116965,
      "op_leverage_ratio": Infinity,
      "fcf_margin_change": 0.11131128514578514
    },
    {
      "date": "2023-09-30T00:00:00",
      "quarter_label": "2023-09 (Q3)",
      "revenue": 498772000,
      "gross_profit": 292267000,
      "operating_income": -26365000,
      "net_income": -36955000,
      "opex": 318632000,
      "cogs": 206505000,
      "rd": null,
      "sga": null,
      "fcf": 39121000,
      "ocf": 51027000,
      "capex": -11906000,
      "gross_margin": 0.5859731500565388,
      "op_margin": -0.05285982372707369,
      "fcf_margin": 0.07843463546470131,
      "incr_op_margin_yoy": 0.1557912535546845,
      "rev_growth_yoy": -0.07257835088926284,
      "rev_growth_yoy_accel": 0.035085553929552205,
      "fcf_margin_change": 0.03683601715451274
    },
    {
      "date": "2023-12-31T00:00:00",
      "quarter_label": "2023-12 (Q4)",
      "revenue": 488640000,
      "gross_profit": 352425000,
      "operating_income": 16063000,
      "net_income": 7282000,
      "opex": 336362000,
      "cogs": 136215000,
      "rd": null,
      "sga": null,
      "fcf": 33782000,
      "ocf": 54167000,
      "capex": -20385000,
      "gross_margin": 0.7212364931237721,
      "op_margin": 0.03287287164374591,
      "fcf_margin": 0.06913474132285527,
      "incr_op_margin_yoy": 0.338160237388724,
      "rev_growth_yoy": -0.06451736416893211,
      "rev_growth_yoy_accel": 0.008060986720330732,
      "fcf_margin_change": -0.009299894141846038
    },
    {
      "date": "2024-03-31T00:00:00",
      "quarter_label": "2024-03 (Q1)",
      "revenue": 417306000,
      "gross_profit": 294064000,
      "operating_income": 8822000,
      "net_income": -533000,
      "opex": 285242000,
      "cogs": 123242000,
      "rd": null,
      "sga": null,
      "fcf": -8963000,
      "ocf": 3318000,
      "capex": -12281000,
      "gross_margin": 0.7046723507450169,
      "op_margin": 0.021140362228197054,
      "fcf_margin": -0.021478243782739763,
      "incr_op_margin_yoy": 0.11288110231311178,
      "rev_growth_yoy": -0.13325246852295716,
      "rev_growth_yoy_accel": -0.06873510435402505,
      "fcf_margin_change": -0.09061298510559504
    },
    {
      "date": "2024-06-30T00:00:00",
      "quarter_label": "2024-06 (Q2)",
      "revenue": 439081000,
      "gross_profit": 307177000,
      "operating_income": -125557000,
      "net_income": -118258000,
      "opex": 432734000,
      "cogs": 131904000,
      "rd": null,
      "sga": null,
      "fcf": 43084000,
      "ocf": 51207000,
      "capex": -8123000,
      "gross_margin": 0.6995907361056388,
      "op_margin": -0.2859540722554608,
      "fcf_margin": 0.0981231253458929,
      "incr_op_margin_yoy": 2.747204786190663,
      "rev_growth_yoy": -0.12228914338030253,
      "rev_growth_yoy_accel": 0.010963325142654634,
      "op_leverage_ratio": 0.10091333123121085,
      "fcf_margin_change": 0.11960136912863267
    },
    {
      "date": "2024-09-30T00:00:00",
      "quarter_label": "2024-09 (Q3)",
      "revenue": 430145000,
      "gross_profit": 301463000,
      "operating_income": 18231000,
      "net_income": 8302000,
      "opex": 283232000,
      "cogs": 128682000,
      "rd": null,
      "sga": null,
      "fcf": 22836000,
      "ocf": 31432000,
      "capex": -8596000,
      "gross_margin": 0.700840414278906,
      "op_margin": 0.04238338234781295,
      "fcf_margin": 0.053089074614374225,
      "incr_op_margin_yoy": -0.6498316988940213,
      "rev_growth_yoy": -0.13759192576969037,
      "rev_growth_yoy_accel": -0.015302782389387842,
      "fcf_margin_change": -0.04503405073151868
    },
    {
      "date": "2024-12-31T00:00:00",
      "quarter_label": "2024-12 (Q4)",
      "revenue": 445552000,
      "gross_profit": 279147000,
      "operating_income": -53081000,
      "net_income": -36105000,
      "opex": 332228000,
      "cogs": 166405000,
      "rd": null,
      "sga": null,
      "fcf": 13202000,
      "ocf": 25785000,
      "capex": -12583000,
      "gross_margin": 0.6265194634969655,
      "op_margin": -0.11913536467123927,
      "fcf_margin": 0.02963066039429741,
      "incr_op_margin_yoy": 1.6047159301893799,
      "rev_growth_yoy": -0.08817943680419123,
      "rev_growth_yoy_accel": 0.04941248896549914,
      "op_leverage_ratio": 0.2070546063140328,
      "fcf_margin_change": -0.023458414220076815
    },
    {
      "date": "2025-03-31T00:00:00",
      "quarter_label": "2025-03 (Q1)",
      "revenue": 364490000,
      "gross_profit": 246961000,
      "operating_income": -9903000,
      "net_income": 107515000,
      "opex": 256864000,
      "cogs": 117529000,
      "rd": null,
      "sga": null,
      "fcf": -13195000,
      "ocf": 389000,
      "capex": -13584000,
      "gross_margin": 0.677552196219375,
      "op_margin": -0.02716946966994979,
      "fcf_margin": -0.03620126752448627,
      "incr_op_margin_yoy": 0.35453271735837627,
      "rev_growth_yoy": -0.12656419989168619,
      "rev_growth_yoy_accel": -0.03838476308749496,
      "fcf_margin_change": -0.06583192791878367
    },
    {
      "date": "2025-06-30T00:00:00",
      "quarter_label": "2025-06 (Q2)",
      "revenue": 386138000,
      "gross_profit": 265733000,
      "operating_income": 30780000,
      "net_income": 21119000,
      "opex": 234953000,
      "cogs": 120405000,
      "rd": null,
      "sga": null,
      "fcf": 35777000,
      "ocf": 35795000,
      "capex": -18000,
      "gross_margin": 0.688181427365346,
      "op_margin": 0.07971243441463932,
      "fcf_margin": 0.09265340370541102,
      "incr_op_margin_yoy": -2.952930510171316,
      "rev_growth_yoy": -0.1205768411750907,
      "rev_growth_yoy_accel": 0.0059873587165954895,
      "op_leverage_ratio": Infinity,
      "fcf_margin_change": 0.1288546712298973
    },
    {
      "date": "2025-09-30T00:00:00",
      "quarter_label": "2025-09 (Q3)",
      "revenue": 364211000,
      "gross_profit": 256723000,
      "operating_income": 21642000,
      "net_income": 17079000,
      "opex": 235081000,
      "cogs": 107488000,
      "rd": null,
      "sga": null,
      "fcf": 17566000,
      "ocf": 27481000,
      "capex": -9915000,
      "gross_margin": 0.7048743722732153,
      "op_margin": 0.05942159901815157,
      "fcf_margin": 0.04823028409356115,
      "incr_op_margin_yoy": -0.051733551733551736,
      "rev_growth_yoy": -0.15328319520161807,
      "rev_growth_yoy_accel": -0.03270635402652737,
      "fcf_margin_change": -0.044423119611849866
    }
  ],
  "signals": [
    {
      "quarter": "2025-06 (Q2)",
      "signal": "FCF TURNED POSITIVE",
      "detail": "FCF margin: -3.6% -> +9.3%",
      "severity": "HIGH"
    },
    {
      "quarter": "2025-06 (Q2)",
      "signal": "OP MARGIN TURNED POSITIVE (YoY)",
      "detail": "Op margin: -28.6% (year-ago) -> +8.0%",
      "severity": "HIGH"
    },
    {
      "quarter": "2025-06 (Q2)",
      "signal": "OP MARGIN TURNED POSITIVE (QoQ)",
      "detail": "Op margin: -2.7% -> +8.0%",
      "severity": "HIGH"
    },
    {
      "quarter": "2025-03 (Q1)",
      "signal": "GROSS MARGIN INFLECTION",
      "detail": "GM: +70.1% -> +62.7% -> +67.8% (reversal +5.1%)",
      "severity": "HIGH"
    },
    {
      "quarter": "2024-09 (Q3)",
      "signal": "OP MARGIN TURNED POSITIVE (YoY)",
      "detail": "Op margin: -5.3% (year-ago) -> +4.2%",
      "severity": "HIGH"
    },
    {
      "quarter": "2024-09 (Q3)",
      "signal": "OP MARGIN TURNED POSITIVE (QoQ)",
      "detail": "Op margin: -28.6% -> +4.2%",
      "severity": "HIGH"
    },
    {
      "quarter": "2024-06 (Q2)",
      "signal": "FCF TURNED POSITIVE",
      "detail": "FCF margin: -2.1% -> +9.8%",
      "severity": "HIGH"
    },
    {
      "quarter": "2024-03 (Q1)",
      "signal": "YoY REVENUE GROWTH DECELERATION",
      "detail": "YoY growth: -13.3% vs prior quarter YoY: -6.5% (decel: -6.9%)",
      "severity": "WARNING"
    },
    {
      "quarter": "2023-12 (Q4)",
      "signal": "GROSS MARGIN INFLECTION",
      "detail": "GM: +72.9% -> +58.6% -> +72.1% (reversal +13.5%)",
      "severity": "HIGH"
    },
    {
      "quarter": "2023-12 (Q4)",
      "signal": "INCREMENTAL MARGIN (YoY)",
      "detail": "YoY Incr OPM: +33.8% vs year-ago OPM: +5.3%",
      "severity": "HIGH"
    },
    {
      "quarter": "2023-12 (Q4)",
      "signal": "OP MARGIN TURNED POSITIVE (QoQ)",
      "detail": "Op margin: -5.3% -> +3.3%",
      "severity": "HIGH"
    },
    {
      "quarter": "2023-06 (Q2)",
      "signal": "FCF TURNED POSITIVE",
      "detail": "FCF margin: -7.0% -> +4.2%",
      "severity": "HIGH"
    },
    {
      "quarter": "2023-06 (Q2)",
      "signal": "YoY REVENUE GROWTH ACCELERATION",
      "detail": "YoY growth: -10.8% vs prior quarter YoY: -20.4% (accel: +9.6%)",
      "severity": "MEDIUM"
    },
    {
      "quarter": "2023-03 (Q1)",
      "signal": "INCREMENTAL MARGIN (YoY)",
      "detail": "YoY Incr OPM: +29.2% vs year-ago OPM: +8.6%",
      "severity": "HIGH"
    },
    {
      "quarter": "2022-12 (Q4)",
      "signal": "GROSS MARGIN INFLECTION",
      "detail": "GM: +73.6% -> +67.7% -> +71.7% (reversal +4.0%)",
      "severity": "MEDIUM"
    },
    {
      "quarter": "2022-12 (Q4)",
      "signal": "YoY REVENUE GROWTH DECELERATION",
      "detail": "YoY growth: -22.4% vs prior quarter YoY: -16.1% (decel: -6.3%)",
      "severity": "WARNING"
    },
    {
      "quarter": "2022-12 (Q4)",
      "signal": "OP MARGIN TURNED POSITIVE (QoQ)",
      "detail": "Op margin: -3.8% -> +5.3%",
      "severity": "HIGH"
    },
    {
      "quarter": "2022-06 (Q2)",
      "signal": "FCF TURNED POSITIVE",
      "detail": "FCF margin: -0.5% -> +6.6%",
      "severity": "HIGH"
    },
    {
      "quarter": "2022-06 (Q2)",
      "signal": "YoY REVENUE GROWTH DECELERATION",
      "detail": "YoY growth: -20.4% vs prior quarter YoY: -10.7% (decel: -9.7%)",
      "severity": "WARNING"
    },
    {
      "quarter": "2022-06 (Q2)",
      "signal": "INCREMENTAL MARGIN (YoY)",
      "detail": "YoY Incr OPM: +23.6% vs year-ago OPM: +12.1%",
      "severity": "MEDIUM"
    },
    {
      "quarter": "2021-12 (Q4)",
      "signal": "FCF MARGIN EXPANSION",
      "detail": "FCF margin: +2.6% -> +13.6% (+11.0%)",
      "severity": "MEDIUM"
    },
    {
      "quarter": "2021-12 (Q4)",
      "signal": "INCREMENTAL MARGIN (YoY)",
      "detail": "YoY Incr OPM: +91.5% vs year-ago OPM: +11.9%",
      "severity": "HIGH"
    },
    {
      "quarter": "2021-06 (Q2)",
      "signal": "FCF TURNED POSITIVE",
      "detail": "FCF margin: -5.6% -> +0.5%",
      "severity": "HIGH"
    },
    {
      "quarter": "2021-06 (Q2)",
      "signal": "OPERATING LEVERAGE",
      "detail": "Rev growth +4.0% vs OpEx growth +0.7% (leverage: 5.6x)",
      "severity": "MEDIUM"
    }
  ],
  "data_quality": {
    "n_quarters": 20,
    "coverage": {
      "revenue": [
        20,
        20
      ],
      "gross_profit": [
        20,
        20
      ],
      "op_income": [
        20,
        20
      ],
      "fcf": [
        20,
        20
      ]
    },
    "gaps": [],
    "warnings": []
  },
  "market_cap": null,
  "source": "SEC EDGAR",
  "last_updated": "2026-02-02T22:23:35.080991",
  "sector": "Consumer Defensive",
  "industry": "Household & Personal Products"
}