{
  "ticker": "NUVR",
  "name": "NUVERA COMMUNICATIONS, INC.",
  "quarters": [
    {
      "date": "2020-12-31T00:00:00",
      "quarter_label": "2020-12 (Q4)",
      "revenue": 16259477,
      "gross_profit": null,
      "operating_income": 3892700,
      "net_income": 2410573,
      "opex": 12366777,
      "cogs": null,
      "rd": null,
      "sga": 2317092,
      "fcf": 3610608,
      "ocf": 7718647,
      "capex": -4108039,
      "gross_margin": null,
      "op_margin": 0.23941114465120863,
      "fcf_margin": 0.22206175512287388
    },
    {
      "date": "2021-03-31T00:00:00",
      "quarter_label": "2021-03 (Q1)",
      "revenue": 16478123,
      "gross_profit": null,
      "operating_income": 3235820,
      "net_income": 5180711,
      "opex": 13242303,
      "cogs": null,
      "rd": null,
      "sga": 2663890,
      "fcf": 3389385,
      "ocf": 5129800,
      "capex": -1740415,
      "gross_margin": null,
      "op_margin": 0.19637066673188444,
      "fcf_margin": 0.20568999272550642,
      "op_leverage_ratio": 0.18994262976381263,
      "fcf_margin_change": -0.016371762397367456
    },
    {
      "date": "2021-06-30T00:00:00",
      "quarter_label": "2021-06 (Q2)",
      "revenue": 16487062,
      "gross_profit": null,
      "operating_income": 3499269,
      "net_income": 2442913,
      "opex": 12987793,
      "cogs": null,
      "rd": null,
      "sga": 2554766,
      "fcf": -1109054,
      "ocf": 2716962,
      "capex": -3826016,
      "gross_margin": null,
      "op_margin": 0.21224333359090905,
      "fcf_margin": -0.06726814031511497,
      "fcf_margin_change": -0.2729581330406214
    },
    {
      "date": "2021-09-30T00:00:00",
      "quarter_label": "2021-09 (Q3)",
      "revenue": 16384605,
      "gross_profit": null,
      "operating_income": 3457271,
      "net_income": 2245296,
      "opex": 12927334,
      "cogs": null,
      "rd": null,
      "sga": 2509874,
      "fcf": 1758662,
      "ocf": 8051800,
      "capex": -6293138,
      "gross_margin": null,
      "op_margin": 0.21100728397175275,
      "fcf_margin": 0.10733624643377121,
      "fcf_margin_change": 0.17460438674888618
    },
    {
      "date": "2021-12-31T00:00:00",
      "quarter_label": "2021-12 (Q4)",
      "revenue": 16487731,
      "gross_profit": null,
      "operating_income": 3694440,
      "net_income": 2383001,
      "opex": 12793291,
      "cogs": null,
      "rd": null,
      "sga": 2648656,
      "fcf": -2268434,
      "ocf": 4883906,
      "capex": -7152340,
      "gross_margin": null,
      "op_margin": 0.2240720691039901,
      "fcf_margin": -0.13758315198131266,
      "rev_growth_yoy": 0.014038212914228422,
      "fcf_margin_change": -0.24491939841508387
    },
    {
      "date": "2022-03-31T00:00:00",
      "quarter_label": "2022-03 (Q1)",
      "revenue": 16474772,
      "gross_profit": null,
      "operating_income": 2931199,
      "net_income": 2401606,
      "opex": 13543573,
      "cogs": null,
      "rd": null,
      "sga": 2661463,
      "fcf": 3444089,
      "ocf": 7560836,
      "capex": -4116747,
      "gross_margin": null,
      "op_margin": 0.17792045923306252,
      "fcf_margin": 0.2090523013004368,
      "rev_growth_yoy": -0.0002033605405178733,
      "rev_growth_yoy_accel": -0.014241573454746295,
      "fcf_margin_change": 0.3466354532817495
    },
    {
      "date": "2022-06-30T00:00:00",
      "quarter_label": "2022-06 (Q2)",
      "revenue": 16440363,
      "gross_profit": null,
      "operating_income": 2604995,
      "net_income": 1700401,
      "opex": 13835368,
      "cogs": null,
      "rd": null,
      "sga": 2645472,
      "fcf": -869471,
      "ocf": 5025929,
      "capex": -5895400,
      "gross_margin": null,
      "op_margin": 0.15845118504986783,
      "fcf_margin": -0.052886362667296336,
      "rev_growth_yoy": -0.0028324634188917346,
      "rev_growth_yoy_accel": -0.0026291028783738614,
      "fcf_margin_change": -0.26193866396773313
    },
    {
      "date": "2022-09-30T00:00:00",
      "quarter_label": "2022-09 (Q3)",
      "revenue": 16481127,
      "gross_profit": null,
      "operating_income": 3122239,
      "net_income": 1822648,
      "opex": 13358888,
      "cogs": null,
      "rd": null,
      "sga": 2264090,
      "fcf": -5075408,
      "ocf": 7320107,
      "capex": -12395515,
      "gross_margin": null,
      "op_margin": 0.18944329474555957,
      "fcf_margin": -0.3079527267765123,
      "rev_growth_yoy": 0.0058910178182507295,
      "rev_growth_yoy_accel": 0.008723481237142464,
      "fcf_margin_change": -0.25506636410921596
    },
    {
      "date": "2022-12-31T00:00:00",
      "quarter_label": "2022-12 (Q4)",
      "revenue": 16318207,
      "gross_profit": null,
      "operating_income": 2851538,
      "net_income": 1272047,
      "opex": 13466669,
      "cogs": null,
      "rd": null,
      "sga": 2345457,
      "fcf": -8952063,
      "ocf": 6617393,
      "capex": -15569456,
      "gross_margin": null,
      "op_margin": 0.1747457916179149,
      "fcf_margin": -0.548593543396036,
      "rev_growth_yoy": -0.010281827135583423,
      "rev_growth_yoy_accel": -0.016172844953834153,
      "fcf_margin_change": -0.24064081661952375
    },
    {
      "date": "2023-03-31T00:00:00",
      "quarter_label": "2023-03 (Q1)",
      "revenue": 16362947,
      "gross_profit": null,
      "operating_income": 2188197,
      "net_income": 4321559,
      "opex": 14174750,
      "cogs": null,
      "rd": null,
      "sga": 2579346,
      "fcf": -697963,
      "ocf": 4584583,
      "capex": -5282546,
      "gross_margin": null,
      "op_margin": 0.13372878369648206,
      "fcf_margin": -0.0426550914086564,
      "rev_growth_yoy": -0.006787650839720271,
      "rev_growth_yoy_accel": 0.0034941762958631524,
      "fcf_margin_change": 0.5059384519873796
    },
    {
      "date": "2023-06-30T00:00:00",
      "quarter_label": "2023-06 (Q2)",
      "revenue": 16284687,
      "gross_profit": null,
      "operating_income": 1813145,
      "net_income": 349428,
      "opex": 14471542,
      "cogs": null,
      "rd": null,
      "sga": 2656926,
      "fcf": -7033173,
      "ocf": 2776700,
      "capex": -9809873,
      "gross_margin": null,
      "op_margin": 0.11134048815307289,
      "fcf_margin": -0.4318887430872942,
      "rev_growth_yoy": -0.009469133984450344,
      "rev_growth_yoy_accel": -0.0026814831447300727,
      "fcf_margin_change": -0.38923365167863777
    },
    {
      "date": "2023-09-30T00:00:00",
      "quarter_label": "2023-09 (Q3)",
      "revenue": 16370478,
      "gross_profit": null,
      "operating_income": 2345966,
      "net_income": 483170,
      "opex": 14024512,
      "cogs": null,
      "rd": null,
      "sga": 2372515,
      "fcf": -13460540,
      "ocf": 4844762,
      "capex": -18305302,
      "gross_margin": null,
      "op_margin": 0.14330467320502188,
      "fcf_margin": -0.8222447750151217,
      "rev_growth_yoy": -0.006713679228368303,
      "rev_growth_yoy_accel": 0.002755454756082041,
      "fcf_margin_change": -0.39035603192782753
    },
    {
      "date": "2023-12-31T00:00:00",
      "quarter_label": "2023-12 (Q4)",
      "revenue": 16773856,
      "gross_profit": null,
      "operating_income": 2887956,
      "net_income": -8368851,
      "opex": 13885900,
      "cogs": null,
      "rd": null,
      "sga": 2328664,
      "fcf": -15370126,
      "ocf": 6779436,
      "capex": -22149562,
      "gross_margin": null,
      "op_margin": 0.17217007228391612,
      "fcf_margin": -0.9163144121423243,
      "rev_growth_yoy": 0.027922736854606636,
      "rev_growth_yoy_accel": 0.034636416082974936,
      "op_leverage_ratio": Infinity,
      "fcf_margin_change": -0.09406963712720262
    },
    {
      "date": "2024-03-31T00:00:00",
      "quarter_label": "2024-03 (Q1)",
      "revenue": 16945125,
      "gross_profit": null,
      "operating_income": 1920113,
      "net_income": 735985,
      "opex": 15025012,
      "cogs": null,
      "rd": null,
      "sga": 2874332,
      "fcf": -8434141,
      "ocf": 2654586,
      "capex": -11088727,
      "gross_margin": null,
      "op_margin": 0.1133135931425705,
      "fcf_margin": -0.4977325927073421,
      "rev_growth_yoy": 0.035579043310474574,
      "rev_growth_yoy_accel": 0.007656306455867939,
      "op_leverage_ratio": 0.12446678104524048,
      "fcf_margin_change": 0.41858181943498224
    },
    {
      "date": "2024-06-30T00:00:00",
      "quarter_label": "2024-06 (Q2)",
      "revenue": 17177854,
      "gross_profit": null,
      "operating_income": 1982493,
      "net_income": -433516,
      "opex": 15195361,
      "cogs": null,
      "rd": null,
      "sga": 2756482,
      "fcf": -5400576,
      "ocf": 6544512,
      "capex": -11945088,
      "gross_margin": null,
      "op_margin": 0.11540981778049808,
      "fcf_margin": -0.31439177443235927,
      "rev_growth_yoy": 0.05484704741331534,
      "rev_growth_yoy_accel": 0.01926800410284077,
      "op_leverage_ratio": 1.211381580059306,
      "fcf_margin_change": 0.18334081827498283
    },
    {
      "date": "2024-09-30T00:00:00",
      "quarter_label": "2024-09 (Q3)",
      "revenue": 17616335,
      "gross_profit": null,
      "operating_income": 2799384,
      "net_income": 81698,
      "opex": 14816951,
      "cogs": null,
      "rd": null,
      "sga": 2507707,
      "fcf": -12619840,
      "ocf": 2783975,
      "capex": -15403815,
      "gross_margin": null,
      "op_margin": 0.158908422211544,
      "fcf_margin": -0.7163714813552308,
      "incr_op_margin_yoy": 0.3639406448733683,
      "rev_growth_yoy": 0.0761038865206013,
      "rev_growth_yoy_accel": 0.02125683910728595,
      "op_leverage_ratio": Infinity,
      "fcf_margin_change": -0.4019797069228715
    },
    {
      "date": "2024-12-31T00:00:00",
      "quarter_label": "2024-12 (Q4)",
      "revenue": 17497023,
      "gross_profit": null,
      "operating_income": 3187893,
      "net_income": -4811977,
      "opex": 14309130,
      "cogs": null,
      "rd": null,
      "sga": 2257206,
      "fcf": -8327930,
      "ocf": 6992218,
      "capex": -15320148,
      "gross_margin": null,
      "op_margin": 0.18219630848059123,
      "fcf_margin": -0.47596268233744676,
      "rev_growth_yoy": 0.043112746407266166,
      "rev_growth_yoy_accel": -0.03299114011333513,
      "fcf_margin_change": 0.240408799017784
    },
    {
      "date": "2025-03-31T00:00:00",
      "quarter_label": "2025-03 (Q1)",
      "revenue": 17880769,
      "gross_profit": null,
      "operating_income": 2414901,
      "net_income": 1028920,
      "opex": 15465868,
      "cogs": null,
      "rd": null,
      "sga": 2954324,
      "fcf": -3677609,
      "ocf": 4962822,
      "capex": -8640431,
      "gross_margin": null,
      "op_margin": 0.1350557685746066,
      "fcf_margin": -0.20567398415582686,
      "rev_growth_yoy": 0.055216116729737905,
      "rev_growth_yoy_accel": 0.012103370322471739,
      "op_leverage_ratio": 0.2713050798070151,
      "fcf_margin_change": 0.27028869818161994
    },
    {
      "date": "2025-06-30T00:00:00",
      "quarter_label": "2025-06 (Q2)",
      "revenue": 17806539,
      "gross_profit": null,
      "operating_income": 2230499,
      "net_income": -424040,
      "opex": 15576040,
      "cogs": null,
      "rd": null,
      "sga": 2957486,
      "fcf": -1161954,
      "ocf": 3606250,
      "capex": -4768204,
      "gross_margin": null,
      "op_margin": 0.12526291605572537,
      "fcf_margin": -0.0652543428006981,
      "rev_growth_yoy": 0.036598576283160864,
      "rev_growth_yoy_accel": -0.01861754044657704,
      "fcf_margin_change": 0.14041964135512874
    },
    {
      "date": "2025-09-30T00:00:00",
      "quarter_label": "2025-09 (Q3)",
      "revenue": 18043244,
      "gross_profit": null,
      "operating_income": 2516636,
      "net_income": -249390,
      "opex": 15526608,
      "cogs": null,
      "rd": null,
      "sga": 2598417,
      "fcf": -4103352,
      "ocf": 5538730,
      "capex": -9642082,
      "gross_margin": null,
      "op_margin": 0.13947802290984926,
      "fcf_margin": -0.22741764175000903,
      "rev_growth_yoy": 0.024233701277819705,
      "rev_growth_yoy_accel": -0.012364875005341159,
      "op_leverage_ratio": Infinity,
      "fcf_margin_change": -0.16216329894931092
    }
  ],
  "signals": [
    {
      "quarter": "2025-06 (Q2)",
      "signal": "FCF MARGIN EXPANSION",
      "detail": "FCF margin: -20.6% -> -6.5% (+14.0%)",
      "severity": "MEDIUM"
    },
    {
      "quarter": "2025-03 (Q1)",
      "signal": "FCF MARGIN EXPANSION",
      "detail": "FCF margin: -47.6% -> -20.6% (+27.0%)",
      "severity": "MEDIUM"
    },
    {
      "quarter": "2024-12 (Q4)",
      "signal": "FCF MARGIN EXPANSION",
      "detail": "FCF margin: -71.6% -> -47.6% (+24.0%)",
      "severity": "MEDIUM"
    },
    {
      "quarter": "2024-09 (Q3)",
      "signal": "INCREMENTAL MARGIN (YoY)",
      "detail": "YoY Incr OPM: +36.4% vs year-ago OPM: +14.3%",
      "severity": "HIGH"
    },
    {
      "quarter": "2024-06 (Q2)",
      "signal": "FCF MARGIN EXPANSION",
      "detail": "FCF margin: -49.8% -> -31.4% (+18.3%)",
      "severity": "MEDIUM"
    },
    {
      "quarter": "2024-03 (Q1)",
      "signal": "FCF MARGIN EXPANSION",
      "detail": "FCF margin: -91.6% -> -49.8% (+41.9%)",
      "severity": "MEDIUM"
    },
    {
      "quarter": "2023-03 (Q1)",
      "signal": "FCF MARGIN EXPANSION",
      "detail": "FCF margin: -54.9% -> -4.3% (+50.6%)",
      "severity": "MEDIUM"
    },
    {
      "quarter": "2022-03 (Q1)",
      "signal": "FCF TURNED POSITIVE",
      "detail": "FCF margin: -13.8% -> +20.9%",
      "severity": "HIGH"
    },
    {
      "quarter": "2021-09 (Q3)",
      "signal": "FCF TURNED POSITIVE",
      "detail": "FCF margin: -6.7% -> +10.7%",
      "severity": "HIGH"
    }
  ],
  "data_quality": {
    "n_quarters": 20,
    "coverage": {
      "revenue": [
        20,
        20
      ],
      "gross_profit": [
        0,
        20
      ],
      "op_income": [
        20,
        20
      ],
      "fcf": [
        20,
        20
      ]
    },
    "gaps": [],
    "warnings": [
      "gross_profit: no data"
    ]
  },
  "market_cap": null,
  "source": "SEC EDGAR",
  "last_updated": "2026-02-02T23:31:29.272860"
}