{
  "ticker": "NVGS",
  "name": "NAVIGATOR HOLDINGS LTD",
  "quarters": [
    {
      "date": "2013-03-31T00:00:00",
      "quarter_label": "2013-03 (Q1)",
      "revenue": 42312898,
      "gross_profit": null,
      "operating_income": 13514464,
      "net_income": 7618316,
      "opex": null,
      "cogs": null,
      "rd": null,
      "sga": null,
      "fcf": -105713057,
      "ocf": 17830340,
      "capex": -123543397,
      "gross_margin": null,
      "op_margin": 0.3193934861185826,
      "fcf_margin": -2.498364848467718
    },
    {
      "date": "2013-06-30T00:00:00",
      "quarter_label": "2013-06 (Q2)",
      "revenue": 60503439,
      "gross_profit": null,
      "operating_income": 18482643,
      "net_income": 11461618,
      "opex": null,
      "cogs": null,
      "rd": null,
      "sga": null,
      "fcf": -139654752,
      "ocf": 9874771,
      "capex": -149529523,
      "gross_margin": null,
      "op_margin": 0.30548086696361176,
      "fcf_margin": -2.3082118026381937,
      "fcf_margin_change": 0.1901530458295242
    },
    {
      "date": "2013-09-30T00:00:00",
      "quarter_label": "2013-09 (Q3)",
      "revenue": 64214825,
      "gross_profit": null,
      "operating_income": 18966358,
      "net_income": 11022593,
      "opex": null,
      "cogs": null,
      "rd": null,
      "sga": null,
      "fcf": -86867904,
      "ocf": 26913217,
      "capex": -113781121,
      "gross_margin": null,
      "op_margin": 0.29535793331212845,
      "fcf_margin": -1.3527702364679808,
      "fcf_margin_change": 0.9554415661702129
    },
    {
      "date": "2013-12-31T00:00:00",
      "quarter_label": "2013-12 (Q4)",
      "revenue": 71306448,
      "gross_profit": null,
      "operating_income": 19195717,
      "net_income": 10881309,
      "opex": null,
      "cogs": null,
      "rd": null,
      "sga": null,
      "fcf": -13868287,
      "ocf": 25396672,
      "capex": -39264959,
      "gross_margin": null,
      "op_margin": 0.26920029728587797,
      "fcf_margin": -0.19448854050337777,
      "fcf_margin_change": 1.158281695964603
    },
    {
      "date": "2014-03-31T00:00:00",
      "quarter_label": "2014-03 (Q1)",
      "revenue": 69825529,
      "gross_profit": null,
      "operating_income": 24860743,
      "net_income": 16882442,
      "opex": null,
      "cogs": null,
      "rd": null,
      "sga": null,
      "fcf": 31865821,
      "ocf": 32150716,
      "capex": -284895,
      "gross_margin": null,
      "op_margin": 0.35604088298421627,
      "fcf_margin": 0.4563634741671631,
      "incr_op_margin_yoy": 0.4124025433990664,
      "rev_growth_yoy": 0.6502185456548024,
      "fcf_margin_change": 0.6508520146705409
    },
    {
      "date": "2014-06-30T00:00:00",
      "quarter_label": "2014-06 (Q2)",
      "revenue": 76063032,
      "gross_profit": null,
      "operating_income": 27570029,
      "net_income": 19663429,
      "opex": null,
      "cogs": null,
      "rd": null,
      "sga": null,
      "fcf": 21744179,
      "ocf": 21809284,
      "capex": -65105,
      "gross_margin": null,
      "op_margin": 0.36246292417057474,
      "fcf_margin": 0.28587052643391864,
      "incr_op_margin_yoy": 0.5840375130634844,
      "rev_growth_yoy": 0.2571687371357519,
      "rev_growth_yoy_accel": -0.3930498085190505,
      "fcf_margin_change": -0.17049294773324447
    },
    {
      "date": "2014-09-30T00:00:00",
      "quarter_label": "2014-09 (Q3)",
      "revenue": 80612380,
      "gross_profit": null,
      "operating_income": 30994808,
      "net_income": 23658905,
      "opex": null,
      "cogs": null,
      "rd": null,
      "sga": null,
      "fcf": 39488413,
      "ocf": 39786727,
      "capex": -298314,
      "gross_margin": null,
      "op_margin": 0.38449191054773474,
      "fcf_margin": 0.48985544155872834,
      "incr_op_margin_yoy": 0.7335514349547844,
      "rev_growth_yoy": 0.25535466303925924,
      "rev_growth_yoy_accel": -0.001814074096492646,
      "fcf_margin_change": 0.2039849151248097
    },
    {
      "date": "2014-12-31T00:00:00",
      "quarter_label": "2014-12 (Q4)",
      "revenue": 78373703,
      "gross_profit": null,
      "operating_income": 32036625,
      "net_income": 24262726,
      "opex": null,
      "cogs": null,
      "rd": null,
      "sga": null,
      "fcf": 36512587,
      "ocf": 39367273,
      "capex": -2854686,
      "gross_margin": null,
      "op_margin": 0.4087675300987118,
      "fcf_margin": 0.4658780381986034,
      "incr_op_margin_yoy": 1.8169583522881232,
      "rev_growth_yoy": 0.0991110228909453,
      "rev_growth_yoy_accel": -0.15624364014831393,
      "fcf_margin_change": -0.023977403360124938
    },
    {
      "date": "2015-06-30T00:00:00",
      "quarter_label": "2015-06 (Q2)",
      "revenue": 84140000,
      "gross_profit": null,
      "operating_income": 34608000,
      "net_income": 26315000,
      "opex": null,
      "cogs": null,
      "rd": null,
      "sga": null,
      "fcf": null,
      "ocf": null,
      "capex": null,
      "gross_margin": null,
      "op_margin": 0.4113144758735441,
      "fcf_margin": null,
      "incr_op_margin_yoy": 0.8713629916572655,
      "rev_growth_yoy": 0.10618782590733433,
      "rev_growth_yoy_accel": 0.0070768030163890355
    },
    {
      "date": "2016-06-30T00:00:00",
      "quarter_label": "2016-06 (Q2)",
      "revenue": 72541000,
      "gross_profit": null,
      "operating_income": 18934000,
      "net_income": 11121000,
      "opex": null,
      "cogs": null,
      "rd": null,
      "sga": null,
      "fcf": null,
      "ocf": null,
      "capex": null,
      "gross_margin": null,
      "op_margin": 0.26101101446078767,
      "fcf_margin": null,
      "incr_op_margin_yoy": 1.3513233899474093,
      "rev_growth_yoy": -0.13785357737104825,
      "rev_growth_yoy_accel": -0.24404140327838258
    },
    {
      "date": "2017-06-30T00:00:00",
      "quarter_label": "2017-06 (Q2)",
      "revenue": 74381000,
      "gross_profit": null,
      "operating_income": 12264000,
      "net_income": 2254000,
      "opex": null,
      "cogs": null,
      "rd": null,
      "sga": null,
      "fcf": null,
      "ocf": null,
      "capex": null,
      "gross_margin": null,
      "op_margin": 0.16488081633750554,
      "fcf_margin": null,
      "incr_op_margin_yoy": -3.625,
      "rev_growth_yoy": 0.025364966019216718,
      "rev_growth_yoy_accel": 0.16321854339026498
    },
    {
      "date": "2018-06-30T00:00:00",
      "quarter_label": "2018-06 (Q2)",
      "revenue": 73163000,
      "gross_profit": null,
      "operating_income": 8133000,
      "net_income": -3159000,
      "opex": null,
      "cogs": null,
      "rd": null,
      "sga": null,
      "fcf": null,
      "ocf": null,
      "capex": null,
      "gross_margin": null,
      "op_margin": 0.11116274619684813,
      "fcf_margin": null,
      "incr_op_margin_yoy": 3.3916256157635467,
      "rev_growth_yoy": -0.01637514956776596,
      "rev_growth_yoy_accel": -0.04174011558698268
    },
    {
      "date": "2019-06-30T00:00:00",
      "quarter_label": "2019-06 (Q2)",
      "revenue": 73586000,
      "gross_profit": null,
      "operating_income": 4360000,
      "net_income": -7733000,
      "opex": null,
      "cogs": null,
      "rd": null,
      "sga": null,
      "fcf": null,
      "ocf": null,
      "capex": null,
      "gross_margin": null,
      "op_margin": 0.059250400891473924,
      "fcf_margin": null,
      "rev_growth_yoy": 0.005781610923554255,
      "rev_growth_yoy_accel": 0.022156760491320218
    },
    {
      "date": "2020-06-30T00:00:00",
      "quarter_label": "2020-06 (Q2)",
      "revenue": 82465000,
      "gross_profit": 0,
      "operating_income": 13353000,
      "net_income": 3008000,
      "opex": -13353000,
      "cogs": null,
      "rd": null,
      "sga": null,
      "fcf": null,
      "ocf": null,
      "capex": null,
      "gross_margin": 0.0,
      "op_margin": 0.16192324016249318,
      "fcf_margin": null,
      "incr_op_margin_yoy": 1.0128392837031197,
      "rev_growth_yoy": 0.1206615388796782,
      "rev_growth_yoy_accel": 0.11487992795612395
    },
    {
      "date": "2021-06-30T00:00:00",
      "quarter_label": "2021-06 (Q2)",
      "revenue": 85699000,
      "gross_profit": null,
      "operating_income": 7366000,
      "net_income": 260000,
      "opex": null,
      "cogs": null,
      "rd": null,
      "sga": null,
      "fcf": null,
      "ocf": null,
      "capex": null,
      "gross_margin": null,
      "op_margin": 0.08595199477240108,
      "fcf_margin": null,
      "incr_op_margin_yoy": -1.8512677798392083,
      "rev_growth_yoy": 0.0392166373613048,
      "rev_growth_yoy_accel": -0.08144490151837341
    },
    {
      "date": "2022-06-30T00:00:00",
      "quarter_label": "2022-06 (Q2)",
      "revenue": 123917000,
      "gross_profit": null,
      "operating_income": 16771000,
      "net_income": 14022000,
      "opex": null,
      "cogs": null,
      "rd": null,
      "sga": null,
      "fcf": null,
      "ocf": null,
      "capex": null,
      "gross_margin": null,
      "op_margin": 0.13534059087937894,
      "fcf_margin": null,
      "incr_op_margin_yoy": 0.2460882306766445,
      "rev_growth_yoy": 0.44595619552153465,
      "rev_growth_yoy_accel": 0.40673955816022983
    },
    {
      "date": "2023-06-30T00:00:00",
      "quarter_label": "2023-06 (Q2)",
      "revenue": 135335000,
      "gross_profit": null,
      "operating_income": 36011000,
      "net_income": 26606000,
      "opex": null,
      "cogs": null,
      "rd": null,
      "sga": null,
      "fcf": null,
      "ocf": null,
      "capex": null,
      "gross_margin": null,
      "op_margin": 0.266087856060886,
      "fcf_margin": null,
      "incr_op_margin_yoy": 1.6850586792783324,
      "rev_growth_yoy": 0.0921423210697483,
      "rev_growth_yoy_accel": -0.35381387445178636
    },
    {
      "date": "2024-06-30T00:00:00",
      "quarter_label": "2024-06 (Q2)",
      "revenue": 146676000,
      "gross_profit": null,
      "operating_income": 39521000,
      "net_income": 23240000,
      "opex": null,
      "cogs": null,
      "rd": null,
      "sga": null,
      "fcf": null,
      "ocf": null,
      "capex": null,
      "gross_margin": null,
      "op_margin": 0.26944421718617906,
      "fcf_margin": null,
      "incr_op_margin_yoy": 0.3094965170619875,
      "rev_growth_yoy": 0.08379946059777589,
      "rev_growth_yoy_accel": -0.008342860471972413
    },
    {
      "date": "2025-06-30T00:00:00",
      "quarter_label": "2025-06 (Q2)",
      "revenue": 129635000,
      "gross_profit": null,
      "operating_income": 20422000,
      "net_income": 21453000,
      "opex": null,
      "cogs": null,
      "rd": null,
      "sga": null,
      "fcf": null,
      "ocf": null,
      "capex": null,
      "gross_margin": null,
      "op_margin": 0.1575346164230339,
      "fcf_margin": null,
      "incr_op_margin_yoy": 1.1207675605891674,
      "rev_growth_yoy": -0.11618124301180834,
      "rev_growth_yoy_accel": -0.19998070360958423
    }
  ],
  "signals": [
    {
      "quarter": "2025-06 (Q2)",
      "signal": "YoY REVENUE GROWTH DECELERATION",
      "detail": "YoY growth: -11.6% vs prior quarter YoY: +8.4% (decel: -20.0%)",
      "severity": "WARNING"
    },
    {
      "quarter": "2025-06 (Q2)",
      "signal": "INCREMENTAL MARGIN (YoY)",
      "detail": "YoY Incr OPM: +112.1% vs year-ago OPM: +26.9%",
      "severity": "HIGH"
    },
    {
      "quarter": "2023-06 (Q2)",
      "signal": "YoY REVENUE GROWTH DECELERATION",
      "detail": "YoY growth: +9.2% vs prior quarter YoY: +44.6% (decel: -35.4%)",
      "severity": "WARNING"
    },
    {
      "quarter": "2023-06 (Q2)",
      "signal": "INCREMENTAL MARGIN (YoY)",
      "detail": "YoY Incr OPM: +168.5% vs year-ago OPM: +13.5%",
      "severity": "HIGH"
    },
    {
      "quarter": "2022-06 (Q2)",
      "signal": "YoY REVENUE GROWTH ACCELERATION",
      "detail": "YoY growth: +44.6% vs prior quarter YoY: +3.9% (accel: +40.7%)",
      "severity": "HIGH"
    },
    {
      "quarter": "2022-06 (Q2)",
      "signal": "INCREMENTAL MARGIN (YoY)",
      "detail": "YoY Incr OPM: +24.6% vs year-ago OPM: +8.6%",
      "severity": "MEDIUM"
    },
    {
      "quarter": "2021-06 (Q2)",
      "signal": "YoY REVENUE GROWTH DECELERATION",
      "detail": "YoY growth: +3.9% vs prior quarter YoY: +12.1% (decel: -8.1%)",
      "severity": "WARNING"
    },
    {
      "quarter": "2020-06 (Q2)",
      "signal": "YoY REVENUE GROWTH ACCELERATION",
      "detail": "YoY growth: +12.1% vs prior quarter YoY: +0.6% (accel: +11.5%)",
      "severity": "MEDIUM"
    },
    {
      "quarter": "2020-06 (Q2)",
      "signal": "INCREMENTAL MARGIN (YoY)",
      "detail": "YoY Incr OPM: +101.3% vs year-ago OPM: +5.9%",
      "severity": "HIGH"
    },
    {
      "quarter": "2018-06 (Q2)",
      "signal": "INCREMENTAL MARGIN (YoY)",
      "detail": "YoY Incr OPM: +339.2% vs year-ago OPM: +16.5%",
      "severity": "HIGH"
    },
    {
      "quarter": "2017-06 (Q2)",
      "signal": "YoY REVENUE GROWTH ACCELERATION",
      "detail": "YoY growth: +2.5% vs prior quarter YoY: -13.8% (accel: +16.3%)",
      "severity": "HIGH"
    },
    {
      "quarter": "2016-06 (Q2)",
      "signal": "YoY REVENUE GROWTH DECELERATION",
      "detail": "YoY growth: -13.8% vs prior quarter YoY: +10.6% (decel: -24.4%)",
      "severity": "WARNING"
    },
    {
      "quarter": "2016-06 (Q2)",
      "signal": "INCREMENTAL MARGIN (YoY)",
      "detail": "YoY Incr OPM: +135.1% vs year-ago OPM: +41.1%",
      "severity": "HIGH"
    },
    {
      "quarter": "2015-06 (Q2)",
      "signal": "INCREMENTAL MARGIN (YoY)",
      "detail": "YoY Incr OPM: +87.1% vs year-ago OPM: +36.2%",
      "severity": "HIGH"
    },
    {
      "quarter": "2014-12 (Q4)",
      "signal": "YoY REVENUE GROWTH DECELERATION",
      "detail": "YoY growth: +9.9% vs prior quarter YoY: +25.5% (decel: -15.6%)",
      "severity": "WARNING"
    },
    {
      "quarter": "2014-12 (Q4)",
      "signal": "INCREMENTAL MARGIN (YoY)",
      "detail": "YoY Incr OPM: +181.7% vs year-ago OPM: +26.9%",
      "severity": "HIGH"
    },
    {
      "quarter": "2014-09 (Q3)",
      "signal": "FCF MARGIN EXPANSION",
      "detail": "FCF margin: +28.6% -> +49.0% (+20.4%)",
      "severity": "MEDIUM"
    },
    {
      "quarter": "2014-09 (Q3)",
      "signal": "INCREMENTAL MARGIN (YoY)",
      "detail": "YoY Incr OPM: +73.4% vs year-ago OPM: +29.5%",
      "severity": "HIGH"
    },
    {
      "quarter": "2014-06 (Q2)",
      "signal": "YoY REVENUE GROWTH DECELERATION",
      "detail": "YoY growth: +25.7% vs prior quarter YoY: +65.0% (decel: -39.3%)",
      "severity": "WARNING"
    },
    {
      "quarter": "2014-06 (Q2)",
      "signal": "INCREMENTAL MARGIN (YoY)",
      "detail": "YoY Incr OPM: +58.4% vs year-ago OPM: +30.5%",
      "severity": "HIGH"
    },
    {
      "quarter": "2014-03 (Q1)",
      "signal": "FCF TURNED POSITIVE",
      "detail": "FCF margin: -19.4% -> +45.6%",
      "severity": "HIGH"
    },
    {
      "quarter": "2013-12 (Q4)",
      "signal": "FCF MARGIN EXPANSION",
      "detail": "FCF margin: -135.3% -> -19.4% (+115.8%)",
      "severity": "MEDIUM"
    },
    {
      "quarter": "2013-09 (Q3)",
      "signal": "FCF MARGIN EXPANSION",
      "detail": "FCF margin: -230.8% -> -135.3% (+95.5%)",
      "severity": "MEDIUM"
    },
    {
      "quarter": "2013-06 (Q2)",
      "signal": "FCF MARGIN EXPANSION",
      "detail": "FCF margin: -249.8% -> -230.8% (+19.0%)",
      "severity": "MEDIUM"
    }
  ],
  "data_quality": {
    "n_quarters": 19,
    "coverage": {
      "revenue": [
        19,
        19
      ],
      "gross_profit": [
        1,
        19
      ],
      "op_income": [
        19,
        19
      ],
      "fcf": [
        8,
        19
      ]
    },
    "gaps": [
      [
        "2014-12 (Q4)",
        "2015-06 (Q2)",
        181
      ],
      [
        "2015-06 (Q2)",
        "2016-06 (Q2)",
        366
      ],
      [
        "2016-06 (Q2)",
        "2017-06 (Q2)",
        365
      ],
      [
        "2017-06 (Q2)",
        "2018-06 (Q2)",
        365
      ],
      [
        "2018-06 (Q2)",
        "2019-06 (Q2)",
        365
      ],
      [
        "2019-06 (Q2)",
        "2020-06 (Q2)",
        366
      ],
      [
        "2020-06 (Q2)",
        "2021-06 (Q2)",
        365
      ],
      [
        "2021-06 (Q2)",
        "2022-06 (Q2)",
        365
      ],
      [
        "2022-06 (Q2)",
        "2023-06 (Q2)",
        365
      ],
      [
        "2023-06 (Q2)",
        "2024-06 (Q2)",
        366
      ],
      [
        "2024-06 (Q2)",
        "2025-06 (Q2)",
        365
      ]
    ],
    "warnings": [
      "gross_profit: 1/19Q",
      "fcf: 8/19Q",
      "gap: 1Q missing between 2014-12 (Q4) and 2015-06 (Q2)",
      "gap: 3Q missing between 2015-06 (Q2) and 2016-06 (Q2)",
      "gap: 3Q missing between 2016-06 (Q2) and 2017-06 (Q2)",
      "gap: 3Q missing between 2017-06 (Q2) and 2018-06 (Q2)",
      "gap: 3Q missing between 2018-06 (Q2) and 2019-06 (Q2)",
      "gap: 3Q missing between 2019-06 (Q2) and 2020-06 (Q2)",
      "gap: 3Q missing between 2020-06 (Q2) and 2021-06 (Q2)",
      "gap: 3Q missing between 2021-06 (Q2) and 2022-06 (Q2)",
      "gap: 3Q missing between 2022-06 (Q2) and 2023-06 (Q2)",
      "gap: 3Q missing between 2023-06 (Q2) and 2024-06 (Q2)",
      "gap: 3Q missing between 2024-06 (Q2) and 2025-06 (Q2)"
    ]
  },
  "market_cap": null,
  "source": "SEC EDGAR",
  "last_updated": "2026-02-02T21:55:08.502080",
  "sector": "Energy",
  "industry": "Oil & Gas Midstream"
}