{
  "ticker": "NVR",
  "name": "NVR, Inc.",
  "sector": "Consumer Cyclical",
  "industry": "Residential Construction",
  "quarters": [
    {
      "date": "2021-03-31T00:00:00",
      "quarter_label": "2021-03 (Q1)",
      "revenue": 2041446000,
      "gross_profit": null,
      "operating_income": null,
      "net_income": 248762000,
      "opex": null,
      "cogs": null,
      "rd": null,
      "sga": null,
      "fcf": 325154000,
      "ocf": 328258000,
      "capex": -3104000,
      "gross_margin": null,
      "op_margin": null,
      "fcf_margin": 0.15927631688518826
    },
    {
      "date": "2021-06-30T00:00:00",
      "quarter_label": "2021-06 (Q2)",
      "revenue": 2283598000,
      "gross_profit": null,
      "operating_income": null,
      "net_income": 321295000,
      "opex": null,
      "cogs": null,
      "rd": null,
      "sga": null,
      "fcf": 189246000,
      "ocf": 192762000,
      "capex": -3516000,
      "gross_margin": null,
      "op_margin": null,
      "fcf_margin": 0.0828718539778017,
      "fcf_margin_change": -0.07640446290738656
    },
    {
      "date": "2021-09-30T00:00:00",
      "quarter_label": "2021-09 (Q3)",
      "revenue": 2395640000,
      "gross_profit": null,
      "operating_income": null,
      "net_income": 332081000,
      "opex": null,
      "cogs": null,
      "rd": null,
      "sga": null,
      "fcf": 455946000,
      "ocf": 461272000,
      "capex": -5326000,
      "gross_margin": null,
      "op_margin": null,
      "fcf_margin": 0.19032325391127214,
      "fcf_margin_change": 0.10745139993347044
    },
    {
      "date": "2021-12-31T00:00:00",
      "quarter_label": "2021-12 (Q4)",
      "revenue": 2230341000,
      "gross_profit": null,
      "operating_income": null,
      "net_income": 334581000,
      "opex": null,
      "cogs": null,
      "rd": null,
      "sga": null,
      "fcf": 254172000,
      "ocf": 260101000,
      "capex": -5929000,
      "gross_margin": null,
      "op_margin": null,
      "fcf_margin": 0.11396104900551082,
      "fcf_margin_change": -0.07636220490576132
    },
    {
      "date": "2022-03-31T00:00:00",
      "quarter_label": "2022-03 (Q1)",
      "revenue": 2378409000,
      "gross_profit": null,
      "operating_income": null,
      "net_income": 426100000,
      "opex": null,
      "cogs": null,
      "rd": null,
      "sga": null,
      "fcf": 305270000,
      "ocf": 309326000,
      "capex": -4056000,
      "gross_margin": null,
      "op_margin": null,
      "fcf_margin": 0.1283505065781369,
      "rev_growth_yoy": 0.16506094209692543,
      "fcf_margin_change": 0.01438945757262608
    },
    {
      "date": "2022-06-30T00:00:00",
      "quarter_label": "2022-06 (Q2)",
      "revenue": 2658943000,
      "gross_profit": null,
      "operating_income": null,
      "net_income": 433314000,
      "opex": null,
      "cogs": null,
      "rd": null,
      "sga": null,
      "fcf": 133185000,
      "ocf": 137880000,
      "capex": -4695000,
      "gross_margin": null,
      "op_margin": null,
      "fcf_margin": 0.05008945283896646,
      "rev_growth_yoy": 0.1643656195179712,
      "rev_growth_yoy_accel": -0.0006953225789542161,
      "fcf_margin_change": -0.07826105373917044
    },
    {
      "date": "2022-09-30T00:00:00",
      "quarter_label": "2022-09 (Q3)",
      "revenue": 2776900000,
      "gross_profit": null,
      "operating_income": null,
      "net_income": 411393000,
      "opex": null,
      "cogs": null,
      "rd": null,
      "sga": null,
      "fcf": 602479000,
      "ocf": 605700000,
      "capex": -3221000,
      "gross_margin": null,
      "op_margin": null,
      "fcf_margin": 0.21696099967589758,
      "rev_growth_yoy": 0.15914745120301882,
      "rev_growth_yoy_accel": -0.005218168314952393,
      "fcf_margin_change": 0.16687154683693112
    },
    {
      "date": "2022-12-31T00:00:00",
      "quarter_label": "2022-12 (Q4)",
      "revenue": 2712182000,
      "gross_profit": null,
      "operating_income": null,
      "net_income": 454768000,
      "opex": null,
      "cogs": null,
      "rd": null,
      "sga": null,
      "fcf": 810739000,
      "ocf": 817195000,
      "capex": -6456000,
      "gross_margin": null,
      "op_margin": null,
      "fcf_margin": 0.29892499839612535,
      "rev_growth_yoy": 0.21603916172459728,
      "rev_growth_yoy_accel": 0.05689171052157846,
      "fcf_margin_change": 0.08196399872022778
    },
    {
      "date": "2023-03-31T00:00:00",
      "quarter_label": "2023-03 (Q1)",
      "revenue": 2178277000,
      "gross_profit": null,
      "operating_income": null,
      "net_income": 344352000,
      "opex": null,
      "cogs": null,
      "rd": null,
      "sga": null,
      "fcf": 312808000,
      "ocf": 315522000,
      "capex": -2714000,
      "gross_margin": null,
      "op_margin": null,
      "fcf_margin": 0.1436034076474204,
      "rev_growth_yoy": -0.08414532571984044,
      "rev_growth_yoy_accel": -0.3001844874444377,
      "fcf_margin_change": -0.15532159074870494
    },
    {
      "date": "2023-06-30T00:00:00",
      "quarter_label": "2023-06 (Q2)",
      "revenue": 2338330000,
      "gross_profit": null,
      "operating_income": null,
      "net_income": 404027000,
      "opex": null,
      "cogs": null,
      "rd": null,
      "sga": null,
      "fcf": 19948000,
      "ocf": 28682000,
      "capex": -8734000,
      "gross_margin": null,
      "op_margin": null,
      "fcf_margin": 0.008530874598538274,
      "rev_growth_yoy": -0.1205791173409885,
      "rev_growth_yoy_accel": -0.03643379162114806,
      "fcf_margin_change": -0.13507253304888214
    },
    {
      "date": "2023-09-30T00:00:00",
      "quarter_label": "2023-09 (Q3)",
      "revenue": 2569025000,
      "gross_profit": null,
      "operating_income": null,
      "net_income": 433157000,
      "opex": null,
      "cogs": null,
      "rd": null,
      "sga": null,
      "fcf": 651000000,
      "ocf": 658083000,
      "capex": -7083000,
      "gross_margin": null,
      "op_margin": null,
      "fcf_margin": 0.25340352857601617,
      "rev_growth_yoy": -0.07485865533508589,
      "rev_growth_yoy_accel": 0.045720462005902615,
      "fcf_margin_change": 0.2448726539774779
    },
    {
      "date": "2023-12-31T00:00:00",
      "quarter_label": "2023-12 (Q4)",
      "revenue": 2432570000,
      "gross_profit": null,
      "operating_income": null,
      "net_income": 410075000,
      "opex": null,
      "cogs": null,
      "rd": null,
      "sga": null,
      "fcf": 489360000,
      "ocf": 495706000,
      "capex": -6346000,
      "gross_margin": null,
      "op_margin": null,
      "fcf_margin": 0.20116995605470758,
      "rev_growth_yoy": -0.10309485130422663,
      "rev_growth_yoy_accel": -0.028236195969140745,
      "fcf_margin_change": -0.052233572521308586
    },
    {
      "date": "2024-03-31T00:00:00",
      "quarter_label": "2024-03 (Q1)",
      "revenue": 2333463000,
      "gross_profit": null,
      "operating_income": null,
      "net_income": 394269000,
      "opex": null,
      "cogs": null,
      "rd": null,
      "sga": null,
      "fcf": 137479000,
      "ocf": 146458000,
      "capex": -8979000,
      "gross_margin": null,
      "op_margin": null,
      "fcf_margin": 0.05891629736576067,
      "rev_growth_yoy": 0.07124254628773108,
      "rev_growth_yoy_accel": 0.1743373975919577,
      "fcf_margin_change": -0.1422536586889469
    },
    {
      "date": "2024-06-30T00:00:00",
      "quarter_label": "2024-06 (Q2)",
      "revenue": 2612457000,
      "gross_profit": null,
      "operating_income": null,
      "net_income": 400904000,
      "opex": null,
      "cogs": null,
      "rd": null,
      "sga": null,
      "fcf": 226260000,
      "ocf": 232692000,
      "capex": -6432000,
      "gross_margin": null,
      "op_margin": null,
      "fcf_margin": 0.08660812407630059,
      "rev_growth_yoy": 0.11723195613963812,
      "rev_growth_yoy_accel": 0.04598940985190704,
      "fcf_margin_change": 0.027691826710539914
    },
    {
      "date": "2024-09-30T00:00:00",
      "quarter_label": "2024-09 (Q3)",
      "revenue": 2732951000,
      "gross_profit": null,
      "operating_income": null,
      "net_income": 429323000,
      "opex": null,
      "cogs": null,
      "rd": null,
      "sga": null,
      "fcf": 350052000,
      "ocf": 358262000,
      "capex": -8210000,
      "gross_margin": null,
      "op_margin": null,
      "fcf_margin": 0.1280857212588151,
      "rev_growth_yoy": 0.06380864335691556,
      "rev_growth_yoy_accel": -0.053423312782722554,
      "fcf_margin_change": 0.04147759718251451
    },
    {
      "date": "2024-12-31T00:00:00",
      "quarter_label": "2024-12 (Q4)",
      "revenue": 2845608000,
      "gross_profit": null,
      "operating_income": null,
      "net_income": 457432000,
      "opex": null,
      "cogs": null,
      "rd": null,
      "sga": null,
      "fcf": 631459000,
      "ocf": 637050000,
      "capex": -5591000,
      "gross_margin": null,
      "op_margin": null,
      "fcf_margin": 0.22190653104714353,
      "rev_growth_yoy": 0.16979490826574364,
      "rev_growth_yoy_accel": 0.10598626490882808,
      "fcf_margin_change": 0.09382080978832844
    },
    {
      "date": "2025-03-31T00:00:00",
      "quarter_label": "2025-03 (Q1)",
      "revenue": 2403032000,
      "gross_profit": null,
      "operating_income": null,
      "net_income": 299576000,
      "opex": null,
      "cogs": null,
      "rd": null,
      "sga": null,
      "fcf": 200722000,
      "ocf": 207781000,
      "capex": -7059000,
      "gross_margin": null,
      "op_margin": null,
      "fcf_margin": 0.08352864214875208,
      "rev_growth_yoy": 0.029813628928335268,
      "rev_growth_yoy_accel": -0.13998127933740837,
      "fcf_margin_change": -0.13837788889839145
    },
    {
      "date": "2025-06-30T00:00:00",
      "quarter_label": "2025-06 (Q2)",
      "revenue": 2598814000,
      "gross_profit": null,
      "operating_income": null,
      "net_income": 333737000,
      "opex": null,
      "cogs": null,
      "rd": null,
      "sga": null,
      "fcf": 26802000,
      "ocf": 35105000,
      "capex": -8303000,
      "gross_margin": null,
      "op_margin": null,
      "fcf_margin": 0.010313165928765968,
      "rev_growth_yoy": -0.005222286912282193,
      "rev_growth_yoy_accel": -0.03503591584061746,
      "fcf_margin_change": -0.07321547621998611
    },
    {
      "date": "2025-09-30T00:00:00",
      "quarter_label": "2025-09 (Q3)",
      "revenue": 2609505000,
      "gross_profit": null,
      "operating_income": null,
      "net_income": 342688000,
      "opex": null,
      "cogs": null,
      "rd": null,
      "sga": null,
      "fcf": 433260000,
      "ocf": 438706000,
      "capex": -5446000,
      "gross_margin": null,
      "op_margin": null,
      "fcf_margin": 0.16603148873062132,
      "rev_growth_yoy": -0.04516948895168629,
      "rev_growth_yoy_accel": -0.0399472020394041,
      "fcf_margin_change": 0.15571832280185535
    },
    {
      "date": "2025-12-31T00:00:00",
      "quarter_label": "2025-12 (Q4)",
      "revenue": 2712608000,
      "gross_profit": null,
      "operating_income": null,
      "net_income": 363815000,
      "opex": null,
      "cogs": null,
      "rd": null,
      "sga": null,
      "fcf": 436028000,
      "ocf": 439728000,
      "capex": -3700000,
      "gross_margin": null,
      "op_margin": null,
      "fcf_margin": 0.16074124974931875,
      "rev_growth_yoy": -0.046738693453209294,
      "rev_growth_yoy_accel": -0.0015692045015230013,
      "fcf_margin_change": -0.00529023898130257
    }
  ],
  "signals": [
    {
      "quarter": "2025-09 (Q3)",
      "signal": "FCF MARGIN EXPANSION",
      "detail": "FCF margin: +1.0% -> +16.6% (+15.6%)",
      "severity": "MEDIUM"
    },
    {
      "quarter": "2025-03 (Q1)",
      "signal": "YoY REVENUE GROWTH DECELERATION",
      "detail": "YoY growth: +3.0% vs prior quarter YoY: +17.0% (decel: -14.0%)",
      "severity": "WARNING"
    },
    {
      "quarter": "2024-12 (Q4)",
      "signal": "FCF MARGIN EXPANSION",
      "detail": "FCF margin: +12.8% -> +22.2% (+9.4%)",
      "severity": "MEDIUM"
    },
    {
      "quarter": "2024-12 (Q4)",
      "signal": "YoY REVENUE GROWTH ACCELERATION",
      "detail": "YoY growth: +17.0% vs prior quarter YoY: +6.4% (accel: +10.6%)",
      "severity": "MEDIUM"
    },
    {
      "quarter": "2024-09 (Q3)",
      "signal": "YoY REVENUE GROWTH DECELERATION",
      "detail": "YoY growth: +6.4% vs prior quarter YoY: +11.7% (decel: -5.3%)",
      "severity": "WARNING"
    },
    {
      "quarter": "2024-03 (Q1)",
      "signal": "YoY REVENUE GROWTH ACCELERATION",
      "detail": "YoY growth: +7.1% vs prior quarter YoY: -10.3% (accel: +17.4%)",
      "severity": "HIGH"
    },
    {
      "quarter": "2023-09 (Q3)",
      "signal": "FCF MARGIN EXPANSION",
      "detail": "FCF margin: +0.9% -> +25.3% (+24.5%)",
      "severity": "MEDIUM"
    },
    {
      "quarter": "2023-03 (Q1)",
      "signal": "YoY REVENUE GROWTH DECELERATION",
      "detail": "YoY growth: -8.4% vs prior quarter YoY: +21.6% (decel: -30.0%)",
      "severity": "WARNING"
    },
    {
      "quarter": "2022-12 (Q4)",
      "signal": "FCF MARGIN EXPANSION",
      "detail": "FCF margin: +21.7% -> +29.9% (+8.2%)",
      "severity": "MEDIUM"
    },
    {
      "quarter": "2022-12 (Q4)",
      "signal": "YoY REVENUE GROWTH ACCELERATION",
      "detail": "YoY growth: +21.6% vs prior quarter YoY: +15.9% (accel: +5.7%)",
      "severity": "MEDIUM"
    },
    {
      "quarter": "2022-09 (Q3)",
      "signal": "FCF MARGIN EXPANSION",
      "detail": "FCF margin: +5.0% -> +21.7% (+16.7%)",
      "severity": "MEDIUM"
    },
    {
      "quarter": "2021-09 (Q3)",
      "signal": "FCF MARGIN EXPANSION",
      "detail": "FCF margin: +8.3% -> +19.0% (+10.7%)",
      "severity": "MEDIUM"
    }
  ],
  "data_quality": {
    "n_quarters": 20,
    "coverage": {
      "revenue": [
        20,
        20
      ],
      "gross_profit": [
        0,
        20
      ],
      "op_income": [
        0,
        20
      ],
      "fcf": [
        20,
        20
      ]
    },
    "gaps": [],
    "warnings": [
      "gross_profit: no data",
      "op_income: no data"
    ]
  },
  "market_cap": null,
  "source": "SEC EDGAR",
  "last_updated": "2026-02-13T11:43:17.098298"
}