{
  "ticker": "NWE",
  "name": "NorthWestern Energy Group, Inc.",
  "sector": "Utilities",
  "industry": "Utilities - Regulated Electric",
  "quarters": [
    {
      "date": "2022-09-30T00:00:00",
      "quarter_label": "2022-09 (Q3)",
      "revenue": 335068000,
      "gross_profit": null,
      "operating_income": 48294000,
      "net_income": 27368000,
      "opex": 286774000,
      "cogs": null,
      "rd": null,
      "sga": null,
      "fcf": null,
      "ocf": null,
      "capex": null,
      "gross_margin": null,
      "op_margin": 0.14413193739778193,
      "fcf_margin": null
    },
    {
      "date": "2022-12-31T00:00:00",
      "quarter_label": "2022-12 (Q4)",
      "revenue": 425283000,
      "gross_profit": null,
      "operating_income": 83228000,
      "net_income": 66743000,
      "opex": 342055000,
      "cogs": null,
      "rd": null,
      "sga": null,
      "fcf": -130829000,
      "ocf": -2028000,
      "capex": -128801000,
      "gross_margin": null,
      "op_margin": 0.1957002748757886,
      "fcf_margin": -0.30762809705537253,
      "op_leverage_ratio": 1.396721066327655
    },
    {
      "date": "2023-03-31T00:00:00",
      "quarter_label": "2023-03 (Q1)",
      "revenue": 454542000,
      "gross_profit": null,
      "operating_income": 96042000,
      "net_income": 62530000,
      "opex": 358500000,
      "cogs": null,
      "rd": null,
      "sga": null,
      "fcf": 77095000,
      "ocf": 213699000,
      "capex": -136604000,
      "gross_margin": null,
      "op_margin": 0.21129400583444435,
      "fcf_margin": 0.1696102890381967,
      "op_leverage_ratio": 1.431012809815099,
      "fcf_margin_change": 0.4772383860935692
    },
    {
      "date": "2023-06-30T00:00:00",
      "quarter_label": "2023-06 (Q2)",
      "revenue": 290502000,
      "gross_profit": null,
      "operating_income": 45620000,
      "net_income": 19124000,
      "opex": 244882000,
      "cogs": null,
      "rd": null,
      "sga": null,
      "fcf": -46392000,
      "ocf": 80366000,
      "capex": -126758000,
      "gross_margin": null,
      "op_margin": 0.1570385057589965,
      "fcf_margin": -0.15969597455439205,
      "fcf_margin_change": -0.32930626359258874
    },
    {
      "date": "2023-09-30T00:00:00",
      "quarter_label": "2023-09 (Q3)",
      "revenue": 321090000,
      "gross_profit": null,
      "operating_income": 55630000,
      "net_income": 29335000,
      "opex": 265460000,
      "cogs": null,
      "rd": null,
      "sga": null,
      "fcf": -10951000,
      "ocf": 132857000,
      "capex": -143808000,
      "gross_margin": null,
      "op_margin": 0.17325360490828118,
      "fcf_margin": -0.03410570245102619,
      "incr_op_margin_yoy": -0.524824724567177,
      "rev_growth_yoy": -0.04171690522520802,
      "op_leverage_ratio": 1.253013227030995,
      "fcf_margin_change": 0.12559027210336587
    },
    {
      "date": "2023-12-31T00:00:00",
      "quarter_label": "2023-12 (Q4)",
      "revenue": 356009000,
      "gross_profit": null,
      "operating_income": 103163000,
      "net_income": 83142000,
      "opex": 252846000,
      "cogs": null,
      "rd": null,
      "sga": null,
      "fcf": -97410000,
      "ocf": 62309000,
      "capex": -159719000,
      "gross_margin": null,
      "op_margin": 0.28977638205775696,
      "fcf_margin": -0.27361667823004476,
      "incr_op_margin_yoy": -0.28777030343274534,
      "rev_growth_yoy": -0.1628891820270267,
      "rev_growth_yoy_accel": -0.12117227680181869,
      "op_leverage_ratio": null,
      "fcf_margin_change": -0.2395109757790186
    },
    {
      "date": "2024-03-31T00:00:00",
      "quarter_label": "2024-03 (Q1)",
      "revenue": 475342000,
      "gross_profit": null,
      "operating_income": 102080000,
      "net_income": 65086000,
      "opex": 373262000,
      "cogs": null,
      "rd": null,
      "sga": null,
      "fcf": 52923000,
      "ocf": 161677000,
      "capex": -108754000,
      "gross_margin": null,
      "op_margin": 0.21475064269515423,
      "fcf_margin": 0.11133667969588212,
      "incr_op_margin_yoy": 0.29028846153846155,
      "rev_growth_yoy": 0.045760347778643115,
      "rev_growth_yoy_accel": 0.2086495298056698,
      "op_leverage_ratio": 0.7038359935548572,
      "fcf_margin_change": 0.3849533579259269
    },
    {
      "date": "2024-06-30T00:00:00",
      "quarter_label": "2024-06 (Q2)",
      "revenue": 319929000,
      "gross_profit": null,
      "operating_income": 61612000,
      "net_income": 31654000,
      "opex": 258317000,
      "cogs": null,
      "rd": null,
      "sga": null,
      "fcf": -76341000,
      "ocf": 62266000,
      "capex": -138607000,
      "gross_margin": null,
      "op_margin": 0.1925802287382513,
      "fcf_margin": -0.2386185684948848,
      "incr_op_margin_yoy": 0.5434464947157372,
      "rev_growth_yoy": 0.10129706508044695,
      "rev_growth_yoy_accel": 0.05553671730180383,
      "fcf_margin_change": -0.34995524819076695
    },
    {
      "date": "2024-09-30T00:00:00",
      "quarter_label": "2024-09 (Q3)",
      "revenue": 345161000,
      "gross_profit": null,
      "operating_income": 67933000,
      "net_income": 46819000,
      "opex": 277228000,
      "cogs": null,
      "rd": null,
      "sga": null,
      "fcf": -33189000,
      "ocf": 119961000,
      "capex": -153150000,
      "gross_margin": null,
      "op_margin": 0.19681539919052268,
      "fcf_margin": -0.09615512760711668,
      "incr_op_margin_yoy": 0.511112957500727,
      "rev_growth_yoy": 0.0749665202902613,
      "rev_growth_yoy_accel": -0.02633054479018565,
      "op_leverage_ratio": 1.0772997550883847,
      "fcf_margin_change": 0.14246344088776813
    },
    {
      "date": "2024-12-31T00:00:00",
      "quarter_label": "2024-12 (Q4)",
      "revenue": 373466000,
      "gross_profit": null,
      "operating_income": 91696000,
      "net_income": 80552000,
      "opex": 281770000,
      "cogs": null,
      "rd": null,
      "sga": null,
      "fcf": -85896000,
      "ocf": 62837000,
      "capex": -148733000,
      "gross_margin": null,
      "op_margin": 0.24552703592830405,
      "fcf_margin": -0.2299968404084977,
      "incr_op_margin_yoy": -0.6568711691585037,
      "rev_growth_yoy": 0.049035277198048365,
      "rev_growth_yoy_accel": -0.02593124309221293,
      "op_leverage_ratio": 5.0053148669996155,
      "fcf_margin_change": -0.13384171280138102
    },
    {
      "date": "2025-03-31T00:00:00",
      "quarter_label": "2025-03 (Q1)",
      "revenue": 466630000,
      "gross_profit": null,
      "operating_income": 124727000,
      "net_income": 76940000,
      "opex": 341903000,
      "cogs": null,
      "rd": null,
      "sga": null,
      "fcf": 61268000,
      "ocf": 153392000,
      "capex": -92124000,
      "gross_margin": null,
      "op_margin": 0.26729314446135055,
      "fcf_margin": 0.13129888776975335,
      "incr_op_margin_yoy": -2.599517906336088,
      "rev_growth_yoy": -0.01832785657484506,
      "rev_growth_yoy_accel": -0.06736313377289342,
      "op_leverage_ratio": 1.1689042493269168,
      "fcf_margin_change": 0.36129572817825106
    },
    {
      "date": "2025-06-30T00:00:00",
      "quarter_label": "2025-06 (Q2)",
      "revenue": 342713000,
      "gross_profit": null,
      "operating_income": 60786000,
      "net_income": 21228000,
      "opex": 281927000,
      "cogs": null,
      "rd": null,
      "sga": null,
      "fcf": -70645000,
      "ocf": 58209000,
      "capex": -128854000,
      "gross_margin": null,
      "op_margin": 0.17736706807153507,
      "fcf_margin": -0.20613457907928792,
      "incr_op_margin_yoy": -0.036253511235955056,
      "rev_growth_yoy": 0.07121580100584818,
      "rev_growth_yoy_accel": 0.08954365758069324,
      "fcf_margin_change": -0.3374334668490413
    },
    {
      "date": "2025-09-30T00:00:00",
      "quarter_label": "2025-09 (Q3)",
      "revenue": 386952000,
      "gross_profit": null,
      "operating_income": 80281000,
      "net_income": 38233000,
      "opex": 306671000,
      "cogs": null,
      "rd": null,
      "sga": null,
      "fcf": -26882000,
      "ocf": 126673000,
      "capex": -153555000,
      "gross_margin": null,
      "op_margin": 0.2074701771795985,
      "fcf_margin": -0.06947114887634642,
      "incr_op_margin_yoy": 0.2954703165753392,
      "rev_growth_yoy": 0.1210768308122876,
      "rev_growth_yoy_accel": 0.049861029806439416,
      "op_leverage_ratio": 1.470758902181675,
      "fcf_margin_change": 0.1366634302029415
    },
    {
      "date": "2025-12-31T00:00:00",
      "quarter_label": "2025-12 (Q4)",
      "revenue": 414265000,
      "gross_profit": null,
      "operating_income": 60024000,
      "net_income": 44691000,
      "opex": 354240000,
      "cogs": null,
      "rd": null,
      "sga": null,
      "fcf": -93742000,
      "ocf": 56181000,
      "capex": -149923000,
      "gross_margin": null,
      "op_margin": 0.14489276187947328,
      "fcf_margin": -0.2262851073588162,
      "incr_op_margin_yoy": -0.7762935366062894,
      "rev_growth_yoy": 0.10924421500216887,
      "rev_growth_yoy_accel": -0.011832615810118727,
      "op_leverage_ratio": 0.45505196768260053,
      "fcf_margin_change": -0.1568139584824698
    }
  ],
  "signals": [
    {
      "quarter": "2025-09 (Q3)",
      "signal": "FCF MARGIN EXPANSION",
      "detail": "FCF margin: -20.6% -> -6.9% (+13.7%)",
      "severity": "MEDIUM"
    },
    {
      "quarter": "2025-06 (Q2)",
      "signal": "YoY REVENUE GROWTH ACCELERATION",
      "detail": "YoY growth: +7.1% vs prior quarter YoY: -1.8% (accel: +9.0%)",
      "severity": "MEDIUM"
    },
    {
      "quarter": "2025-03 (Q1)",
      "signal": "FCF TURNED POSITIVE",
      "detail": "FCF margin: -23.0% -> +13.1%",
      "severity": "HIGH"
    },
    {
      "quarter": "2025-03 (Q1)",
      "signal": "YoY REVENUE GROWTH DECELERATION",
      "detail": "YoY growth: -1.8% vs prior quarter YoY: +4.9% (decel: -6.7%)",
      "severity": "WARNING"
    },
    {
      "quarter": "2024-12 (Q4)",
      "signal": "OPERATING LEVERAGE",
      "detail": "Rev growth +8.2% vs OpEx growth +1.6% (leverage: 5.0x)",
      "severity": "MEDIUM"
    },
    {
      "quarter": "2024-09 (Q3)",
      "signal": "FCF MARGIN EXPANSION",
      "detail": "FCF margin: -23.9% -> -9.6% (+14.2%)",
      "severity": "MEDIUM"
    },
    {
      "quarter": "2024-09 (Q3)",
      "signal": "INCREMENTAL MARGIN (YoY)",
      "detail": "YoY Incr OPM: +51.1% vs year-ago OPM: +17.3%",
      "severity": "HIGH"
    },
    {
      "quarter": "2024-06 (Q2)",
      "signal": "YoY REVENUE GROWTH ACCELERATION",
      "detail": "YoY growth: +10.1% vs prior quarter YoY: +4.6% (accel: +5.6%)",
      "severity": "MEDIUM"
    },
    {
      "quarter": "2024-06 (Q2)",
      "signal": "INCREMENTAL MARGIN (YoY)",
      "detail": "YoY Incr OPM: +54.3% vs year-ago OPM: +15.7%",
      "severity": "HIGH"
    },
    {
      "quarter": "2024-03 (Q1)",
      "signal": "FCF TURNED POSITIVE",
      "detail": "FCF margin: -27.4% -> +11.1%",
      "severity": "HIGH"
    },
    {
      "quarter": "2024-03 (Q1)",
      "signal": "YoY REVENUE GROWTH ACCELERATION",
      "detail": "YoY growth: +4.6% vs prior quarter YoY: -16.3% (accel: +20.9%)",
      "severity": "HIGH"
    },
    {
      "quarter": "2023-12 (Q4)",
      "signal": "YoY REVENUE GROWTH DECELERATION",
      "detail": "YoY growth: -16.3% vs prior quarter YoY: -4.2% (decel: -12.1%)",
      "severity": "WARNING"
    },
    {
      "quarter": "2023-09 (Q3)",
      "signal": "FCF MARGIN EXPANSION",
      "detail": "FCF margin: -16.0% -> -3.4% (+12.6%)",
      "severity": "MEDIUM"
    },
    {
      "quarter": "2023-03 (Q1)",
      "signal": "FCF TURNED POSITIVE",
      "detail": "FCF margin: -30.8% -> +17.0%",
      "severity": "HIGH"
    }
  ],
  "data_quality": {
    "n_quarters": 14,
    "coverage": {
      "revenue": [
        14,
        14
      ],
      "gross_profit": [
        0,
        14
      ],
      "op_income": [
        14,
        14
      ],
      "fcf": [
        13,
        14
      ]
    },
    "gaps": [],
    "warnings": [
      "gross_profit: no data"
    ]
  },
  "market_cap": null,
  "source": "SEC EDGAR",
  "last_updated": "2026-02-24T10:56:09.065785"
}