{
  "ticker": "NWL",
  "name": "NEWELL BRANDS INC",
  "quarters": [
    {
      "date": "2020-12-31T00:00:00",
      "quarter_label": "2020-12 (Q4)",
      "revenue": 2689000000,
      "gross_profit": 884000000,
      "operating_income": 248000000,
      "net_income": 127000000,
      "opex": 636000000,
      "cogs": 1805000000,
      "rd": null,
      "sga": 608000000,
      "fcf": 612000000,
      "ocf": 612000000,
      "capex": null,
      "gross_margin": 0.3287467460022313,
      "op_margin": 0.09222759390107847,
      "fcf_margin": 0.22759390107846783
    },
    {
      "date": "2021-03-31T00:00:00",
      "quarter_label": "2021-03 (Q1)",
      "revenue": 2288000000,
      "gross_profit": 731000000,
      "operating_income": 192000000,
      "net_income": 89000000,
      "opex": 539000000,
      "cogs": 1557000000,
      "rd": null,
      "sga": 534000000,
      "fcf": -25000000,
      "ocf": -25000000,
      "capex": null,
      "gross_margin": 0.319493006993007,
      "op_margin": 0.08391608391608392,
      "fcf_margin": -0.010926573426573426,
      "fcf_margin_change": -0.23852047450504127
    },
    {
      "date": "2021-06-30T00:00:00",
      "quarter_label": "2021-06 (Q2)",
      "revenue": 2709000000,
      "gross_profit": 882000000,
      "operating_income": 305000000,
      "net_income": 197000000,
      "opex": 577000000,
      "cogs": 1827000000,
      "rd": null,
      "sga": 572000000,
      "fcf": 101000000,
      "ocf": 101000000,
      "capex": null,
      "gross_margin": 0.32558139534883723,
      "op_margin": 0.11258767072720562,
      "fcf_margin": 0.03728313030638612,
      "op_leverage_ratio": 2.609944331983806,
      "fcf_margin_change": 0.04820970373295955
    },
    {
      "date": "2021-09-30T00:00:00",
      "quarter_label": "2021-09 (Q3)",
      "revenue": 2787000000,
      "gross_profit": 848000000,
      "operating_income": 281000000,
      "net_income": 190000000,
      "opex": 567000000,
      "cogs": 1939000000,
      "rd": null,
      "sga": 561000000,
      "fcf": 414000000,
      "ocf": 414000000,
      "capex": null,
      "gross_margin": 0.30426982418371007,
      "op_margin": 0.10082526013634732,
      "fcf_margin": 0.14854682454251883,
      "op_leverage_ratio": Infinity,
      "fcf_margin_change": 0.1112636942361327
    },
    {
      "date": "2021-12-31T00:00:00",
      "quarter_label": "2021-12 (Q4)",
      "revenue": 2805000000,
      "gross_profit": 835000000,
      "operating_income": 170000000,
      "net_income": 98000000,
      "opex": 665000000,
      "cogs": 1968000000,
      "rd": null,
      "sga": 607000000,
      "fcf": 394000000,
      "ocf": 394000000,
      "capex": null,
      "gross_margin": 0.2976827094474153,
      "op_margin": 0.06060606060606061,
      "fcf_margin": 0.14046345811051694,
      "incr_op_margin_yoy": -0.6724137931034483,
      "rev_growth_yoy": 0.04313871327631089,
      "fcf_margin_change": -0.008083366432001887
    },
    {
      "date": "2022-03-31T00:00:00",
      "quarter_label": "2022-03 (Q1)",
      "revenue": 2388000000,
      "gross_profit": 740000000,
      "operating_income": 217000000,
      "net_income": 234000000,
      "opex": 523000000,
      "cogs": 1648000000,
      "rd": null,
      "sga": 518000000,
      "fcf": -272000000,
      "ocf": -272000000,
      "capex": null,
      "gross_margin": 0.3098827470686767,
      "op_margin": 0.09087102177554439,
      "fcf_margin": -0.11390284757118928,
      "incr_op_margin_yoy": 0.25,
      "rev_growth_yoy": 0.043706293706293704,
      "rev_growth_yoy_accel": 0.0005675804299828113,
      "fcf_margin_change": -0.2543663056817062
    },
    {
      "date": "2022-06-30T00:00:00",
      "quarter_label": "2022-06 (Q2)",
      "revenue": 2534000000,
      "gross_profit": 825000000,
      "operating_income": 317000000,
      "net_income": 204000000,
      "opex": 508000000,
      "cogs": 1709000000,
      "rd": null,
      "sga": 504000000,
      "fcf": -178000000,
      "ocf": -178000000,
      "capex": null,
      "gross_margin": 0.3255722178374112,
      "op_margin": 0.1250986582478295,
      "fcf_margin": -0.0702446724546172,
      "incr_op_margin_yoy": -0.06857142857142857,
      "rev_growth_yoy": -0.06459948320413436,
      "rev_growth_yoy_accel": -0.10830577691042806,
      "op_leverage_ratio": Infinity,
      "fcf_margin_change": 0.04365817511657208
    },
    {
      "date": "2022-09-30T00:00:00",
      "quarter_label": "2022-09 (Q3)",
      "revenue": 2252000000,
      "gross_profit": 653000000,
      "operating_income": 35000000,
      "net_income": 31000000,
      "opex": 618000000,
      "cogs": 1599000000,
      "rd": null,
      "sga": 467000000,
      "fcf": -117000000,
      "ocf": -117000000,
      "capex": null,
      "gross_margin": 0.28996447602131437,
      "op_margin": 0.015541740674955595,
      "fcf_margin": -0.051953818827708706,
      "incr_op_margin_yoy": 0.45981308411214955,
      "rev_growth_yoy": -0.1919626838894869,
      "rev_growth_yoy_accel": -0.12736320068535253,
      "fcf_margin_change": 0.018290853626908493
    },
    {
      "date": "2022-12-31T00:00:00",
      "quarter_label": "2022-12 (Q4)",
      "revenue": 2285000000,
      "gross_profit": 616000000,
      "operating_income": -273000000,
      "net_income": -249000000,
      "opex": 889000000,
      "cogs": 1685000000,
      "rd": null,
      "sga": 544000000,
      "fcf": 295000000,
      "ocf": 295000000,
      "capex": null,
      "gross_margin": 0.26958424507658646,
      "op_margin": -0.11947483588621444,
      "fcf_margin": 0.12910284463894967,
      "incr_op_margin_yoy": 0.8519230769230769,
      "rev_growth_yoy": -0.18538324420677363,
      "rev_growth_yoy_accel": 0.006579439682713267,
      "op_leverage_ratio": 0.03341679065103262,
      "fcf_margin_change": 0.18105666346665839
    },
    {
      "date": "2023-03-31T00:00:00",
      "quarter_label": "2023-03 (Q1)",
      "revenue": 1805000000,
      "gross_profit": 482000000,
      "operating_income": -36000000,
      "net_income": -102000000,
      "opex": 518000000,
      "cogs": 1323000000,
      "rd": null,
      "sga": 480000000,
      "fcf": -77000000,
      "ocf": -77000000,
      "capex": null,
      "gross_margin": 0.2670360110803324,
      "op_margin": -0.019944598337950138,
      "fcf_margin": -0.04265927977839335,
      "incr_op_margin_yoy": 0.4339622641509434,
      "rev_growth_yoy": -0.24413735343383586,
      "rev_growth_yoy_accel": -0.05875410922706223,
      "fcf_margin_change": -0.171762124417343
    },
    {
      "date": "2023-06-30T00:00:00",
      "quarter_label": "2023-06 (Q2)",
      "revenue": 2204000000,
      "gross_profit": 629000000,
      "operating_income": 120000000,
      "net_income": 18000000,
      "opex": 509000000,
      "cogs": 1575000000,
      "rd": null,
      "sga": 476000000,
      "fcf": 354000000,
      "ocf": 354000000,
      "capex": null,
      "gross_margin": 0.2853901996370236,
      "op_margin": 0.0544464609800363,
      "fcf_margin": 0.16061705989110708,
      "incr_op_margin_yoy": 0.5969696969696969,
      "rev_growth_yoy": -0.13022888713496447,
      "rev_growth_yoy_accel": 0.11390846629887139,
      "op_leverage_ratio": Infinity,
      "fcf_margin_change": 0.20327633966950043
    },
    {
      "date": "2023-09-30T00:00:00",
      "quarter_label": "2023-09 (Q3)",
      "revenue": 2048000000,
      "gross_profit": 621000000,
      "operating_income": -159000000,
      "net_income": -218000000,
      "opex": 780000000,
      "cogs": 1427000000,
      "rd": null,
      "sga": 501000000,
      "fcf": 402000000,
      "ocf": 402000000,
      "capex": null,
      "gross_margin": 0.30322265625,
      "op_margin": -0.07763671875,
      "fcf_margin": 0.1962890625,
      "incr_op_margin_yoy": 0.9509803921568627,
      "rev_growth_yoy": -0.0905861456483126,
      "rev_growth_yoy_accel": 0.03964274148665187,
      "fcf_margin_change": 0.035672002608892917
    },
    {
      "date": "2023-12-31T00:00:00",
      "quarter_label": "2023-12 (Q4)",
      "revenue": 2076000000,
      "gross_profit": 621000000,
      "operating_income": -10000000,
      "net_income": -86000000,
      "opex": 631000000,
      "cogs": 1455000000,
      "rd": null,
      "sga": 544000000,
      "fcf": 251000000,
      "ocf": 251000000,
      "capex": null,
      "gross_margin": 0.2991329479768786,
      "op_margin": -0.004816955684007707,
      "fcf_margin": 0.12090558766859345,
      "incr_op_margin_yoy": -1.2583732057416268,
      "rev_growth_yoy": -0.09146608315098469,
      "rev_growth_yoy_accel": -0.0008799375026720818,
      "op_leverage_ratio": Infinity,
      "fcf_margin_change": -0.07538347483140655
    },
    {
      "date": "2024-03-31T00:00:00",
      "quarter_label": "2024-03 (Q1)",
      "revenue": 1653000000,
      "gross_profit": 504000000,
      "operating_income": 16000000,
      "net_income": -9000000,
      "opex": 488000000,
      "cogs": 1149000000,
      "rd": null,
      "sga": 462000000,
      "fcf": 32000000,
      "ocf": 32000000,
      "capex": null,
      "gross_margin": 0.30490018148820325,
      "op_margin": 0.009679370840895343,
      "fcf_margin": 0.019358741681790685,
      "incr_op_margin_yoy": -0.34210526315789475,
      "rev_growth_yoy": -0.08421052631578947,
      "rev_growth_yoy_accel": 0.007255556835195215,
      "fcf_margin_change": -0.10154684598680278
    },
    {
      "date": "2024-06-30T00:00:00",
      "quarter_label": "2024-06 (Q2)",
      "revenue": 2033000000,
      "gross_profit": 699000000,
      "operating_income": 163000000,
      "net_income": 45000000,
      "opex": 536000000,
      "cogs": 1334000000,
      "rd": null,
      "sga": 520000000,
      "fcf": 32000000,
      "ocf": 32000000,
      "capex": null,
      "gross_margin": 0.3438268568617806,
      "op_margin": 0.08017707820954255,
      "fcf_margin": 0.01574028529267093,
      "incr_op_margin_yoy": -0.25146198830409355,
      "rev_growth_yoy": -0.07758620689655173,
      "rev_growth_yoy_accel": 0.006624319419237745,
      "op_leverage_ratio": 2.3371647509578546,
      "fcf_margin_change": -0.0036184563891197563
    },
    {
      "date": "2024-09-30T00:00:00",
      "quarter_label": "2024-09 (Q3)",
      "revenue": 1947000000,
      "gross_profit": 679000000,
      "operating_income": -121000000,
      "net_income": -198000000,
      "opex": 800000000,
      "cogs": 1268000000,
      "rd": null,
      "sga": 536000000,
      "fcf": 282000000,
      "ocf": 282000000,
      "capex": null,
      "gross_margin": 0.3487416538263996,
      "op_margin": -0.062146892655367235,
      "fcf_margin": 0.1448382126348228,
      "incr_op_margin_yoy": -0.37623762376237624,
      "rev_growth_yoy": -0.04931640625,
      "rev_growth_yoy_accel": 0.028269800646551727,
      "fcf_margin_change": 0.12909792734215186
    },
    {
      "date": "2024-12-31T00:00:00",
      "quarter_label": "2024-12 (Q4)",
      "revenue": 1949000000,
      "gross_profit": 666000000,
      "operating_income": 9000000,
      "net_income": -54000000,
      "opex": 657000000,
      "cogs": 1283000000,
      "rd": null,
      "sga": 565000000,
      "fcf": 150000000,
      "ocf": 150000000,
      "capex": null,
      "gross_margin": 0.3417136993329913,
      "op_margin": 0.004617752693689072,
      "fcf_margin": 0.07696254489481785,
      "incr_op_margin_yoy": -0.14960629921259844,
      "rev_growth_yoy": -0.06117533718689788,
      "rev_growth_yoy_accel": -0.011858930936897882,
      "fcf_margin_change": -0.06787566774000495
    },
    {
      "date": "2025-03-31T00:00:00",
      "quarter_label": "2025-03 (Q1)",
      "revenue": 1566000000,
      "gross_profit": 503000000,
      "operating_income": 21000000,
      "net_income": -37000000,
      "opex": 482000000,
      "cogs": 1063000000,
      "rd": null,
      "sga": 471000000,
      "fcf": -213000000,
      "ocf": -213000000,
      "capex": null,
      "gross_margin": 0.3212005108556833,
      "op_margin": 0.013409961685823755,
      "fcf_margin": -0.1360153256704981,
      "incr_op_margin_yoy": -0.05747126436781609,
      "rev_growth_yoy": -0.05263157894736842,
      "rev_growth_yoy_accel": 0.008543758239529464,
      "fcf_margin_change": -0.21297787056531595
    },
    {
      "date": "2025-06-30T00:00:00",
      "quarter_label": "2025-06 (Q2)",
      "revenue": 1935000000,
      "gross_profit": 685000000,
      "operating_income": 171000000,
      "net_income": 46000000,
      "opex": 514000000,
      "cogs": 1250000000,
      "rd": null,
      "sga": 508000000,
      "fcf": -58000000,
      "ocf": -58000000,
      "capex": null,
      "gross_margin": 0.35400516795865633,
      "op_margin": 0.08837209302325581,
      "fcf_margin": -0.029974160206718347,
      "incr_op_margin_yoy": -0.08163265306122448,
      "rev_growth_yoy": -0.048204623708804725,
      "rev_growth_yoy_accel": 0.004426955238563693,
      "op_leverage_ratio": 3.5492097701149423,
      "fcf_margin_change": 0.10604116546377974
    },
    {
      "date": "2025-09-30T00:00:00",
      "quarter_label": "2025-09 (Q3)",
      "revenue": 1806000000,
      "gross_profit": 616000000,
      "operating_income": 119000000,
      "net_income": 21000000,
      "opex": 497000000,
      "cogs": 1190000000,
      "rd": null,
      "sga": 492000000,
      "fcf": 374000000,
      "ocf": 374000000,
      "capex": null,
      "gross_margin": 0.34108527131782945,
      "op_margin": 0.06589147286821706,
      "fcf_margin": 0.2070874861572536,
      "incr_op_margin_yoy": -1.702127659574468,
      "rev_growth_yoy": -0.0724191063174114,
      "rev_growth_yoy_accel": -0.024214482608606674,
      "fcf_margin_change": 0.23706164636397192
    }
  ],
  "signals": [
    {
      "quarter": "2025-09 (Q3)",
      "signal": "FCF TURNED POSITIVE",
      "detail": "FCF margin: -3.0% -> +20.7%",
      "severity": "HIGH"
    },
    {
      "quarter": "2025-09 (Q3)",
      "signal": "OP MARGIN TURNED POSITIVE (YoY)",
      "detail": "Op margin: -6.2% (year-ago) -> +6.6%",
      "severity": "HIGH"
    },
    {
      "quarter": "2025-06 (Q2)",
      "signal": "FCF MARGIN EXPANSION",
      "detail": "FCF margin: -13.6% -> -3.0% (+10.6%)",
      "severity": "MEDIUM"
    },
    {
      "quarter": "2025-06 (Q2)",
      "signal": "OPERATING LEVERAGE",
      "detail": "Rev growth +23.6% vs OpEx growth +6.6% (leverage: 3.5x)",
      "severity": "MEDIUM"
    },
    {
      "quarter": "2025-06 (Q2)",
      "signal": "GROSS MARGIN INFLECTION",
      "detail": "GM: +34.2% -> +32.1% -> +35.4% (reversal +3.3%)",
      "severity": "MEDIUM"
    },
    {
      "quarter": "2024-12 (Q4)",
      "signal": "OP MARGIN TURNED POSITIVE (YoY)",
      "detail": "Op margin: -0.5% (year-ago) -> +0.5%",
      "severity": "HIGH"
    },
    {
      "quarter": "2024-12 (Q4)",
      "signal": "OP MARGIN TURNED POSITIVE (QoQ)",
      "detail": "Op margin: -6.2% -> +0.5%",
      "severity": "HIGH"
    },
    {
      "quarter": "2024-09 (Q3)",
      "signal": "FCF MARGIN EXPANSION",
      "detail": "FCF margin: +1.6% -> +14.5% (+12.9%)",
      "severity": "MEDIUM"
    },
    {
      "quarter": "2024-06 (Q2)",
      "signal": "OPERATING LEVERAGE",
      "detail": "Rev growth +23.0% vs OpEx growth +9.8% (leverage: 2.3x)",
      "severity": "MEDIUM"
    },
    {
      "quarter": "2024-03 (Q1)",
      "signal": "OP MARGIN TURNED POSITIVE (YoY)",
      "detail": "Op margin: -2.0% (year-ago) -> +1.0%",
      "severity": "HIGH"
    },
    {
      "quarter": "2024-03 (Q1)",
      "signal": "OP MARGIN TURNED POSITIVE (QoQ)",
      "detail": "Op margin: -0.5% -> +1.0%",
      "severity": "HIGH"
    },
    {
      "quarter": "2023-06 (Q2)",
      "signal": "FCF TURNED POSITIVE",
      "detail": "FCF margin: -4.3% -> +16.1%",
      "severity": "HIGH"
    },
    {
      "quarter": "2023-06 (Q2)",
      "signal": "YoY REVENUE GROWTH ACCELERATION",
      "detail": "YoY growth: -13.0% vs prior quarter YoY: -24.4% (accel: +11.4%)",
      "severity": "MEDIUM"
    },
    {
      "quarter": "2023-06 (Q2)",
      "signal": "INCREMENTAL MARGIN (YoY)",
      "detail": "YoY Incr OPM: +59.7% vs year-ago OPM: +12.5%",
      "severity": "HIGH"
    },
    {
      "quarter": "2023-06 (Q2)",
      "signal": "OP MARGIN TURNED POSITIVE (QoQ)",
      "detail": "Op margin: -2.0% -> +5.4%",
      "severity": "HIGH"
    },
    {
      "quarter": "2023-03 (Q1)",
      "signal": "YoY REVENUE GROWTH DECELERATION",
      "detail": "YoY growth: -24.4% vs prior quarter YoY: -18.5% (decel: -5.9%)",
      "severity": "WARNING"
    },
    {
      "quarter": "2022-12 (Q4)",
      "signal": "FCF TURNED POSITIVE",
      "detail": "FCF margin: -5.2% -> +12.9%",
      "severity": "HIGH"
    },
    {
      "quarter": "2022-09 (Q3)",
      "signal": "YoY REVENUE GROWTH DECELERATION",
      "detail": "YoY growth: -19.2% vs prior quarter YoY: -6.5% (decel: -12.7%)",
      "severity": "WARNING"
    },
    {
      "quarter": "2022-09 (Q3)",
      "signal": "INCREMENTAL MARGIN (YoY)",
      "detail": "YoY Incr OPM: +46.0% vs year-ago OPM: +10.1%",
      "severity": "HIGH"
    },
    {
      "quarter": "2022-06 (Q2)",
      "signal": "YoY REVENUE GROWTH DECELERATION",
      "detail": "YoY growth: -6.5% vs prior quarter YoY: +4.4% (decel: -10.8%)",
      "severity": "WARNING"
    },
    {
      "quarter": "2022-03 (Q1)",
      "signal": "INCREMENTAL MARGIN (YoY)",
      "detail": "YoY Incr OPM: +25.0% vs year-ago OPM: +8.4%",
      "severity": "MEDIUM"
    },
    {
      "quarter": "2021-09 (Q3)",
      "signal": "FCF MARGIN EXPANSION",
      "detail": "FCF margin: +3.7% -> +14.9% (+11.1%)",
      "severity": "MEDIUM"
    },
    {
      "quarter": "2021-06 (Q2)",
      "signal": "FCF TURNED POSITIVE",
      "detail": "FCF margin: -1.1% -> +3.7%",
      "severity": "HIGH"
    },
    {
      "quarter": "2021-06 (Q2)",
      "signal": "OPERATING LEVERAGE",
      "detail": "Rev growth +18.4% vs OpEx growth +7.1% (leverage: 2.6x)",
      "severity": "MEDIUM"
    }
  ],
  "data_quality": {
    "n_quarters": 20,
    "coverage": {
      "revenue": [
        20,
        20
      ],
      "gross_profit": [
        20,
        20
      ],
      "op_income": [
        20,
        20
      ],
      "fcf": [
        20,
        20
      ]
    },
    "gaps": [],
    "warnings": []
  },
  "market_cap": null,
  "source": "SEC EDGAR",
  "last_updated": "2026-02-02T21:40:36.744350"
}