{
  "ticker": "NWN",
  "name": "NORTHWEST NATURAL HOLDING COMPANY",
  "quarters": [
    {
      "date": "2020-12-31T00:00:00",
      "quarter_label": "2020-12 (Q4)",
      "revenue": 260273000,
      "gross_profit": null,
      "operating_income": 74551000,
      "net_income": 52047000,
      "opex": 185722000,
      "cogs": null,
      "rd": null,
      "sga": null,
      "fcf": -5479000,
      "ocf": -5479000,
      "capex": null,
      "gross_margin": null,
      "op_margin": 0.286433859831792,
      "fcf_margin": -0.021050973401005868
    },
    {
      "date": "2021-03-31T00:00:00",
      "quarter_label": "2021-03 (Q1)",
      "revenue": 315946000,
      "gross_profit": null,
      "operating_income": 94706000,
      "net_income": 59517000,
      "opex": 221240000,
      "cogs": null,
      "rd": null,
      "sga": null,
      "fcf": 137065000,
      "ocf": 137065000,
      "capex": null,
      "gross_margin": null,
      "op_margin": 0.29975375538857907,
      "fcf_margin": 0.43382413450399754,
      "op_leverage_ratio": 1.1184854924709906,
      "fcf_margin_change": 0.4548751079050034
    },
    {
      "date": "2021-06-30T00:00:00",
      "quarter_label": "2021-06 (Q2)",
      "revenue": 148917000,
      "gross_profit": null,
      "operating_income": 12624000,
      "net_income": -724000,
      "opex": 136293000,
      "cogs": null,
      "rd": null,
      "sga": null,
      "fcf": 57216000,
      "ocf": 57216000,
      "capex": null,
      "gross_margin": null,
      "op_margin": 0.0847720542315518,
      "fcf_margin": 0.3842140252623945,
      "fcf_margin_change": -0.04961010924160303
    },
    {
      "date": "2021-09-30T00:00:00",
      "quarter_label": "2021-09 (Q3)",
      "revenue": 101447000,
      "gross_profit": null,
      "operating_income": -14391000,
      "net_income": -20655000,
      "opex": 115838000,
      "cogs": null,
      "rd": null,
      "sga": null,
      "fcf": -12557000,
      "ocf": -12557000,
      "capex": null,
      "gross_margin": null,
      "op_margin": -0.1418573245142784,
      "fcf_margin": -0.12377891904146993,
      "fcf_margin_change": -0.5079929443038644
    },
    {
      "date": "2021-12-31T00:00:00",
      "quarter_label": "2021-12 (Q4)",
      "revenue": 294090000,
      "gross_profit": null,
      "operating_income": 70178000,
      "net_income": 40528000,
      "opex": 223912000,
      "cogs": null,
      "rd": null,
      "sga": null,
      "fcf": -21371000,
      "ocf": -21371000,
      "capex": null,
      "gross_margin": null,
      "op_margin": 0.23862763099731374,
      "fcf_margin": -0.07266823081369649,
      "incr_op_margin_yoy": -0.12931365881065737,
      "rev_growth_yoy": 0.12992895920821598,
      "op_leverage_ratio": 2.0353722501841713,
      "fcf_margin_change": 0.05111068822777344
    },
    {
      "date": "2022-03-31T00:00:00",
      "quarter_label": "2022-03 (Q1)",
      "revenue": 350301000,
      "gross_profit": null,
      "operating_income": 87638000,
      "net_income": 56239000,
      "opex": 262663000,
      "cogs": null,
      "rd": null,
      "sga": null,
      "fcf": 141037000,
      "ocf": 141037000,
      "capex": null,
      "gross_margin": null,
      "op_margin": 0.2501791316610572,
      "fcf_margin": 0.40261660686095674,
      "incr_op_margin_yoy": -0.20573424537912968,
      "rev_growth_yoy": 0.10873693605869357,
      "rev_growth_yoy_accel": -0.021192023149522413,
      "op_leverage_ratio": 1.1044231693120177,
      "fcf_margin_change": 0.47528483767465324
    },
    {
      "date": "2022-06-30T00:00:00",
      "quarter_label": "2022-06 (Q2)",
      "revenue": 194960000,
      "gross_profit": null,
      "operating_income": 13539000,
      "net_income": 1715000,
      "opex": 181421000,
      "cogs": null,
      "rd": null,
      "sga": null,
      "fcf": 55527000,
      "ocf": 55527000,
      "capex": null,
      "gross_margin": null,
      "op_margin": 0.0694450143619204,
      "fcf_margin": 0.28481226918342223,
      "incr_op_margin_yoy": 0.019872727667615057,
      "rev_growth_yoy": 0.3091856537534331,
      "rev_growth_yoy_accel": 0.20044871769473954,
      "fcf_margin_change": -0.11780433767753451
    },
    {
      "date": "2022-09-30T00:00:00",
      "quarter_label": "2022-09 (Q3)",
      "revenue": 116839000,
      "gross_profit": null,
      "operating_income": -14927000,
      "net_income": -19587000,
      "opex": 131766000,
      "cogs": null,
      "rd": null,
      "sga": null,
      "fcf": -30603000,
      "ocf": -30603000,
      "capex": null,
      "gross_margin": null,
      "op_margin": -0.12775699894726933,
      "fcf_margin": -0.2619245286248599,
      "incr_op_margin_yoy": -0.034823284823284825,
      "rev_growth_yoy": 0.1517245458219563,
      "rev_growth_yoy_accel": -0.1574611079314768,
      "fcf_margin_change": -0.5467367978082821
    },
    {
      "date": "2022-12-31T00:00:00",
      "quarter_label": "2022-12 (Q4)",
      "revenue": 375253000,
      "gross_profit": null,
      "operating_income": 81227000,
      "net_income": 47936000,
      "opex": 294026000,
      "cogs": null,
      "rd": null,
      "sga": null,
      "fcf": -18289000,
      "ocf": -18289000,
      "capex": null,
      "gross_margin": null,
      "op_margin": 0.21645929546199497,
      "fcf_margin": -0.04873778490778222,
      "incr_op_margin_yoy": 0.13613345982775402,
      "rev_growth_yoy": 0.27598014213336053,
      "rev_growth_yoy_accel": 0.12425559631140423,
      "op_leverage_ratio": 1.7960569279302334,
      "fcf_margin_change": 0.21318674371707766
    },
    {
      "date": "2023-03-31T00:00:00",
      "quarter_label": "2023-03 (Q1)",
      "revenue": 462423000,
      "gross_profit": null,
      "operating_income": 113508000,
      "net_income": 71671000,
      "opex": 348915000,
      "cogs": null,
      "rd": null,
      "sga": null,
      "fcf": 105596000,
      "ocf": 176861000,
      "capex": -71265000,
      "gross_margin": null,
      "op_margin": 0.24546356906987757,
      "fcf_margin": 0.22835369347977932,
      "incr_op_margin_yoy": 0.230730811080787,
      "rev_growth_yoy": 0.32007330838336173,
      "rev_growth_yoy_accel": 0.0440931662500012,
      "op_leverage_ratio": 1.244352114532564,
      "fcf_margin_change": 0.27709147838756154
    },
    {
      "date": "2023-06-30T00:00:00",
      "quarter_label": "2023-06 (Q2)",
      "revenue": 237859000,
      "gross_profit": null,
      "operating_income": 13843000,
      "net_income": 1244000,
      "opex": 224016000,
      "cogs": null,
      "rd": null,
      "sga": null,
      "fcf": 47395000,
      "ocf": 120993000,
      "capex": -73598000,
      "gross_margin": null,
      "op_margin": 0.05819834439731101,
      "fcf_margin": 0.1992567025002207,
      "incr_op_margin_yoy": 0.007086412270682301,
      "rev_growth_yoy": 0.22004000820681166,
      "rev_growth_yoy_accel": -0.10003330017655007,
      "fcf_margin_change": -0.029096990979558618
    },
    {
      "date": "2023-09-30T00:00:00",
      "quarter_label": "2023-09 (Q3)",
      "revenue": 141479000,
      "gross_profit": null,
      "operating_income": -17577000,
      "net_income": -23687000,
      "opex": 159056000,
      "cogs": null,
      "rd": null,
      "sga": null,
      "fcf": -94235000,
      "ocf": 3649000,
      "capex": -97884000,
      "gross_margin": null,
      "op_margin": -0.12423751934916136,
      "fcf_margin": -0.6660705829133652,
      "incr_op_margin_yoy": -0.1075487012987013,
      "rev_growth_yoy": 0.21088848757692208,
      "rev_growth_yoy_accel": -0.009151520629889581,
      "fcf_margin_change": -0.8653272854135858
    },
    {
      "date": "2023-12-31T00:00:00",
      "quarter_label": "2023-12 (Q4)",
      "revenue": 355714000,
      "gross_profit": null,
      "operating_income": 75167000,
      "net_income": 44640000,
      "opex": 280547000,
      "cogs": null,
      "rd": null,
      "sga": null,
      "fcf": -106154000,
      "ocf": -21554000,
      "capex": -84600000,
      "gross_margin": null,
      "op_margin": 0.21131302113495673,
      "fcf_margin": -0.29842513929730063,
      "incr_op_margin_yoy": 0.31014893290342394,
      "rev_growth_yoy": -0.05206887086845408,
      "rev_growth_yoy_accel": -0.26295735844537615,
      "op_leverage_ratio": 1.9824598114902963,
      "fcf_margin_change": 0.36764544361606455
    },
    {
      "date": "2024-03-31T00:00:00",
      "quarter_label": "2024-03 (Q1)",
      "revenue": 433470000,
      "gross_profit": null,
      "operating_income": 109827000,
      "net_income": 63823000,
      "opex": 323643000,
      "cogs": null,
      "rd": null,
      "sga": null,
      "fcf": 42822000,
      "ocf": 125039000,
      "capex": -82217000,
      "gross_margin": null,
      "op_margin": 0.25336701501834036,
      "fcf_margin": 0.0987888435185826,
      "incr_op_margin_yoy": 0.12713708423997513,
      "rev_growth_yoy": -0.06261150505057059,
      "rev_growth_yoy_accel": -0.010542634182116505,
      "op_leverage_ratio": 1.4229892502466657,
      "fcf_margin_change": 0.3972139828158832
    },
    {
      "date": "2024-06-30T00:00:00",
      "quarter_label": "2024-06 (Q2)",
      "revenue": 211714000,
      "gross_profit": null,
      "operating_income": 15706000,
      "net_income": -2787000,
      "opex": 196008000,
      "cogs": null,
      "rd": null,
      "sga": null,
      "fcf": 4325000,
      "ocf": 121037000,
      "capex": -116712000,
      "gross_margin": null,
      "op_margin": 0.0741849854048386,
      "fcf_margin": 0.020428502602567615,
      "incr_op_margin_yoy": -0.07125645438898451,
      "rev_growth_yoy": -0.10991806069982636,
      "rev_growth_yoy_accel": -0.047306555649255774,
      "fcf_margin_change": -0.07836034091601499
    },
    {
      "date": "2024-09-30T00:00:00",
      "quarter_label": "2024-09 (Q3)",
      "revenue": 136934000,
      "gross_profit": null,
      "operating_income": -19332000,
      "net_income": -27167000,
      "opex": 156266000,
      "cogs": null,
      "rd": null,
      "sga": null,
      "fcf": -121711000,
      "ocf": -26379000,
      "capex": -95332000,
      "gross_margin": null,
      "op_margin": -0.14117750157009945,
      "fcf_margin": -0.888829655162341,
      "incr_op_margin_yoy": 0.38613861386138615,
      "rev_growth_yoy": -0.03212490899709498,
      "rev_growth_yoy_accel": 0.07779315170273138,
      "fcf_margin_change": -0.9092581577649086
    },
    {
      "date": "2024-12-31T00:00:00",
      "quarter_label": "2024-12 (Q4)",
      "revenue": 370876000,
      "gross_profit": null,
      "operating_income": 84941000,
      "net_income": 45002000,
      "opex": 285935000,
      "cogs": null,
      "rd": null,
      "sga": null,
      "fcf": -119554000,
      "ocf": -19415000,
      "capex": -100139000,
      "gross_margin": null,
      "op_margin": 0.2290280309321714,
      "fcf_margin": -0.32235571997109547,
      "incr_op_margin_yoy": 0.6446379105658884,
      "rev_growth_yoy": 0.04262413062179166,
      "rev_growth_yoy_accel": 0.07474903961888664,
      "op_leverage_ratio": 2.0588525173504246,
      "fcf_margin_change": 0.5664739351912456
    },
    {
      "date": "2025-03-31T00:00:00",
      "quarter_label": "2025-03 (Q1)",
      "revenue": 494284000,
      "gross_profit": null,
      "operating_income": 154354000,
      "net_income": 87916000,
      "opex": 339930000,
      "cogs": null,
      "rd": null,
      "sga": null,
      "fcf": 77426000,
      "ocf": 179610000,
      "capex": -102184000,
      "gross_margin": null,
      "op_margin": 0.31227796165767047,
      "fcf_margin": 0.15664273980140972,
      "incr_op_margin_yoy": 0.7321833788272437,
      "rev_growth_yoy": 0.1402957528779385,
      "rev_growth_yoy_accel": 0.09767162225614684,
      "op_leverage_ratio": 1.762091096559359,
      "fcf_margin_change": 0.4789984597725052
    },
    {
      "date": "2025-06-30T00:00:00",
      "quarter_label": "2025-06 (Q2)",
      "revenue": 236194000,
      "gross_profit": null,
      "operating_income": 27211000,
      "net_income": -2500000,
      "opex": 208983000,
      "cogs": null,
      "rd": null,
      "sga": null,
      "fcf": -18320000,
      "ocf": 102160000,
      "capex": -120480000,
      "gross_margin": null,
      "op_margin": 0.11520614410188235,
      "fcf_margin": -0.07756335893375785,
      "incr_op_margin_yoy": 0.4699754901960784,
      "rev_growth_yoy": 0.11562768640713415,
      "rev_growth_yoy_accel": -0.024668066470804342,
      "fcf_margin_change": -0.23420609873516757
    },
    {
      "date": "2025-09-30T00:00:00",
      "quarter_label": "2025-09 (Q3)",
      "revenue": 164728000,
      "gross_profit": null,
      "operating_income": -12423000,
      "net_income": -29890000,
      "opex": 177151000,
      "cogs": null,
      "rd": null,
      "sga": null,
      "fcf": -125906000,
      "ocf": -15918000,
      "capex": -109988000,
      "gross_margin": null,
      "op_margin": -0.07541522995483464,
      "fcf_margin": -0.7643266475644699,
      "incr_op_margin_yoy": 0.24857882996330144,
      "rev_growth_yoy": 0.20297369535688725,
      "rev_growth_yoy_accel": 0.0873460089497531,
      "fcf_margin_change": -0.686763288630712
    }
  ],
  "signals": [
    {
      "quarter": "2025-09 (Q3)",
      "signal": "YoY REVENUE GROWTH ACCELERATION",
      "detail": "YoY growth: +20.3% vs prior quarter YoY: +11.6% (accel: +8.7%)",
      "severity": "MEDIUM"
    },
    {
      "quarter": "2025-06 (Q2)",
      "signal": "INCREMENTAL MARGIN (YoY)",
      "detail": "YoY Incr OPM: +47.0% vs year-ago OPM: +7.4%",
      "severity": "HIGH"
    },
    {
      "quarter": "2025-03 (Q1)",
      "signal": "FCF TURNED POSITIVE",
      "detail": "FCF margin: -32.2% -> +15.7%",
      "severity": "HIGH"
    },
    {
      "quarter": "2025-03 (Q1)",
      "signal": "OPERATING LEVERAGE",
      "detail": "Rev growth +33.3% vs OpEx growth +18.9% (leverage: 1.8x)",
      "severity": "MEDIUM"
    },
    {
      "quarter": "2025-03 (Q1)",
      "signal": "YoY REVENUE GROWTH ACCELERATION",
      "detail": "YoY growth: +14.0% vs prior quarter YoY: +4.3% (accel: +9.8%)",
      "severity": "MEDIUM"
    },
    {
      "quarter": "2025-03 (Q1)",
      "signal": "INCREMENTAL MARGIN (YoY)",
      "detail": "YoY Incr OPM: +73.2% vs year-ago OPM: +25.3%",
      "severity": "HIGH"
    },
    {
      "quarter": "2024-12 (Q4)",
      "signal": "FCF MARGIN EXPANSION",
      "detail": "FCF margin: -88.9% -> -32.2% (+56.6%)",
      "severity": "MEDIUM"
    },
    {
      "quarter": "2024-12 (Q4)",
      "signal": "OPERATING LEVERAGE",
      "detail": "Rev growth +170.8% vs OpEx growth +83.0% (leverage: 2.1x)",
      "severity": "MEDIUM"
    },
    {
      "quarter": "2024-12 (Q4)",
      "signal": "YoY REVENUE GROWTH ACCELERATION",
      "detail": "YoY growth: +4.3% vs prior quarter YoY: -3.2% (accel: +7.5%)",
      "severity": "MEDIUM"
    },
    {
      "quarter": "2024-12 (Q4)",
      "signal": "INCREMENTAL MARGIN (YoY)",
      "detail": "YoY Incr OPM: +64.5% vs year-ago OPM: +21.1%",
      "severity": "HIGH"
    },
    {
      "quarter": "2024-12 (Q4)",
      "signal": "OP MARGIN TURNED POSITIVE (QoQ)",
      "detail": "Op margin: -14.1% -> +22.9%",
      "severity": "HIGH"
    },
    {
      "quarter": "2024-09 (Q3)",
      "signal": "YoY REVENUE GROWTH ACCELERATION",
      "detail": "YoY growth: -3.2% vs prior quarter YoY: -11.0% (accel: +7.8%)",
      "severity": "MEDIUM"
    },
    {
      "quarter": "2024-03 (Q1)",
      "signal": "FCF TURNED POSITIVE",
      "detail": "FCF margin: -29.8% -> +9.9%",
      "severity": "HIGH"
    },
    {
      "quarter": "2023-12 (Q4)",
      "signal": "FCF MARGIN EXPANSION",
      "detail": "FCF margin: -66.6% -> -29.8% (+36.8%)",
      "severity": "MEDIUM"
    },
    {
      "quarter": "2023-12 (Q4)",
      "signal": "OPERATING LEVERAGE",
      "detail": "Rev growth +151.4% vs OpEx growth +76.4% (leverage: 2.0x)",
      "severity": "MEDIUM"
    },
    {
      "quarter": "2023-12 (Q4)",
      "signal": "YoY REVENUE GROWTH DECELERATION",
      "detail": "YoY growth: -5.2% vs prior quarter YoY: +21.1% (decel: -26.3%)",
      "severity": "WARNING"
    },
    {
      "quarter": "2023-12 (Q4)",
      "signal": "OP MARGIN TURNED POSITIVE (QoQ)",
      "detail": "Op margin: -12.4% -> +21.1%",
      "severity": "HIGH"
    },
    {
      "quarter": "2023-06 (Q2)",
      "signal": "YoY REVENUE GROWTH DECELERATION",
      "detail": "YoY growth: +22.0% vs prior quarter YoY: +32.0% (decel: -10.0%)",
      "severity": "WARNING"
    },
    {
      "quarter": "2023-03 (Q1)",
      "signal": "FCF TURNED POSITIVE",
      "detail": "FCF margin: -4.9% -> +22.8%",
      "severity": "HIGH"
    },
    {
      "quarter": "2022-12 (Q4)",
      "signal": "FCF MARGIN EXPANSION",
      "detail": "FCF margin: -26.2% -> -4.9% (+21.3%)",
      "severity": "MEDIUM"
    },
    {
      "quarter": "2022-12 (Q4)",
      "signal": "OPERATING LEVERAGE",
      "detail": "Rev growth +221.2% vs OpEx growth +123.1% (leverage: 1.8x)",
      "severity": "MEDIUM"
    },
    {
      "quarter": "2022-12 (Q4)",
      "signal": "YoY REVENUE GROWTH ACCELERATION",
      "detail": "YoY growth: +27.6% vs prior quarter YoY: +15.2% (accel: +12.4%)",
      "severity": "MEDIUM"
    },
    {
      "quarter": "2022-12 (Q4)",
      "signal": "OP MARGIN TURNED POSITIVE (QoQ)",
      "detail": "Op margin: -12.8% -> +21.6%",
      "severity": "HIGH"
    },
    {
      "quarter": "2022-09 (Q3)",
      "signal": "YoY REVENUE GROWTH DECELERATION",
      "detail": "YoY growth: +15.2% vs prior quarter YoY: +30.9% (decel: -15.7%)",
      "severity": "WARNING"
    },
    {
      "quarter": "2022-06 (Q2)",
      "signal": "YoY REVENUE GROWTH ACCELERATION",
      "detail": "YoY growth: +30.9% vs prior quarter YoY: +10.9% (accel: +20.0%)",
      "severity": "HIGH"
    },
    {
      "quarter": "2022-03 (Q1)",
      "signal": "FCF TURNED POSITIVE",
      "detail": "FCF margin: -7.3% -> +40.3%",
      "severity": "HIGH"
    },
    {
      "quarter": "2021-12 (Q4)",
      "signal": "FCF MARGIN EXPANSION",
      "detail": "FCF margin: -12.4% -> -7.3% (+5.1%)",
      "severity": "MEDIUM"
    },
    {
      "quarter": "2021-12 (Q4)",
      "signal": "OPERATING LEVERAGE",
      "detail": "Rev growth +189.9% vs OpEx growth +93.3% (leverage: 2.0x)",
      "severity": "MEDIUM"
    },
    {
      "quarter": "2021-12 (Q4)",
      "signal": "OP MARGIN TURNED POSITIVE (QoQ)",
      "detail": "Op margin: -14.2% -> +23.9%",
      "severity": "HIGH"
    },
    {
      "quarter": "2021-03 (Q1)",
      "signal": "FCF TURNED POSITIVE",
      "detail": "FCF margin: -2.1% -> +43.4%",
      "severity": "HIGH"
    }
  ],
  "data_quality": {
    "n_quarters": 20,
    "coverage": {
      "revenue": [
        20,
        20
      ],
      "gross_profit": [
        0,
        20
      ],
      "op_income": [
        20,
        20
      ],
      "fcf": [
        20,
        20
      ]
    },
    "gaps": [],
    "warnings": [
      "gross_profit: no data"
    ]
  },
  "market_cap": null,
  "source": "SEC EDGAR",
  "last_updated": "2026-02-02T21:38:01.665532"
}