{
  "ticker": "NWSA",
  "name": "NEWS CORPORATION",
  "quarters": [
    {
      "date": "2020-12-31T00:00:00",
      "quarter_label": "2020-12 (Q4)",
      "revenue": 2414000000,
      "gross_profit": null,
      "operating_income": null,
      "net_income": 231000000,
      "opex": null,
      "cogs": null,
      "rd": null,
      "sga": 719000000,
      "fcf": 248000000,
      "ocf": 328000000,
      "capex": -80000000,
      "gross_margin": null,
      "op_margin": null,
      "fcf_margin": 0.10273405136702568
    },
    {
      "date": "2021-03-31T00:00:00",
      "quarter_label": "2021-03 (Q1)",
      "revenue": 2335000000,
      "gross_profit": null,
      "operating_income": null,
      "net_income": 79000000,
      "opex": null,
      "cogs": null,
      "rd": null,
      "sga": 851000000,
      "fcf": 497000000,
      "ocf": 577000000,
      "capex": -80000000,
      "gross_margin": null,
      "op_margin": null,
      "fcf_margin": 0.21284796573875803,
      "fcf_margin_change": 0.11011391437173235
    },
    {
      "date": "2021-06-30T00:00:00",
      "quarter_label": "2021-06 (Q2)",
      "revenue": 2492000000,
      "gross_profit": null,
      "operating_income": null,
      "net_income": -14000000,
      "opex": null,
      "cogs": null,
      "rd": null,
      "sga": 999000000,
      "fcf": 40000000,
      "ocf": 177000000,
      "capex": -137000000,
      "gross_margin": null,
      "op_margin": null,
      "fcf_margin": 0.016051364365971106,
      "fcf_margin_change": -0.19679660137278693
    },
    {
      "date": "2021-09-30T00:00:00",
      "quarter_label": "2021-09 (Q3)",
      "revenue": 2502000000,
      "gross_profit": null,
      "operating_income": null,
      "net_income": 196000000,
      "opex": null,
      "cogs": null,
      "rd": null,
      "sga": 848000000,
      "fcf": -33000000,
      "ocf": 68000000,
      "capex": -101000000,
      "gross_margin": null,
      "op_margin": null,
      "fcf_margin": -0.013189448441247002,
      "fcf_margin_change": -0.02924081280721811
    },
    {
      "date": "2021-12-31T00:00:00",
      "quarter_label": "2021-12 (Q4)",
      "revenue": 2717000000,
      "gross_profit": null,
      "operating_income": null,
      "net_income": 235000000,
      "opex": null,
      "cogs": null,
      "rd": null,
      "sga": 852000000,
      "fcf": 255000000,
      "ocf": 362000000,
      "capex": -107000000,
      "gross_margin": null,
      "op_margin": null,
      "fcf_margin": 0.09385351490614649,
      "rev_growth_yoy": 0.1255178127589064,
      "fcf_margin_change": 0.1070429633473935
    },
    {
      "date": "2022-03-31T00:00:00",
      "quarter_label": "2022-03 (Q1)",
      "revenue": 2492000000,
      "gross_profit": null,
      "operating_income": null,
      "net_income": 82000000,
      "opex": null,
      "cogs": null,
      "rd": null,
      "sga": 888000000,
      "fcf": 493000000,
      "ocf": 600000000,
      "capex": -107000000,
      "gross_margin": null,
      "op_margin": null,
      "fcf_margin": 0.1978330658105939,
      "rev_growth_yoy": 0.06723768736616702,
      "rev_growth_yoy_accel": -0.05828012539273937,
      "fcf_margin_change": 0.10397955090444741
    },
    {
      "date": "2022-06-30T00:00:00",
      "quarter_label": "2022-06 (Q2)",
      "revenue": 2674000000,
      "gross_profit": null,
      "operating_income": null,
      "net_income": 110000000,
      "opex": null,
      "cogs": null,
      "rd": null,
      "sga": 1004000000,
      "fcf": 329000000,
      "ocf": 324000000,
      "capex": 5000000,
      "gross_margin": null,
      "op_margin": null,
      "fcf_margin": 0.12303664921465969,
      "rev_growth_yoy": 0.07303370786516854,
      "rev_growth_yoy_accel": 0.00579602049900152,
      "fcf_margin_change": -0.07479641659593421
    },
    {
      "date": "2022-09-30T00:00:00",
      "quarter_label": "2022-09 (Q3)",
      "revenue": 2478000000,
      "gross_profit": null,
      "operating_income": null,
      "net_income": 40000000,
      "opex": null,
      "cogs": null,
      "rd": null,
      "sga": 855000000,
      "fcf": -135000000,
      "ocf": -31000000,
      "capex": -104000000,
      "gross_margin": null,
      "op_margin": null,
      "fcf_margin": -0.05447941888619855,
      "rev_growth_yoy": -0.009592326139088728,
      "rev_growth_yoy_accel": -0.08262603400425726,
      "fcf_margin_change": -0.17751606810085824
    },
    {
      "date": "2022-12-31T00:00:00",
      "quarter_label": "2022-12 (Q4)",
      "revenue": 2521000000,
      "gross_profit": null,
      "operating_income": null,
      "net_income": 67000000,
      "opex": null,
      "cogs": null,
      "rd": null,
      "sga": 818000000,
      "fcf": 79000000,
      "ocf": 192000000,
      "capex": -113000000,
      "gross_margin": null,
      "op_margin": null,
      "fcf_margin": 0.03133677112257041,
      "rev_growth_yoy": -0.0721383879278616,
      "rev_growth_yoy_accel": -0.06254606178877288,
      "fcf_margin_change": 0.08581619000876896
    },
    {
      "date": "2023-03-31T00:00:00",
      "quarter_label": "2023-03 (Q1)",
      "revenue": 2447000000,
      "gross_profit": null,
      "operating_income": null,
      "net_income": 50000000,
      "opex": null,
      "cogs": null,
      "rd": null,
      "sga": 841000000,
      "fcf": 376000000,
      "ocf": 509000000,
      "capex": -133000000,
      "gross_margin": null,
      "op_margin": null,
      "fcf_margin": 0.1536575398447078,
      "rev_growth_yoy": -0.018057784911717497,
      "rev_growth_yoy_accel": 0.054080603016144105,
      "fcf_margin_change": 0.1223207687221374
    },
    {
      "date": "2023-06-30T00:00:00",
      "quarter_label": "2023-06 (Q2)",
      "revenue": 2433000000,
      "gross_profit": null,
      "operating_income": null,
      "net_income": -8000000,
      "opex": null,
      "cogs": null,
      "rd": null,
      "sga": 821000000,
      "fcf": 425000000,
      "ocf": 422000000,
      "capex": 3000000,
      "gross_margin": null,
      "op_margin": null,
      "fcf_margin": 0.1746814632141389,
      "rev_growth_yoy": -0.09012715033657442,
      "rev_growth_yoy_accel": -0.07206936542485692,
      "fcf_margin_change": 0.021023923369431097
    },
    {
      "date": "2023-09-30T00:00:00",
      "quarter_label": "2023-09 (Q3)",
      "revenue": 2499000000,
      "gross_profit": null,
      "operating_income": null,
      "net_income": 30000000,
      "opex": null,
      "cogs": null,
      "rd": null,
      "sga": 862000000,
      "fcf": -179000000,
      "ocf": -55000000,
      "capex": -124000000,
      "gross_margin": null,
      "op_margin": null,
      "fcf_margin": -0.07162865146058424,
      "rev_growth_yoy": 0.00847457627118644,
      "rev_growth_yoy_accel": 0.09860172660776087,
      "fcf_margin_change": -0.24631011467472314
    },
    {
      "date": "2023-12-31T00:00:00",
      "quarter_label": "2023-12 (Q4)",
      "revenue": 2586000000,
      "gross_profit": null,
      "operating_income": null,
      "net_income": 156000000,
      "opex": null,
      "cogs": null,
      "rd": null,
      "sga": 832000000,
      "fcf": 330000000,
      "ocf": 360000000,
      "capex": -30000000,
      "gross_margin": null,
      "op_margin": null,
      "fcf_margin": 0.12761020881670534,
      "rev_growth_yoy": 0.02578341927806426,
      "rev_growth_yoy_accel": 0.017308843006877822,
      "fcf_margin_change": 0.1992388602772896
    },
    {
      "date": "2024-03-31T00:00:00",
      "quarter_label": "2024-03 (Q1)",
      "revenue": 2423000000,
      "gross_profit": null,
      "operating_income": null,
      "net_income": 30000000,
      "opex": null,
      "cogs": null,
      "rd": null,
      "sga": 863000000,
      "fcf": 447000000,
      "ocf": 539000000,
      "capex": -92000000,
      "gross_margin": null,
      "op_margin": null,
      "fcf_margin": 0.18448204704911267,
      "rev_growth_yoy": -0.009807928075194115,
      "rev_growth_yoy_accel": -0.035591347353258376,
      "fcf_margin_change": 0.056871838232407323
    },
    {
      "date": "2024-06-30T00:00:00",
      "quarter_label": "2024-06 (Q2)",
      "revenue": 2092000000,
      "gross_profit": null,
      "operating_income": null,
      "net_income": 50000000,
      "opex": null,
      "cogs": null,
      "rd": null,
      "sga": 936000000,
      "fcf": 143000000,
      "ocf": 254000000,
      "capex": -111000000,
      "gross_margin": null,
      "op_margin": null,
      "fcf_margin": 0.06835564053537285,
      "rev_growth_yoy": -0.14015618577887382,
      "rev_growth_yoy_accel": -0.1303482577036797,
      "fcf_margin_change": -0.11612640651373982
    },
    {
      "date": "2024-09-30T00:00:00",
      "quarter_label": "2024-09 (Q3)",
      "revenue": 2577000000,
      "gross_profit": null,
      "operating_income": null,
      "net_income": 119000000,
      "opex": null,
      "cogs": null,
      "rd": null,
      "sga": 899000000,
      "fcf": -11000000,
      "ocf": 64000000,
      "capex": -75000000,
      "gross_margin": null,
      "op_margin": null,
      "fcf_margin": -0.004268529297632906,
      "rev_growth_yoy": 0.031212484993997598,
      "rev_growth_yoy_accel": 0.1713686707728714,
      "fcf_margin_change": -0.07262416983300576
    },
    {
      "date": "2024-12-31T00:00:00",
      "quarter_label": "2024-12 (Q4)",
      "revenue": 2238000000,
      "gross_profit": null,
      "operating_income": null,
      "net_income": 215000000,
      "opex": null,
      "cogs": null,
      "rd": null,
      "sga": 797000000,
      "fcf": null,
      "ocf": null,
      "capex": -82000000,
      "gross_margin": null,
      "op_margin": null,
      "fcf_margin": null,
      "rev_growth_yoy": -0.1345707656612529,
      "rev_growth_yoy_accel": -0.16578325065525049
    },
    {
      "date": "2025-03-31T00:00:00",
      "quarter_label": "2025-03 (Q1)",
      "revenue": 2009000000,
      "gross_profit": null,
      "operating_income": null,
      "net_income": 103000000,
      "opex": null,
      "cogs": null,
      "rd": null,
      "sga": 815000000,
      "fcf": null,
      "ocf": null,
      "capex": -93000000,
      "gross_margin": null,
      "op_margin": null,
      "fcf_margin": null,
      "rev_growth_yoy": -0.17086256706562114,
      "rev_growth_yoy_accel": -0.036291801404368246
    },
    {
      "date": "2025-06-30T00:00:00",
      "quarter_label": "2025-06 (Q2)",
      "revenue": 2109000000,
      "gross_profit": null,
      "operating_income": null,
      "net_income": 743000000,
      "opex": null,
      "cogs": null,
      "rd": null,
      "sga": 870000000,
      "fcf": null,
      "ocf": null,
      "capex": -157000000,
      "gross_margin": null,
      "op_margin": null,
      "fcf_margin": null,
      "rev_growth_yoy": 0.008126195028680689,
      "rev_growth_yoy_accel": 0.17898876209430184
    },
    {
      "date": "2025-09-30T00:00:00",
      "quarter_label": "2025-09 (Q3)",
      "revenue": 2144000000,
      "gross_profit": null,
      "operating_income": null,
      "net_income": 112000000,
      "opex": null,
      "cogs": null,
      "rd": null,
      "sga": 863000000,
      "fcf": null,
      "ocf": null,
      "capex": -81000000,
      "gross_margin": null,
      "op_margin": null,
      "fcf_margin": null,
      "rev_growth_yoy": -0.16802483507954988,
      "rev_growth_yoy_accel": -0.17615103010823058
    }
  ],
  "signals": [
    {
      "quarter": "2025-09 (Q3)",
      "signal": "YoY REVENUE GROWTH DECELERATION",
      "detail": "YoY growth: -16.8% vs prior quarter YoY: +0.8% (decel: -17.6%)",
      "severity": "WARNING"
    },
    {
      "quarter": "2025-06 (Q2)",
      "signal": "YoY REVENUE GROWTH ACCELERATION",
      "detail": "YoY growth: +0.8% vs prior quarter YoY: -17.1% (accel: +17.9%)",
      "severity": "HIGH"
    },
    {
      "quarter": "2024-12 (Q4)",
      "signal": "YoY REVENUE GROWTH DECELERATION",
      "detail": "YoY growth: -13.5% vs prior quarter YoY: +3.1% (decel: -16.6%)",
      "severity": "WARNING"
    },
    {
      "quarter": "2024-09 (Q3)",
      "signal": "YoY REVENUE GROWTH ACCELERATION",
      "detail": "YoY growth: +3.1% vs prior quarter YoY: -14.0% (accel: +17.1%)",
      "severity": "HIGH"
    },
    {
      "quarter": "2024-06 (Q2)",
      "signal": "YoY REVENUE GROWTH DECELERATION",
      "detail": "YoY growth: -14.0% vs prior quarter YoY: -1.0% (decel: -13.0%)",
      "severity": "WARNING"
    },
    {
      "quarter": "2024-03 (Q1)",
      "signal": "FCF MARGIN EXPANSION",
      "detail": "FCF margin: +12.8% -> +18.4% (+5.7%)",
      "severity": "MEDIUM"
    },
    {
      "quarter": "2023-12 (Q4)",
      "signal": "FCF TURNED POSITIVE",
      "detail": "FCF margin: -7.2% -> +12.8%",
      "severity": "HIGH"
    },
    {
      "quarter": "2023-09 (Q3)",
      "signal": "YoY REVENUE GROWTH ACCELERATION",
      "detail": "YoY growth: +0.8% vs prior quarter YoY: -9.0% (accel: +9.9%)",
      "severity": "MEDIUM"
    },
    {
      "quarter": "2023-06 (Q2)",
      "signal": "YoY REVENUE GROWTH DECELERATION",
      "detail": "YoY growth: -9.0% vs prior quarter YoY: -1.8% (decel: -7.2%)",
      "severity": "WARNING"
    },
    {
      "quarter": "2023-03 (Q1)",
      "signal": "FCF MARGIN EXPANSION",
      "detail": "FCF margin: +3.1% -> +15.4% (+12.2%)",
      "severity": "MEDIUM"
    },
    {
      "quarter": "2023-03 (Q1)",
      "signal": "YoY REVENUE GROWTH ACCELERATION",
      "detail": "YoY growth: -1.8% vs prior quarter YoY: -7.2% (accel: +5.4%)",
      "severity": "MEDIUM"
    },
    {
      "quarter": "2022-12 (Q4)",
      "signal": "FCF TURNED POSITIVE",
      "detail": "FCF margin: -5.4% -> +3.1%",
      "severity": "HIGH"
    },
    {
      "quarter": "2022-12 (Q4)",
      "signal": "YoY REVENUE GROWTH DECELERATION",
      "detail": "YoY growth: -7.2% vs prior quarter YoY: -1.0% (decel: -6.3%)",
      "severity": "WARNING"
    },
    {
      "quarter": "2022-09 (Q3)",
      "signal": "YoY REVENUE GROWTH DECELERATION",
      "detail": "YoY growth: -1.0% vs prior quarter YoY: +7.3% (decel: -8.3%)",
      "severity": "WARNING"
    },
    {
      "quarter": "2022-03 (Q1)",
      "signal": "FCF MARGIN EXPANSION",
      "detail": "FCF margin: +9.4% -> +19.8% (+10.4%)",
      "severity": "MEDIUM"
    },
    {
      "quarter": "2022-03 (Q1)",
      "signal": "YoY REVENUE GROWTH DECELERATION",
      "detail": "YoY growth: +6.7% vs prior quarter YoY: +12.6% (decel: -5.8%)",
      "severity": "WARNING"
    },
    {
      "quarter": "2021-12 (Q4)",
      "signal": "FCF TURNED POSITIVE",
      "detail": "FCF margin: -1.3% -> +9.4%",
      "severity": "HIGH"
    },
    {
      "quarter": "2021-03 (Q1)",
      "signal": "FCF MARGIN EXPANSION",
      "detail": "FCF margin: +10.3% -> +21.3% (+11.0%)",
      "severity": "MEDIUM"
    }
  ],
  "data_quality": {
    "n_quarters": 20,
    "coverage": {
      "revenue": [
        20,
        20
      ],
      "gross_profit": [
        0,
        20
      ],
      "op_income": [
        0,
        20
      ],
      "fcf": [
        16,
        20
      ]
    },
    "gaps": [],
    "warnings": [
      "gross_profit: no data",
      "op_income: no data"
    ]
  },
  "market_cap": null,
  "source": "SEC EDGAR",
  "last_updated": "2026-02-02T20:25:08.387139",
  "sector": "Communication Services",
  "industry": "Entertainment"
}