{
  "ticker": "NXDT-PA",
  "name": "NexPoint Diversified Real Estate Trust",
  "quarters": [
    {
      "date": "2022-09-30T00:00:00",
      "quarter_label": "2022-09 (Q3)",
      "revenue": 40763000,
      "gross_profit": null,
      "operating_income": 28043000,
      "net_income": -58987000,
      "opex": 12720000,
      "cogs": null,
      "rd": null,
      "sga": null,
      "fcf": 24551000,
      "ocf": 24551000,
      "capex": null,
      "gross_margin": null,
      "op_margin": 0.6879523096926135,
      "fcf_margin": 0.6022863871648308
    },
    {
      "date": "2023-03-31T00:00:00",
      "quarter_label": "2023-03 (Q1)",
      "revenue": 14866000,
      "gross_profit": null,
      "operating_income": 2328000,
      "net_income": -19521000,
      "opex": 12538000,
      "cogs": null,
      "rd": null,
      "sga": null,
      "fcf": 505000,
      "ocf": 505000,
      "capex": null,
      "gross_margin": null,
      "op_margin": 0.1565989506255886,
      "fcf_margin": 0.03397013318982914,
      "fcf_margin_change": -0.5683162539750017
    },
    {
      "date": "2023-06-30T00:00:00",
      "quarter_label": "2023-06 (Q2)",
      "revenue": 13880000,
      "gross_profit": null,
      "operating_income": 27000,
      "net_income": -13867000,
      "opex": 13853000,
      "cogs": null,
      "rd": null,
      "sga": null,
      "fcf": -21354000,
      "ocf": -21354000,
      "capex": null,
      "gross_margin": null,
      "op_margin": 0.0019452449567723344,
      "fcf_margin": -1.5384726224783862,
      "fcf_margin_change": -1.5724427556682155
    },
    {
      "date": "2023-09-30T00:00:00",
      "quarter_label": "2023-09 (Q3)",
      "revenue": 12364000,
      "gross_profit": null,
      "operating_income": -521000,
      "net_income": -67958000,
      "opex": 12885000,
      "cogs": null,
      "rd": null,
      "sga": null,
      "fcf": 2375000,
      "ocf": 2375000,
      "capex": null,
      "gross_margin": null,
      "op_margin": -0.04213846651569071,
      "fcf_margin": 0.19208993853121967,
      "incr_op_margin_yoy": 1.0058100637346385,
      "rev_growth_yoy": -0.6966857198930403,
      "fcf_margin_change": 1.7305625610096058
    },
    {
      "date": "2023-12-31T00:00:00",
      "quarter_label": "2023-12 (Q4)",
      "revenue": 22174000,
      "gross_profit": null,
      "operating_income": 9747000,
      "net_income": -15895000,
      "opex": 12427000,
      "cogs": null,
      "rd": null,
      "sga": null,
      "fcf": -5792000,
      "ocf": -5792000,
      "capex": null,
      "gross_margin": null,
      "op_margin": 0.43956886443582577,
      "fcf_margin": -0.26120681879678903,
      "op_leverage_ratio": Infinity,
      "fcf_margin_change": -0.45329675732800867
    },
    {
      "date": "2024-03-31T00:00:00",
      "quarter_label": "2024-03 (Q1)",
      "revenue": 12805000,
      "gross_profit": null,
      "operating_income": 269000,
      "net_income": -21548000,
      "opex": 12536000,
      "cogs": null,
      "rd": null,
      "sga": null,
      "fcf": -2555000,
      "ocf": -2555000,
      "capex": null,
      "gross_margin": null,
      "op_margin": 0.021007418976962126,
      "fcf_margin": -0.1995314330339711,
      "incr_op_margin_yoy": 0.9990295972828724,
      "rev_growth_yoy": -0.13863850396878785,
      "fcf_margin_change": 0.06167538576281792
    },
    {
      "date": "2024-06-30T00:00:00",
      "quarter_label": "2024-06 (Q2)",
      "revenue": 22274000,
      "gross_profit": null,
      "operating_income": 593000,
      "net_income": -9783000,
      "opex": 21681000,
      "cogs": null,
      "rd": null,
      "sga": null,
      "fcf": -5492000,
      "ocf": -5492000,
      "capex": null,
      "gross_margin": null,
      "op_margin": 0.0266229684834336,
      "fcf_margin": -0.24656550237945588,
      "incr_op_margin_yoy": 0.06742911603526329,
      "rev_growth_yoy": 0.6047550432276657,
      "rev_growth_yoy_accel": 0.7433935471964536,
      "op_leverage_ratio": 1.0136775013348436,
      "fcf_margin_change": -0.047034069345484764
    },
    {
      "date": "2024-09-30T00:00:00",
      "quarter_label": "2024-09 (Q3)",
      "revenue": 22216000,
      "gross_profit": null,
      "operating_income": -5946000,
      "net_income": -10037000,
      "opex": 28162000,
      "cogs": null,
      "rd": null,
      "sga": null,
      "fcf": 497000,
      "ocf": 497000,
      "capex": null,
      "gross_margin": null,
      "op_margin": -0.26764494058336336,
      "fcf_margin": 0.022371263953907095,
      "incr_op_margin_yoy": -0.5506496142915144,
      "rev_growth_yoy": 0.7968295050145584,
      "rev_growth_yoy_accel": 0.1920744617868927,
      "fcf_margin_change": 0.26893676633336294
    },
    {
      "date": "2024-12-31T00:00:00",
      "quarter_label": "2024-12 (Q4)",
      "revenue": 25927000,
      "gross_profit": null,
      "operating_income": 933000,
      "net_income": -8826000,
      "opex": 24994000,
      "cogs": null,
      "rd": null,
      "sga": null,
      "fcf": -4115000,
      "ocf": -4115000,
      "capex": null,
      "gross_margin": null,
      "op_margin": 0.03598565202298762,
      "fcf_margin": -0.15871485324179427,
      "incr_op_margin_yoy": -2.348521183053557,
      "rev_growth_yoy": 0.16925227744204924,
      "rev_growth_yoy_accel": -0.6275772275725091,
      "op_leverage_ratio": Infinity,
      "fcf_margin_change": -0.18108611719570136
    },
    {
      "date": "2025-03-31T00:00:00",
      "quarter_label": "2025-03 (Q1)",
      "revenue": 29074000,
      "gross_profit": null,
      "operating_income": 5532000,
      "net_income": -34318000,
      "opex": 23542000,
      "cogs": null,
      "rd": null,
      "sga": null,
      "fcf": 7076000,
      "ocf": 7076000,
      "capex": null,
      "gross_margin": null,
      "op_margin": 0.19027309623718786,
      "fcf_margin": 0.24337896402283826,
      "incr_op_margin_yoy": 0.32349867846825253,
      "rev_growth_yoy": 1.2705193283873486,
      "rev_growth_yoy_accel": 1.1012670509452993,
      "op_leverage_ratio": Infinity,
      "fcf_margin_change": 0.40209381726463256
    },
    {
      "date": "2025-06-30T00:00:00",
      "quarter_label": "2025-06 (Q2)",
      "revenue": 21034000,
      "gross_profit": null,
      "operating_income": -133000,
      "net_income": -45251000,
      "opex": 21167000,
      "cogs": null,
      "rd": null,
      "sga": null,
      "fcf": 75000,
      "ocf": 75000,
      "capex": null,
      "gross_margin": null,
      "op_margin": -0.006323095939906817,
      "fcf_margin": 0.0035656556052106113,
      "incr_op_margin_yoy": 0.5854838709677419,
      "rev_growth_yoy": -0.05567028822842776,
      "rev_growth_yoy_accel": -1.3261896166157763,
      "fcf_margin_change": -0.23981330841762766
    },
    {
      "date": "2025-09-30T00:00:00",
      "quarter_label": "2025-09 (Q3)",
      "revenue": 17459000,
      "gross_profit": null,
      "operating_income": -3329000,
      "net_income": -13687000,
      "opex": 20788000,
      "cogs": null,
      "rd": null,
      "sga": null,
      "fcf": 835000,
      "ocf": 835000,
      "capex": null,
      "gross_margin": null,
      "op_margin": -0.19067529640872902,
      "fcf_margin": 0.04782633598716994,
      "incr_op_margin_yoy": -0.5501366407399622,
      "rev_growth_yoy": -0.21412495498739648,
      "rev_growth_yoy_accel": -0.15845466675896872,
      "fcf_margin_change": 0.04426068038195933
    }
  ],
  "signals": [
    {
      "quarter": "2025-09 (Q3)",
      "signal": "YoY REVENUE GROWTH DECELERATION",
      "detail": "YoY growth: -21.4% vs prior quarter YoY: -5.6% (decel: -15.8%)",
      "severity": "WARNING"
    },
    {
      "quarter": "2025-06 (Q2)",
      "signal": "YoY REVENUE GROWTH DECELERATION",
      "detail": "YoY growth: -5.6% vs prior quarter YoY: +127.1% (decel: -132.6%)",
      "severity": "WARNING"
    },
    {
      "quarter": "2025-03 (Q1)",
      "signal": "FCF TURNED POSITIVE",
      "detail": "FCF margin: -15.9% -> +24.3%",
      "severity": "HIGH"
    },
    {
      "quarter": "2025-03 (Q1)",
      "signal": "YoY REVENUE GROWTH ACCELERATION",
      "detail": "YoY growth: +127.1% vs prior quarter YoY: +16.9% (accel: +110.1%)",
      "severity": "HIGH"
    },
    {
      "quarter": "2025-03 (Q1)",
      "signal": "INCREMENTAL MARGIN (YoY)",
      "detail": "YoY Incr OPM: +32.3% vs year-ago OPM: +2.1%",
      "severity": "HIGH"
    },
    {
      "quarter": "2024-12 (Q4)",
      "signal": "YoY REVENUE GROWTH DECELERATION",
      "detail": "YoY growth: +16.9% vs prior quarter YoY: +79.7% (decel: -62.8%)",
      "severity": "WARNING"
    },
    {
      "quarter": "2024-12 (Q4)",
      "signal": "OP MARGIN TURNED POSITIVE (QoQ)",
      "detail": "Op margin: -26.8% -> +3.6%",
      "severity": "HIGH"
    },
    {
      "quarter": "2024-09 (Q3)",
      "signal": "FCF TURNED POSITIVE",
      "detail": "FCF margin: -24.7% -> +2.2%",
      "severity": "HIGH"
    },
    {
      "quarter": "2024-09 (Q3)",
      "signal": "YoY REVENUE GROWTH ACCELERATION",
      "detail": "YoY growth: +79.7% vs prior quarter YoY: +60.5% (accel: +19.2%)",
      "severity": "HIGH"
    },
    {
      "quarter": "2024-06 (Q2)",
      "signal": "YoY REVENUE GROWTH ACCELERATION",
      "detail": "YoY growth: +60.5% vs prior quarter YoY: -13.9% (accel: +74.3%)",
      "severity": "HIGH"
    },
    {
      "quarter": "2024-03 (Q1)",
      "signal": "FCF MARGIN EXPANSION",
      "detail": "FCF margin: -26.1% -> -20.0% (+6.2%)",
      "severity": "MEDIUM"
    },
    {
      "quarter": "2024-03 (Q1)",
      "signal": "INCREMENTAL MARGIN (YoY)",
      "detail": "YoY Incr OPM: +99.9% vs year-ago OPM: +15.7%",
      "severity": "HIGH"
    },
    {
      "quarter": "2023-12 (Q4)",
      "signal": "OP MARGIN TURNED POSITIVE (QoQ)",
      "detail": "Op margin: -4.2% -> +44.0%",
      "severity": "HIGH"
    },
    {
      "quarter": "2023-09 (Q3)",
      "signal": "FCF TURNED POSITIVE",
      "detail": "FCF margin: -153.8% -> +19.2%",
      "severity": "HIGH"
    }
  ],
  "data_quality": {
    "n_quarters": 12,
    "coverage": {
      "revenue": [
        12,
        12
      ],
      "gross_profit": [
        0,
        12
      ],
      "op_income": [
        12,
        12
      ],
      "fcf": [
        12,
        12
      ]
    },
    "gaps": [
      [
        "2022-09 (Q3)",
        "2023-03 (Q1)",
        182
      ]
    ],
    "warnings": [
      "gross_profit: no data",
      "gap: 1Q missing between 2022-09 (Q3) and 2023-03 (Q1)"
    ]
  },
  "market_cap": null,
  "source": "SEC EDGAR",
  "last_updated": "2026-02-03T01:09:42.401897"
}