{
  "ticker": "NXRT",
  "name": "NexPoint Residential Trust, Inc.",
  "quarters": [
    {
      "date": "2020-12-31T00:00:00",
      "quarter_label": "2020-12 (Q4)",
      "revenue": 50547000,
      "gross_profit": null,
      "operating_income": 4512000,
      "net_income": -4199000,
      "opex": 46036000,
      "cogs": null,
      "rd": null,
      "sga": null,
      "fcf": 10702000,
      "ocf": 10702000,
      "capex": null,
      "gross_margin": null,
      "op_margin": 0.0892634577719746,
      "fcf_margin": 0.2117237422596791
    },
    {
      "date": "2021-03-31T00:00:00",
      "quarter_label": "2021-03 (Q1)",
      "revenue": 51796000,
      "gross_profit": null,
      "operating_income": 3248000,
      "net_income": -6879000,
      "opex": 48548000,
      "cogs": null,
      "rd": null,
      "sga": null,
      "fcf": 13744000,
      "ocf": 13744000,
      "capex": null,
      "gross_margin": null,
      "op_margin": 0.06270754498416867,
      "fcf_margin": 0.26534867557340336,
      "op_leverage_ratio": 0.4528402272766508,
      "fcf_margin_change": 0.053624933313724255
    },
    {
      "date": "2021-06-30T00:00:00",
      "quarter_label": "2021-06 (Q2)",
      "revenue": 52563000,
      "gross_profit": null,
      "operating_income": 4742000,
      "net_income": -3408000,
      "opex": 47821000,
      "cogs": null,
      "rd": null,
      "sga": null,
      "fcf": 17206000,
      "ocf": 17206000,
      "capex": null,
      "gross_margin": null,
      "op_margin": 0.09021555086277419,
      "fcf_margin": 0.3273405247036889,
      "op_leverage_ratio": Infinity,
      "fcf_margin_change": 0.06199184913028555
    },
    {
      "date": "2021-09-30T00:00:00",
      "quarter_label": "2021-09 (Q3)",
      "revenue": 56384000,
      "gross_profit": null,
      "operating_income": 5559000,
      "net_income": -5391000,
      "opex": 50825000,
      "cogs": null,
      "rd": null,
      "sga": null,
      "fcf": 26964000,
      "ocf": 26964000,
      "capex": null,
      "gross_margin": null,
      "op_margin": 0.09859179909194098,
      "fcf_margin": 0.47822077185017026,
      "op_leverage_ratio": 1.1572191678273436,
      "fcf_margin_change": 0.15088024714648135
    },
    {
      "date": "2021-12-31T00:00:00",
      "quarter_label": "2021-12 (Q4)",
      "revenue": 58497000,
      "gross_profit": null,
      "operating_income": 50873000,
      "net_income": 38715000,
      "opex": 53838000,
      "cogs": null,
      "rd": null,
      "sga": null,
      "fcf": 15354000,
      "ocf": 15354000,
      "capex": null,
      "gross_margin": null,
      "op_margin": 0.869668530010086,
      "fcf_margin": 0.262474998717883,
      "incr_op_margin_yoy": 5.831572327044025,
      "rev_growth_yoy": 0.15727936376046056,
      "op_leverage_ratio": 0.6321525152733916,
      "fcf_margin_change": -0.21574577313228727
    },
    {
      "date": "2022-03-31T00:00:00",
      "quarter_label": "2022-03 (Q1)",
      "revenue": 60786000,
      "gross_profit": null,
      "operating_income": 5660000,
      "net_income": -4653000,
      "opex": 55126000,
      "cogs": null,
      "rd": null,
      "sga": null,
      "fcf": 8682000,
      "ocf": 8682000,
      "capex": null,
      "gross_margin": null,
      "op_margin": 0.09311354588227552,
      "fcf_margin": 0.14282894087454348,
      "incr_op_margin_yoy": 0.2682981090100111,
      "rev_growth_yoy": 0.17356552629546684,
      "rev_growth_yoy_accel": 0.016286162535006282,
      "op_leverage_ratio": 1.6356307012399744,
      "fcf_margin_change": -0.11964605784333951
    },
    {
      "date": "2022-06-30T00:00:00",
      "quarter_label": "2022-06 (Q2)",
      "revenue": 65766000,
      "gross_profit": null,
      "operating_income": 4199000,
      "net_income": -7797000,
      "opex": 61567000,
      "cogs": null,
      "rd": null,
      "sga": null,
      "fcf": 30003000,
      "ocf": 30003000,
      "capex": null,
      "gross_margin": null,
      "op_margin": 0.06384758081683545,
      "fcf_margin": 0.4562083751482529,
      "incr_op_margin_yoy": -0.041127016587139284,
      "rev_growth_yoy": 0.2511842931339535,
      "rev_growth_yoy_accel": 0.07761876683848667,
      "op_leverage_ratio": 0.7011790935423486,
      "fcf_margin_change": 0.3133794342737094
    },
    {
      "date": "2022-09-30T00:00:00",
      "quarter_label": "2022-09 (Q3)",
      "revenue": 68051000,
      "gross_profit": null,
      "operating_income": 10969000,
      "net_income": -597000,
      "opex": 57082000,
      "cogs": null,
      "rd": null,
      "sga": null,
      "fcf": 30897000,
      "ocf": 30897000,
      "capex": null,
      "gross_margin": null,
      "op_margin": 0.1611879325799768,
      "fcf_margin": 0.4540271267137882,
      "incr_op_margin_yoy": 0.46370103711322536,
      "rev_growth_yoy": 0.20692040295119182,
      "rev_growth_yoy_accel": -0.044263890182761695,
      "op_leverage_ratio": Infinity,
      "fcf_margin_change": -0.002181248434464711
    },
    {
      "date": "2022-12-31T00:00:00",
      "quarter_label": "2022-12 (Q4)",
      "revenue": 69349000,
      "gross_profit": null,
      "operating_income": 25425000,
      "net_income": 3787000,
      "opex": 58608000,
      "cogs": null,
      "rd": null,
      "sga": null,
      "fcf": 9514000,
      "ocf": 9514000,
      "capex": null,
      "gross_margin": null,
      "op_margin": 0.3666238878714906,
      "fcf_margin": 0.13719015414786082,
      "incr_op_margin_yoy": -2.3450055289347587,
      "rev_growth_yoy": 0.1855137870318136,
      "rev_growth_yoy_accel": -0.02140661591937823,
      "op_leverage_ratio": 0.7134849695355112,
      "fcf_margin_change": -0.31683697256592736
    },
    {
      "date": "2023-03-31T00:00:00",
      "quarter_label": "2023-03 (Q1)",
      "revenue": 69227000,
      "gross_profit": null,
      "operating_income": 13122000,
      "net_income": -3883000,
      "opex": 56105000,
      "cogs": null,
      "rd": null,
      "sga": null,
      "fcf": 27923000,
      "ocf": 27923000,
      "capex": null,
      "gross_margin": null,
      "op_margin": 0.18955031996186458,
      "fcf_margin": 0.4033541826166091,
      "incr_op_margin_yoy": 0.884018481222604,
      "rev_growth_yoy": 0.13886421215411443,
      "rev_growth_yoy_accel": -0.04664957487769916,
      "fcf_margin_change": 0.2661640284687483
    },
    {
      "date": "2023-06-30T00:00:00",
      "quarter_label": "2023-06 (Q2)",
      "revenue": 69569000,
      "gross_profit": null,
      "operating_income": 10047000,
      "net_income": -3953000,
      "opex": 59522000,
      "cogs": null,
      "rd": null,
      "sga": null,
      "fcf": 25992000,
      "ocf": 25992000,
      "capex": null,
      "gross_margin": null,
      "op_margin": 0.1444177722836321,
      "fcf_margin": 0.3736146847015194,
      "incr_op_margin_yoy": 1.5377333683933736,
      "rev_growth_yoy": 0.05782623239972022,
      "rev_growth_yoy_accel": -0.08103797975439421,
      "fcf_margin_change": -0.02973949791508973
    },
    {
      "date": "2023-09-30T00:00:00",
      "quarter_label": "2023-09 (Q3)",
      "revenue": 69838000,
      "gross_profit": null,
      "operating_income": 53459000,
      "net_income": 33749000,
      "opex": 59469000,
      "cogs": null,
      "rd": null,
      "sga": null,
      "fcf": 27843000,
      "ocf": 27843000,
      "capex": null,
      "gross_margin": null,
      "op_margin": 0.7654715198029726,
      "fcf_margin": 0.39867980182708557,
      "incr_op_margin_yoy": 23.77728035814214,
      "rev_growth_yoy": 0.026259716976973154,
      "rev_growth_yoy_accel": -0.03156651542274706,
      "fcf_margin_change": 0.025065117125566194
    },
    {
      "date": "2023-12-31T00:00:00",
      "quarter_label": "2023-12 (Q4)",
      "revenue": 68892000,
      "gross_profit": null,
      "operating_income": 36550000,
      "net_income": 18351000,
      "opex": 57178000,
      "cogs": null,
      "rd": null,
      "sga": null,
      "fcf": 14823000,
      "ocf": 14823000,
      "capex": null,
      "gross_margin": null,
      "op_margin": 0.5305405562329443,
      "fcf_margin": 0.21516286361261105,
      "rev_growth_yoy": -0.006589857099597687,
      "rev_growth_yoy_accel": -0.03284957407657084,
      "fcf_margin_change": -0.1835169382144745
    },
    {
      "date": "2024-03-31T00:00:00",
      "quarter_label": "2024-03 (Q1)",
      "revenue": 67577000,
      "gross_profit": null,
      "operating_income": 40991000,
      "net_income": 26298000,
      "opex": 58295000,
      "cogs": null,
      "rd": null,
      "sga": null,
      "fcf": 19687000,
      "ocf": 19687000,
      "capex": null,
      "gross_margin": null,
      "op_margin": 0.6065821211358894,
      "fcf_margin": 0.29132693076046584,
      "incr_op_margin_yoy": -16.89030303030303,
      "rev_growth_yoy": -0.02383463099657648,
      "rev_growth_yoy_accel": -0.017244773896978795,
      "fcf_margin_change": 0.07616406714785479
    },
    {
      "date": "2024-06-30T00:00:00",
      "quarter_label": "2024-06 (Q2)",
      "revenue": 64238000,
      "gross_profit": null,
      "operating_income": 25482000,
      "net_income": 10596000,
      "opex": 57442000,
      "cogs": null,
      "rd": null,
      "sga": null,
      "fcf": 19659000,
      "ocf": 19659000,
      "capex": null,
      "gross_margin": null,
      "op_margin": 0.3966810921884243,
      "fcf_margin": 0.30603381176250816,
      "incr_op_margin_yoy": -2.895329206527856,
      "rev_growth_yoy": -0.07662895830039242,
      "rev_growth_yoy_accel": -0.05279432730381593,
      "fcf_margin_change": 0.014706881002042316
    },
    {
      "date": "2024-09-30T00:00:00",
      "quarter_label": "2024-09 (Q3)",
      "revenue": 64095000,
      "gross_profit": null,
      "operating_income": 5579000,
      "net_income": -8853000,
      "opex": 58516000,
      "cogs": null,
      "rd": null,
      "sga": null,
      "fcf": 27798000,
      "ocf": 27798000,
      "capex": null,
      "gross_margin": null,
      "op_margin": 0.08704267103518215,
      "fcf_margin": 0.43369997659723847,
      "incr_op_margin_yoy": 8.337106042138256,
      "rev_growth_yoy": -0.08223316818923795,
      "rev_growth_yoy_accel": -0.005604209888845538,
      "fcf_margin_change": 0.1276661648347303
    },
    {
      "date": "2024-12-31T00:00:00",
      "quarter_label": "2024-12 (Q4)",
      "revenue": 63791000,
      "gross_profit": null,
      "operating_income": 11508000,
      "net_income": -26931000,
      "opex": 56134000,
      "cogs": null,
      "rd": null,
      "sga": null,
      "fcf": 6429000,
      "ocf": 6429000,
      "capex": null,
      "gross_margin": null,
      "op_margin": 0.18040162405354987,
      "fcf_margin": 0.10078224200906084,
      "incr_op_margin_yoy": 4.90923348363066,
      "rev_growth_yoy": -0.07404343029669627,
      "rev_growth_yoy_accel": 0.008189737892541682,
      "fcf_margin_change": -0.33291773458817764
    },
    {
      "date": "2025-03-31T00:00:00",
      "quarter_label": "2025-03 (Q1)",
      "revenue": 63216000,
      "gross_profit": null,
      "operating_income": 7423000,
      "net_income": -6897000,
      "opex": 55793000,
      "cogs": null,
      "rd": null,
      "sga": null,
      "fcf": 28322000,
      "ocf": 28322000,
      "capex": null,
      "gross_margin": null,
      "op_margin": 0.11742280435332828,
      "fcf_margin": 0.4480194887370286,
      "incr_op_margin_yoy": 7.69731712909883,
      "rev_growth_yoy": -0.06453379108276484,
      "rev_growth_yoy_accel": 0.009509639213931428,
      "fcf_margin_change": 0.3472372467279678
    },
    {
      "date": "2025-06-30T00:00:00",
      "quarter_label": "2025-06 (Q2)",
      "revenue": 63149000,
      "gross_profit": null,
      "operating_income": 7903000,
      "net_income": -7033000,
      "opex": 55246000,
      "cogs": null,
      "rd": null,
      "sga": null,
      "fcf": 19880000,
      "ocf": 19880000,
      "capex": null,
      "gross_margin": null,
      "op_margin": 0.12514845840789243,
      "fcf_margin": 0.3148110025495257,
      "incr_op_margin_yoy": 16.142332415059688,
      "rev_growth_yoy": -0.016952582583517544,
      "rev_growth_yoy_accel": 0.047581208499247296,
      "fcf_margin_change": -0.13320848618750292
    },
    {
      "date": "2025-09-30T00:00:00",
      "quarter_label": "2025-09 (Q3)",
      "revenue": 62829000,
      "gross_profit": null,
      "operating_income": 7419000,
      "net_income": -7790000,
      "opex": 55410000,
      "cogs": null,
      "rd": null,
      "sga": null,
      "fcf": 29295000,
      "ocf": 29295000,
      "capex": null,
      "gross_margin": null,
      "op_margin": 0.11808241417179964,
      "fcf_margin": 0.4662655779974216,
      "incr_op_margin_yoy": -1.4533965244865719,
      "rev_growth_yoy": -0.019751930727825884,
      "rev_growth_yoy_accel": -0.0027993481443083397,
      "fcf_margin_change": 0.15145457544789587
    }
  ],
  "signals": [
    {
      "quarter": "2025-09 (Q3)",
      "signal": "FCF MARGIN EXPANSION",
      "detail": "FCF margin: +31.5% -> +46.6% (+15.1%)",
      "severity": "MEDIUM"
    },
    {
      "quarter": "2025-06 (Q2)",
      "signal": "INCREMENTAL MARGIN (YoY)",
      "detail": "YoY Incr OPM: +1614.2% vs year-ago OPM: +39.7%",
      "severity": "HIGH"
    },
    {
      "quarter": "2025-03 (Q1)",
      "signal": "FCF MARGIN EXPANSION",
      "detail": "FCF margin: +10.1% -> +44.8% (+34.7%)",
      "severity": "MEDIUM"
    },
    {
      "quarter": "2025-03 (Q1)",
      "signal": "INCREMENTAL MARGIN (YoY)",
      "detail": "YoY Incr OPM: +769.7% vs year-ago OPM: +60.7%",
      "severity": "HIGH"
    },
    {
      "quarter": "2024-12 (Q4)",
      "signal": "INCREMENTAL MARGIN (YoY)",
      "detail": "YoY Incr OPM: +490.9% vs year-ago OPM: +53.1%",
      "severity": "HIGH"
    },
    {
      "quarter": "2024-09 (Q3)",
      "signal": "FCF MARGIN EXPANSION",
      "detail": "FCF margin: +30.6% -> +43.4% (+12.8%)",
      "severity": "MEDIUM"
    },
    {
      "quarter": "2024-09 (Q3)",
      "signal": "INCREMENTAL MARGIN (YoY)",
      "detail": "YoY Incr OPM: +833.7% vs year-ago OPM: +76.5%",
      "severity": "HIGH"
    },
    {
      "quarter": "2024-06 (Q2)",
      "signal": "YoY REVENUE GROWTH DECELERATION",
      "detail": "YoY growth: -7.7% vs prior quarter YoY: -2.4% (decel: -5.3%)",
      "severity": "WARNING"
    },
    {
      "quarter": "2024-03 (Q1)",
      "signal": "FCF MARGIN EXPANSION",
      "detail": "FCF margin: +21.5% -> +29.1% (+7.6%)",
      "severity": "MEDIUM"
    },
    {
      "quarter": "2023-09 (Q3)",
      "signal": "INCREMENTAL MARGIN (YoY)",
      "detail": "YoY Incr OPM: +2377.7% vs year-ago OPM: +16.1%",
      "severity": "HIGH"
    },
    {
      "quarter": "2023-06 (Q2)",
      "signal": "YoY REVENUE GROWTH DECELERATION",
      "detail": "YoY growth: +5.8% vs prior quarter YoY: +13.9% (decel: -8.1%)",
      "severity": "WARNING"
    },
    {
      "quarter": "2023-06 (Q2)",
      "signal": "INCREMENTAL MARGIN (YoY)",
      "detail": "YoY Incr OPM: +153.8% vs year-ago OPM: +6.4%",
      "severity": "HIGH"
    },
    {
      "quarter": "2023-03 (Q1)",
      "signal": "FCF MARGIN EXPANSION",
      "detail": "FCF margin: +13.7% -> +40.3% (+26.6%)",
      "severity": "MEDIUM"
    },
    {
      "quarter": "2023-03 (Q1)",
      "signal": "INCREMENTAL MARGIN (YoY)",
      "detail": "YoY Incr OPM: +88.4% vs year-ago OPM: +9.3%",
      "severity": "HIGH"
    },
    {
      "quarter": "2022-09 (Q3)",
      "signal": "INCREMENTAL MARGIN (YoY)",
      "detail": "YoY Incr OPM: +46.4% vs year-ago OPM: +9.9%",
      "severity": "HIGH"
    },
    {
      "quarter": "2022-06 (Q2)",
      "signal": "FCF MARGIN EXPANSION",
      "detail": "FCF margin: +14.3% -> +45.6% (+31.3%)",
      "severity": "MEDIUM"
    },
    {
      "quarter": "2022-06 (Q2)",
      "signal": "YoY REVENUE GROWTH ACCELERATION",
      "detail": "YoY growth: +25.1% vs prior quarter YoY: +17.4% (accel: +7.8%)",
      "severity": "MEDIUM"
    },
    {
      "quarter": "2022-03 (Q1)",
      "signal": "OPERATING LEVERAGE",
      "detail": "Rev growth +3.9% vs OpEx growth +2.4% (leverage: 1.6x)",
      "severity": "MEDIUM"
    },
    {
      "quarter": "2022-03 (Q1)",
      "signal": "INCREMENTAL MARGIN (YoY)",
      "detail": "YoY Incr OPM: +26.8% vs year-ago OPM: +6.3%",
      "severity": "HIGH"
    },
    {
      "quarter": "2021-12 (Q4)",
      "signal": "INCREMENTAL MARGIN (YoY)",
      "detail": "YoY Incr OPM: +583.2% vs year-ago OPM: +8.9%",
      "severity": "HIGH"
    },
    {
      "quarter": "2021-09 (Q3)",
      "signal": "FCF MARGIN EXPANSION",
      "detail": "FCF margin: +32.7% -> +47.8% (+15.1%)",
      "severity": "MEDIUM"
    },
    {
      "quarter": "2021-06 (Q2)",
      "signal": "FCF MARGIN EXPANSION",
      "detail": "FCF margin: +26.5% -> +32.7% (+6.2%)",
      "severity": "MEDIUM"
    },
    {
      "quarter": "2021-03 (Q1)",
      "signal": "FCF MARGIN EXPANSION",
      "detail": "FCF margin: +21.2% -> +26.5% (+5.4%)",
      "severity": "MEDIUM"
    }
  ],
  "data_quality": {
    "n_quarters": 20,
    "coverage": {
      "revenue": [
        20,
        20
      ],
      "gross_profit": [
        0,
        20
      ],
      "op_income": [
        20,
        20
      ],
      "fcf": [
        20,
        20
      ]
    },
    "gaps": [],
    "warnings": [
      "gross_profit: no data"
    ]
  },
  "market_cap": null,
  "source": "SEC EDGAR",
  "last_updated": "2026-02-02T21:46:51.039129",
  "sector": "Real Estate",
  "industry": "REIT - Residential"
}