{
  "ticker": "NXST",
  "name": "NEXSTAR MEDIA GROUP, INC.",
  "quarters": [
    {
      "date": "2020-12-31T00:00:00",
      "quarter_label": "2020-12 (Q4)",
      "revenue": 1376611000,
      "gross_profit": null,
      "operating_income": 530531000,
      "net_income": 364247000,
      "opex": 846080000,
      "cogs": null,
      "rd": null,
      "sga": 273886000,
      "fcf": 329862000,
      "ocf": 376712000,
      "capex": -46850000,
      "gross_margin": null,
      "op_margin": 0.3853891912820688,
      "fcf_margin": 0.23961889015851245
    },
    {
      "date": "2021-03-31T00:00:00",
      "quarter_label": "2021-03 (Q1)",
      "revenue": 1113931000,
      "gross_profit": null,
      "operating_income": 284920000,
      "net_income": 200907000,
      "opex": 829011000,
      "cogs": null,
      "rd": null,
      "sga": 243437000,
      "fcf": 416200000,
      "ocf": 448300000,
      "capex": -32100000,
      "gross_margin": null,
      "op_margin": 0.2557788588341648,
      "fcf_margin": 0.37363175995640663,
      "fcf_margin_change": 0.13401286979789417
    },
    {
      "date": "2021-06-30T00:00:00",
      "quarter_label": "2021-06 (Q2)",
      "revenue": 1131590000,
      "gross_profit": null,
      "operating_income": 288328000,
      "net_income": 200104000,
      "opex": 843262000,
      "cogs": null,
      "rd": null,
      "sga": 242510000,
      "fcf": 112500000,
      "ocf": 147300000,
      "capex": -34800000,
      "gross_margin": null,
      "op_margin": 0.25479899963767794,
      "fcf_margin": 0.09941763359520675,
      "op_leverage_ratio": 0.9221950131111841,
      "fcf_margin_change": -0.2742141263611999
    },
    {
      "date": "2021-09-30T00:00:00",
      "quarter_label": "2021-09 (Q3)",
      "revenue": 1157012000,
      "gross_profit": null,
      "operating_income": 277379000,
      "net_income": 169564000,
      "opex": 879633000,
      "cogs": null,
      "rd": null,
      "sga": 258194000,
      "fcf": 247900000,
      "ocf": 286000000,
      "capex": -38100000,
      "gross_margin": null,
      "op_margin": 0.23973735795307222,
      "fcf_margin": 0.21425879766156272,
      "op_leverage_ratio": 0.5208682695337206,
      "fcf_margin_change": 0.11484116406635597
    },
    {
      "date": "2021-12-31T00:00:00",
      "quarter_label": "2021-12 (Q4)",
      "revenue": 1245838000,
      "gross_profit": null,
      "operating_income": 324766000,
      "net_income": 263993000,
      "opex": 921072000,
      "cogs": null,
      "rd": null,
      "sga": 280106000,
      "fcf": 287400000,
      "ocf": 333400000,
      "capex": -46000000,
      "gross_margin": null,
      "op_margin": 0.2606807626673773,
      "fcf_margin": 0.23068809909474586,
      "incr_op_margin_yoy": 1.5734517063919922,
      "rev_growth_yoy": -0.09499633520290046,
      "op_leverage_ratio": 1.62965055726394,
      "fcf_margin_change": 0.016429301433183136
    },
    {
      "date": "2022-03-31T00:00:00",
      "quarter_label": "2022-03 (Q1)",
      "revenue": 1210100000,
      "gross_profit": null,
      "operating_income": 329400000,
      "net_income": 251600000,
      "opex": 880700000,
      "cogs": null,
      "rd": null,
      "sga": 247800000,
      "fcf": 490000000,
      "ocf": 519000000,
      "capex": -29000000,
      "gross_margin": null,
      "op_margin": 0.2722089083546814,
      "fcf_margin": 0.40492521279233123,
      "incr_op_margin_yoy": 0.46251910698873855,
      "rev_growth_yoy": 0.08633299549074404,
      "rev_growth_yoy_accel": 0.18132933069364449,
      "fcf_margin_change": 0.17423711369758538
    },
    {
      "date": "2022-06-30T00:00:00",
      "quarter_label": "2022-06 (Q2)",
      "revenue": 1245100000,
      "gross_profit": null,
      "operating_income": 333400000,
      "net_income": 227500000,
      "opex": 911700000,
      "cogs": null,
      "rd": null,
      "sga": 266600000,
      "fcf": 256000000,
      "ocf": 290000000,
      "capex": -34000000,
      "gross_margin": null,
      "op_margin": 0.2677696570556582,
      "fcf_margin": 0.20560597542366074,
      "incr_op_margin_yoy": 0.3970751475640913,
      "rev_growth_yoy": 0.10031018301681704,
      "rev_growth_yoy_accel": 0.013977187526073007,
      "op_leverage_ratio": 0.8216996195995533,
      "fcf_margin_change": -0.1993192373686705
    },
    {
      "date": "2022-09-30T00:00:00",
      "quarter_label": "2022-09 (Q3)",
      "revenue": 1269100000,
      "gross_profit": null,
      "operating_income": 355300000,
      "net_income": 288700000,
      "opex": 913800000,
      "cogs": null,
      "rd": null,
      "sga": 260800000,
      "fcf": 339000000,
      "ocf": 376000000,
      "capex": -37000000,
      "gross_margin": null,
      "op_margin": 0.2799621779213616,
      "fcf_margin": 0.2671184303837365,
      "incr_op_margin_yoy": 0.6951770037827422,
      "rev_growth_yoy": 0.09687712832710464,
      "rev_growth_yoy_accel": -0.003433054689712403,
      "op_leverage_ratio": 8.368346776506764,
      "fcf_margin_change": 0.06151245496007576
    },
    {
      "date": "2022-12-31T00:00:00",
      "quarter_label": "2022-12 (Q4)",
      "revenue": 1486700000,
      "gross_profit": null,
      "operating_income": 294000000,
      "net_income": 203300000,
      "opex": 1192700000,
      "cogs": null,
      "rd": null,
      "sga": 326700000,
      "fcf": 161000000,
      "ocf": 218000000,
      "capex": -57000000,
      "gross_margin": null,
      "op_margin": 0.19775341360059193,
      "fcf_margin": 0.10829353601937176,
      "incr_op_margin_yoy": -0.12773289269374163,
      "rev_growth_yoy": 0.19333332263103228,
      "rev_growth_yoy_accel": 0.09645619430392764,
      "op_leverage_ratio": 0.5617792401732223,
      "fcf_margin_change": -0.15882489436436475
    },
    {
      "date": "2023-03-31T00:00:00",
      "quarter_label": "2023-03 (Q1)",
      "revenue": 1257000000,
      "gross_profit": null,
      "operating_income": 204000000,
      "net_income": 111000000,
      "opex": 1053000000,
      "cogs": null,
      "rd": null,
      "sga": 266000000,
      "fcf": 458000000,
      "ocf": 494000000,
      "capex": -36000000,
      "gross_margin": null,
      "op_margin": 0.162291169451074,
      "fcf_margin": 0.3643595863166269,
      "incr_op_margin_yoy": -2.673773987206823,
      "rev_growth_yoy": 0.038757127510123134,
      "rev_growth_yoy_accel": -0.15457619512090914,
      "fcf_margin_change": 0.25606605029725515
    },
    {
      "date": "2023-06-30T00:00:00",
      "quarter_label": "2023-06 (Q2)",
      "revenue": 1240000000,
      "gross_profit": null,
      "operating_income": 179000000,
      "net_income": 96000000,
      "opex": 1061000000,
      "cogs": null,
      "rd": null,
      "sga": 262000000,
      "fcf": 144000000,
      "ocf": 185000000,
      "capex": -41000000,
      "gross_margin": null,
      "op_margin": 0.1443548387096774,
      "fcf_margin": 0.11612903225806452,
      "incr_op_margin_yoy": 30.274509803921568,
      "rev_growth_yoy": -0.004096056541643241,
      "rev_growth_yoy_accel": -0.04285318405176637,
      "fcf_margin_change": -0.24823055405856237
    },
    {
      "date": "2023-09-30T00:00:00",
      "quarter_label": "2023-09 (Q3)",
      "revenue": 1132000000,
      "gross_profit": null,
      "operating_income": 94000000,
      "net_income": 25000000,
      "opex": 1038000000,
      "cogs": null,
      "rd": null,
      "sga": 281000000,
      "fcf": 102000000,
      "ocf": 138000000,
      "capex": -36000000,
      "gross_margin": null,
      "op_margin": 0.08303886925795052,
      "fcf_margin": 0.09010600706713781,
      "incr_op_margin_yoy": 1.9059080962800876,
      "rev_growth_yoy": -0.10802931211094477,
      "rev_growth_yoy_accel": -0.10393325556930152,
      "fcf_margin_change": -0.02602302519092671
    },
    {
      "date": "2023-12-31T00:00:00",
      "quarter_label": "2023-12 (Q4)",
      "revenue": 1304000000,
      "gross_profit": null,
      "operating_income": 231000000,
      "net_income": 114000000,
      "opex": 1073000000,
      "cogs": null,
      "rd": null,
      "sga": 288000000,
      "fcf": 146000000,
      "ocf": 182000000,
      "capex": -36000000,
      "gross_margin": null,
      "op_margin": 0.17714723926380369,
      "fcf_margin": 0.11196319018404909,
      "incr_op_margin_yoy": 0.3448275862068966,
      "rev_growth_yoy": -0.12288962130893927,
      "rev_growth_yoy_accel": -0.014860309197994498,
      "op_leverage_ratio": 4.506208985360929,
      "fcf_margin_change": 0.021857183116911275
    },
    {
      "date": "2024-03-31T00:00:00",
      "quarter_label": "2024-03 (Q1)",
      "revenue": 1284000000,
      "gross_profit": null,
      "operating_income": 275000000,
      "net_income": 175000000,
      "opex": 1009000000,
      "cogs": null,
      "rd": null,
      "sga": 271000000,
      "fcf": 232000000,
      "ocf": 276000000,
      "capex": -44000000,
      "gross_margin": null,
      "op_margin": 0.21417445482866043,
      "fcf_margin": 0.1806853582554517,
      "incr_op_margin_yoy": 2.6296296296296298,
      "rev_growth_yoy": 0.021479713603818614,
      "rev_growth_yoy_accel": 0.14436933491275789,
      "fcf_margin_change": 0.06872216807140262
    },
    {
      "date": "2024-06-30T00:00:00",
      "quarter_label": "2024-06 (Q2)",
      "revenue": 1269000000,
      "gross_profit": null,
      "operating_income": 240000000,
      "net_income": 118000000,
      "opex": 1029000000,
      "cogs": null,
      "rd": null,
      "sga": 269000000,
      "fcf": 139000000,
      "ocf": 176000000,
      "capex": -37000000,
      "gross_margin": null,
      "op_margin": 0.18912529550827423,
      "fcf_margin": 0.1095350669818755,
      "incr_op_margin_yoy": 2.103448275862069,
      "rev_growth_yoy": 0.02338709677419355,
      "rev_growth_yoy_accel": 0.001907383170374935,
      "fcf_margin_change": -0.07115029127357621
    },
    {
      "date": "2024-09-30T00:00:00",
      "quarter_label": "2024-09 (Q3)",
      "revenue": 1366000000,
      "gross_profit": null,
      "operating_income": 335000000,
      "net_income": 187000000,
      "opex": 1031000000,
      "cogs": null,
      "rd": null,
      "sga": 278000000,
      "fcf": 358000000,
      "ocf": 387000000,
      "capex": -29000000,
      "gross_margin": null,
      "op_margin": 0.2452415812591508,
      "fcf_margin": 0.26207906295754024,
      "incr_op_margin_yoy": 1.0299145299145298,
      "rev_growth_yoy": 0.2067137809187279,
      "rev_growth_yoy_accel": 0.18332668414453437,
      "op_leverage_ratio": 39.3274231678487,
      "fcf_margin_change": 0.15254399597566476
    },
    {
      "date": "2024-12-31T00:00:00",
      "quarter_label": "2024-12 (Q4)",
      "revenue": 1487000000,
      "gross_profit": null,
      "operating_income": 417000000,
      "net_income": 242000000,
      "opex": 1070000000,
      "cogs": null,
      "rd": null,
      "sga": 270000000,
      "fcf": 376000000,
      "ocf": 411000000,
      "capex": -35000000,
      "gross_margin": null,
      "op_margin": 0.2804303967720242,
      "fcf_margin": 0.2528581035642233,
      "incr_op_margin_yoy": 1.0163934426229508,
      "rev_growth_yoy": 0.14033742331288343,
      "rev_growth_yoy_accel": -0.06637635760584448,
      "op_leverage_ratio": 2.341686376093404,
      "fcf_margin_change": -0.009220959393316963
    },
    {
      "date": "2025-03-31T00:00:00",
      "quarter_label": "2025-03 (Q1)",
      "revenue": 1234000000,
      "gross_profit": null,
      "operating_income": 220000000,
      "net_income": 108000000,
      "opex": 1014000000,
      "cogs": null,
      "rd": null,
      "sga": 257000000,
      "fcf": 302000000,
      "ocf": 337000000,
      "capex": -35000000,
      "gross_margin": null,
      "op_margin": 0.17828200972447325,
      "fcf_margin": 0.24473257698541329,
      "incr_op_margin_yoy": 1.1,
      "rev_growth_yoy": -0.03894080996884735,
      "rev_growth_yoy_accel": -0.1792782332817308,
      "fcf_margin_change": -0.008125526578809994
    },
    {
      "date": "2025-06-30T00:00:00",
      "quarter_label": "2025-06 (Q2)",
      "revenue": 1229000000,
      "gross_profit": null,
      "operating_income": 213000000,
      "net_income": 97000000,
      "opex": 1016000000,
      "cogs": null,
      "rd": null,
      "sga": 262000000,
      "fcf": 218000000,
      "ocf": 247000000,
      "capex": -29000000,
      "gross_margin": null,
      "op_margin": 0.17331163547599673,
      "fcf_margin": 0.177379983726607,
      "incr_op_margin_yoy": 0.675,
      "rev_growth_yoy": -0.03152088258471237,
      "rev_growth_yoy_accel": 0.0074199273841349805,
      "fcf_margin_change": -0.0673525932588063
    },
    {
      "date": "2025-09-30T00:00:00",
      "quarter_label": "2025-09 (Q3)",
      "revenue": 1198000000,
      "gross_profit": null,
      "operating_income": 175000000,
      "net_income": 70000000,
      "opex": 1023000000,
      "cogs": null,
      "rd": null,
      "sga": 270000000,
      "fcf": 87000000,
      "ocf": 117000000,
      "capex": -30000000,
      "gross_margin": null,
      "op_margin": 0.14607679465776294,
      "fcf_margin": 0.07262103505843072,
      "incr_op_margin_yoy": 0.9523809523809523,
      "rev_growth_yoy": -0.12298682284040996,
      "rev_growth_yoy_accel": -0.0914659402556976,
      "fcf_margin_change": -0.10475894866817627
    }
  ],
  "signals": [
    {
      "quarter": "2025-09 (Q3)",
      "signal": "YoY REVENUE GROWTH DECELERATION",
      "detail": "YoY growth: -12.3% vs prior quarter YoY: -3.2% (decel: -9.1%)",
      "severity": "WARNING"
    },
    {
      "quarter": "2025-09 (Q3)",
      "signal": "INCREMENTAL MARGIN (YoY)",
      "detail": "YoY Incr OPM: +95.2% vs year-ago OPM: +24.5%",
      "severity": "HIGH"
    },
    {
      "quarter": "2025-06 (Q2)",
      "signal": "INCREMENTAL MARGIN (YoY)",
      "detail": "YoY Incr OPM: +67.5% vs year-ago OPM: +18.9%",
      "severity": "HIGH"
    },
    {
      "quarter": "2025-03 (Q1)",
      "signal": "YoY REVENUE GROWTH DECELERATION",
      "detail": "YoY growth: -3.9% vs prior quarter YoY: +14.0% (decel: -17.9%)",
      "severity": "WARNING"
    },
    {
      "quarter": "2025-03 (Q1)",
      "signal": "INCREMENTAL MARGIN (YoY)",
      "detail": "YoY Incr OPM: +110.0% vs year-ago OPM: +21.4%",
      "severity": "HIGH"
    },
    {
      "quarter": "2024-12 (Q4)",
      "signal": "OPERATING LEVERAGE",
      "detail": "Rev growth +8.9% vs OpEx growth +3.8% (leverage: 2.3x)",
      "severity": "MEDIUM"
    },
    {
      "quarter": "2024-12 (Q4)",
      "signal": "YoY REVENUE GROWTH DECELERATION",
      "detail": "YoY growth: +14.0% vs prior quarter YoY: +20.7% (decel: -6.6%)",
      "severity": "WARNING"
    },
    {
      "quarter": "2024-12 (Q4)",
      "signal": "INCREMENTAL MARGIN (YoY)",
      "detail": "YoY Incr OPM: +101.6% vs year-ago OPM: +17.7%",
      "severity": "HIGH"
    },
    {
      "quarter": "2024-09 (Q3)",
      "signal": "FCF MARGIN EXPANSION",
      "detail": "FCF margin: +11.0% -> +26.2% (+15.3%)",
      "severity": "MEDIUM"
    },
    {
      "quarter": "2024-09 (Q3)",
      "signal": "OPERATING LEVERAGE",
      "detail": "Rev growth +7.6% vs OpEx growth +0.2% (leverage: 39.3x)",
      "severity": "MEDIUM"
    },
    {
      "quarter": "2024-09 (Q3)",
      "signal": "YoY REVENUE GROWTH ACCELERATION",
      "detail": "YoY growth: +20.7% vs prior quarter YoY: +2.3% (accel: +18.3%)",
      "severity": "HIGH"
    },
    {
      "quarter": "2024-09 (Q3)",
      "signal": "INCREMENTAL MARGIN (YoY)",
      "detail": "YoY Incr OPM: +103.0% vs year-ago OPM: +8.3%",
      "severity": "HIGH"
    },
    {
      "quarter": "2024-06 (Q2)",
      "signal": "INCREMENTAL MARGIN (YoY)",
      "detail": "YoY Incr OPM: +210.3% vs year-ago OPM: +14.4%",
      "severity": "HIGH"
    },
    {
      "quarter": "2024-03 (Q1)",
      "signal": "FCF MARGIN EXPANSION",
      "detail": "FCF margin: +11.2% -> +18.1% (+6.9%)",
      "severity": "MEDIUM"
    },
    {
      "quarter": "2024-03 (Q1)",
      "signal": "YoY REVENUE GROWTH ACCELERATION",
      "detail": "YoY growth: +2.1% vs prior quarter YoY: -12.3% (accel: +14.4%)",
      "severity": "MEDIUM"
    },
    {
      "quarter": "2024-03 (Q1)",
      "signal": "INCREMENTAL MARGIN (YoY)",
      "detail": "YoY Incr OPM: +263.0% vs year-ago OPM: +16.2%",
      "severity": "HIGH"
    },
    {
      "quarter": "2023-12 (Q4)",
      "signal": "OPERATING LEVERAGE",
      "detail": "Rev growth +15.2% vs OpEx growth +3.4% (leverage: 4.5x)",
      "severity": "MEDIUM"
    },
    {
      "quarter": "2023-12 (Q4)",
      "signal": "INCREMENTAL MARGIN (YoY)",
      "detail": "YoY Incr OPM: +34.5% vs year-ago OPM: +19.8%",
      "severity": "MEDIUM"
    },
    {
      "quarter": "2023-09 (Q3)",
      "signal": "YoY REVENUE GROWTH DECELERATION",
      "detail": "YoY growth: -10.8% vs prior quarter YoY: -0.4% (decel: -10.4%)",
      "severity": "WARNING"
    },
    {
      "quarter": "2023-09 (Q3)",
      "signal": "INCREMENTAL MARGIN (YoY)",
      "detail": "YoY Incr OPM: +190.6% vs year-ago OPM: +28.0%",
      "severity": "HIGH"
    },
    {
      "quarter": "2023-06 (Q2)",
      "signal": "INCREMENTAL MARGIN (YoY)",
      "detail": "YoY Incr OPM: +3027.5% vs year-ago OPM: +26.8%",
      "severity": "HIGH"
    },
    {
      "quarter": "2023-03 (Q1)",
      "signal": "FCF MARGIN EXPANSION",
      "detail": "FCF margin: +10.8% -> +36.4% (+25.6%)",
      "severity": "MEDIUM"
    },
    {
      "quarter": "2023-03 (Q1)",
      "signal": "YoY REVENUE GROWTH DECELERATION",
      "detail": "YoY growth: +3.9% vs prior quarter YoY: +19.3% (decel: -15.5%)",
      "severity": "WARNING"
    },
    {
      "quarter": "2022-12 (Q4)",
      "signal": "YoY REVENUE GROWTH ACCELERATION",
      "detail": "YoY growth: +19.3% vs prior quarter YoY: +9.7% (accel: +9.6%)",
      "severity": "MEDIUM"
    },
    {
      "quarter": "2022-09 (Q3)",
      "signal": "FCF MARGIN EXPANSION",
      "detail": "FCF margin: +20.6% -> +26.7% (+6.2%)",
      "severity": "MEDIUM"
    },
    {
      "quarter": "2022-09 (Q3)",
      "signal": "OPERATING LEVERAGE",
      "detail": "Rev growth +1.9% vs OpEx growth +0.2% (leverage: 8.4x)",
      "severity": "MEDIUM"
    },
    {
      "quarter": "2022-09 (Q3)",
      "signal": "INCREMENTAL MARGIN (YoY)",
      "detail": "YoY Incr OPM: +69.5% vs year-ago OPM: +24.0%",
      "severity": "HIGH"
    },
    {
      "quarter": "2022-06 (Q2)",
      "signal": "INCREMENTAL MARGIN (YoY)",
      "detail": "YoY Incr OPM: +39.7% vs year-ago OPM: +25.5%",
      "severity": "MEDIUM"
    },
    {
      "quarter": "2022-03 (Q1)",
      "signal": "FCF MARGIN EXPANSION",
      "detail": "FCF margin: +23.1% -> +40.5% (+17.4%)",
      "severity": "MEDIUM"
    },
    {
      "quarter": "2022-03 (Q1)",
      "signal": "YoY REVENUE GROWTH ACCELERATION",
      "detail": "YoY growth: +8.6% vs prior quarter YoY: -9.5% (accel: +18.1%)",
      "severity": "HIGH"
    },
    {
      "quarter": "2022-03 (Q1)",
      "signal": "INCREMENTAL MARGIN (YoY)",
      "detail": "YoY Incr OPM: +46.3% vs year-ago OPM: +25.6%",
      "severity": "HIGH"
    },
    {
      "quarter": "2021-12 (Q4)",
      "signal": "OPERATING LEVERAGE",
      "detail": "Rev growth +7.7% vs OpEx growth +4.7% (leverage: 1.6x)",
      "severity": "MEDIUM"
    },
    {
      "quarter": "2021-12 (Q4)",
      "signal": "INCREMENTAL MARGIN (YoY)",
      "detail": "YoY Incr OPM: +157.3% vs year-ago OPM: +38.5%",
      "severity": "HIGH"
    },
    {
      "quarter": "2021-09 (Q3)",
      "signal": "FCF MARGIN EXPANSION",
      "detail": "FCF margin: +9.9% -> +21.4% (+11.5%)",
      "severity": "MEDIUM"
    },
    {
      "quarter": "2021-03 (Q1)",
      "signal": "FCF MARGIN EXPANSION",
      "detail": "FCF margin: +24.0% -> +37.4% (+13.4%)",
      "severity": "MEDIUM"
    }
  ],
  "data_quality": {
    "n_quarters": 20,
    "coverage": {
      "revenue": [
        20,
        20
      ],
      "gross_profit": [
        0,
        20
      ],
      "op_income": [
        20,
        20
      ],
      "fcf": [
        20,
        20
      ]
    },
    "gaps": [],
    "warnings": [
      "gross_profit: no data"
    ]
  },
  "market_cap": null,
  "source": "SEC EDGAR",
  "last_updated": "2026-02-02T20:54:24.603800",
  "sector": "Communication Services",
  "industry": "Broadcasting"
}