{
  "ticker": "NYC",
  "name": "American Strategic Investment Co.",
  "quarters": [
    {
      "date": "2017-06-30T00:00:00",
      "quarter_label": "2017-06 (Q2)",
      "revenue": 14545000,
      "gross_profit": null,
      "operating_income": null,
      "net_income": null,
      "opex": null,
      "cogs": null,
      "rd": null,
      "sga": null,
      "fcf": null,
      "ocf": null,
      "capex": null,
      "gross_margin": null,
      "op_margin": null,
      "fcf_margin": null
    },
    {
      "date": "2017-09-30T00:00:00",
      "quarter_label": "2017-09 (Q3)",
      "revenue": 14475000,
      "gross_profit": null,
      "operating_income": null,
      "net_income": null,
      "opex": null,
      "cogs": null,
      "rd": null,
      "sga": null,
      "fcf": null,
      "ocf": null,
      "capex": null,
      "gross_margin": null,
      "op_margin": null,
      "fcf_margin": null
    },
    {
      "date": "2017-12-31T00:00:00",
      "quarter_label": "2017-12 (Q4)",
      "revenue": 14821000,
      "gross_profit": null,
      "operating_income": null,
      "net_income": null,
      "opex": null,
      "cogs": null,
      "rd": null,
      "sga": null,
      "fcf": null,
      "ocf": null,
      "capex": null,
      "gross_margin": null,
      "op_margin": null,
      "fcf_margin": null
    },
    {
      "date": "2018-03-31T00:00:00",
      "quarter_label": "2018-03 (Q1)",
      "revenue": 15229000,
      "gross_profit": null,
      "operating_income": null,
      "net_income": null,
      "opex": null,
      "cogs": null,
      "rd": null,
      "sga": null,
      "fcf": null,
      "ocf": null,
      "capex": null,
      "gross_margin": null,
      "op_margin": null,
      "fcf_margin": null
    },
    {
      "date": "2018-06-30T00:00:00",
      "quarter_label": "2018-06 (Q2)",
      "revenue": 15196000,
      "gross_profit": null,
      "operating_income": null,
      "net_income": null,
      "opex": null,
      "cogs": null,
      "rd": null,
      "sga": null,
      "fcf": null,
      "ocf": null,
      "capex": null,
      "gross_margin": null,
      "op_margin": null,
      "fcf_margin": null,
      "rev_growth_yoy": 0.04475764867652114
    },
    {
      "date": "2018-09-30T00:00:00",
      "quarter_label": "2018-09 (Q3)",
      "revenue": 15741000,
      "gross_profit": null,
      "operating_income": null,
      "net_income": null,
      "opex": null,
      "cogs": null,
      "rd": null,
      "sga": null,
      "fcf": null,
      "ocf": null,
      "capex": null,
      "gross_margin": null,
      "op_margin": null,
      "fcf_margin": null,
      "rev_growth_yoy": 0.08746113989637305,
      "rev_growth_yoy_accel": 0.04270349121985191
    },
    {
      "date": "2018-12-31T00:00:00",
      "quarter_label": "2018-12 (Q4)",
      "revenue": 16233000,
      "gross_profit": null,
      "operating_income": null,
      "net_income": -5134000,
      "opex": null,
      "cogs": null,
      "rd": null,
      "sga": null,
      "fcf": null,
      "ocf": null,
      "capex": null,
      "gross_margin": null,
      "op_margin": null,
      "fcf_margin": null,
      "rev_growth_yoy": 0.0952702246811956,
      "rev_growth_yoy_accel": 0.007809084784822548
    },
    {
      "date": "2019-03-31T00:00:00",
      "quarter_label": "2019-03 (Q1)",
      "revenue": 17051000,
      "gross_profit": null,
      "operating_income": null,
      "net_income": -4584000,
      "opex": null,
      "cogs": null,
      "rd": null,
      "sga": null,
      "fcf": null,
      "ocf": null,
      "capex": null,
      "gross_margin": null,
      "op_margin": null,
      "fcf_margin": null,
      "rev_growth_yoy": 0.11964016022063169,
      "rev_growth_yoy_accel": 0.02436993553943609
    },
    {
      "date": "2019-06-30T00:00:00",
      "quarter_label": "2019-06 (Q2)",
      "revenue": 16525000,
      "gross_profit": null,
      "operating_income": null,
      "net_income": -5827000,
      "opex": null,
      "cogs": null,
      "rd": null,
      "sga": null,
      "fcf": null,
      "ocf": null,
      "capex": null,
      "gross_margin": null,
      "op_margin": null,
      "fcf_margin": null,
      "rev_growth_yoy": 0.08745722558568045,
      "rev_growth_yoy_accel": -0.03218293463495124
    },
    {
      "date": "2019-09-30T00:00:00",
      "quarter_label": "2019-09 (Q3)",
      "revenue": 18643000,
      "gross_profit": null,
      "operating_income": null,
      "net_income": -4809000,
      "opex": null,
      "cogs": null,
      "rd": null,
      "sga": null,
      "fcf": null,
      "ocf": null,
      "capex": null,
      "gross_margin": null,
      "op_margin": null,
      "fcf_margin": null,
      "rev_growth_yoy": 0.18435931643478815,
      "rev_growth_yoy_accel": 0.0969020908491077
    },
    {
      "date": "2019-12-31T00:00:00",
      "quarter_label": "2019-12 (Q4)",
      "revenue": 18311000,
      "gross_profit": null,
      "operating_income": null,
      "net_income": -6670000,
      "opex": null,
      "cogs": null,
      "rd": null,
      "sga": null,
      "fcf": null,
      "ocf": null,
      "capex": null,
      "gross_margin": null,
      "op_margin": null,
      "fcf_margin": null,
      "rev_growth_yoy": 0.12801084211174768,
      "rev_growth_yoy_accel": -0.056348474323040465
    },
    {
      "date": "2020-03-31T00:00:00",
      "quarter_label": "2020-03 (Q1)",
      "revenue": 17477000,
      "gross_profit": null,
      "operating_income": null,
      "net_income": -6788000,
      "opex": null,
      "cogs": null,
      "rd": null,
      "sga": null,
      "fcf": null,
      "ocf": null,
      "capex": null,
      "gross_margin": null,
      "op_margin": null,
      "fcf_margin": null,
      "rev_growth_yoy": 0.02498387191367075,
      "rev_growth_yoy_accel": -0.10302697019807693
    },
    {
      "date": "2020-06-30T00:00:00",
      "quarter_label": "2020-06 (Q2)",
      "revenue": 18562000,
      "gross_profit": null,
      "operating_income": null,
      "net_income": -5286000,
      "opex": null,
      "cogs": null,
      "rd": null,
      "sga": null,
      "fcf": null,
      "ocf": null,
      "capex": null,
      "gross_margin": null,
      "op_margin": null,
      "fcf_margin": null,
      "rev_growth_yoy": 0.12326777609682299,
      "rev_growth_yoy_accel": 0.09828390418315223
    },
    {
      "date": "2020-09-30T00:00:00",
      "quarter_label": "2020-09 (Q3)",
      "revenue": 16997000,
      "gross_profit": null,
      "operating_income": null,
      "net_income": -12288000,
      "opex": null,
      "cogs": null,
      "rd": null,
      "sga": null,
      "fcf": null,
      "ocf": null,
      "capex": null,
      "gross_margin": null,
      "op_margin": null,
      "fcf_margin": null,
      "rev_growth_yoy": -0.08829051118382235,
      "rev_growth_yoy_accel": -0.21155828728064535
    },
    {
      "date": "2020-12-31T00:00:00",
      "quarter_label": "2020-12 (Q4)",
      "revenue": 9860000,
      "gross_profit": null,
      "operating_income": -12383000,
      "net_income": -16600000,
      "opex": 22243000,
      "cogs": null,
      "rd": null,
      "sga": null,
      "fcf": -7559000,
      "ocf": -7559000,
      "capex": null,
      "gross_margin": null,
      "op_margin": -1.2558823529411764,
      "fcf_margin": -0.766632860040568,
      "rev_growth_yoy": -0.4615258587734149,
      "rev_growth_yoy_accel": -0.37323534758959254
    },
    {
      "date": "2021-09-30T00:00:00",
      "quarter_label": "2021-09 (Q3)",
      "revenue": 300000,
      "gross_profit": null,
      "operating_income": -6312000,
      "net_income": null,
      "opex": 22160000,
      "cogs": null,
      "rd": null,
      "sga": null,
      "fcf": 1086000,
      "ocf": 1086000,
      "capex": null,
      "gross_margin": null,
      "op_margin": -21.04,
      "fcf_margin": 3.62,
      "rev_growth_yoy": -0.9823498264399599,
      "rev_growth_yoy_accel": -0.520823967666545,
      "fcf_margin_change": 4.386632860040568
    },
    {
      "date": "2022-03-31T00:00:00",
      "quarter_label": "2022-03 (Q1)",
      "revenue": 15646000,
      "gross_profit": null,
      "operating_income": -6353000,
      "net_income": -11712000,
      "opex": 21999000,
      "cogs": null,
      "rd": null,
      "sga": null,
      "fcf": 2178000,
      "ocf": 2178000,
      "capex": null,
      "gross_margin": null,
      "op_margin": -0.40604627380800207,
      "fcf_margin": 0.1392049086028378,
      "op_leverage_ratio": Infinity,
      "fcf_margin_change": -3.4807950913971624
    },
    {
      "date": "2022-06-30T00:00:00",
      "quarter_label": "2022-06 (Q2)",
      "revenue": 16231000,
      "gross_profit": null,
      "operating_income": -6572000,
      "net_income": -13001000,
      "opex": 22803000,
      "cogs": null,
      "rd": null,
      "sga": null,
      "fcf": -441000,
      "ocf": -441000,
      "capex": null,
      "gross_margin": null,
      "op_margin": -0.404904195674943,
      "fcf_margin": -0.02717022980715914,
      "op_leverage_ratio": 1.023056057434927,
      "fcf_margin_change": -0.16637513840999693
    },
    {
      "date": "2022-09-30T00:00:00",
      "quarter_label": "2022-09 (Q3)",
      "revenue": 15932000,
      "gross_profit": null,
      "operating_income": -6321000,
      "net_income": -11074000,
      "opex": 22253000,
      "cogs": null,
      "rd": null,
      "sga": null,
      "fcf": 1601000,
      "ocf": 1601000,
      "capex": null,
      "gross_margin": null,
      "op_margin": -0.3967486818980668,
      "fcf_margin": 0.10048958071805172,
      "incr_op_margin_yoy": -0.0005757420675537359,
      "rev_growth_yoy": 52.10666666666667,
      "fcf_margin_change": 0.12765981052521086
    },
    {
      "date": "2022-12-31T00:00:00",
      "quarter_label": "2022-12 (Q4)",
      "revenue": 16196000,
      "gross_profit": null,
      "operating_income": -5364000,
      "net_income": -10109000,
      "opex": 21560000,
      "cogs": null,
      "rd": null,
      "sga": null,
      "fcf": -3824000,
      "ocf": -3824000,
      "capex": null,
      "gross_margin": null,
      "op_margin": -0.33119288713262535,
      "fcf_margin": -0.23610768090886639,
      "op_leverage_ratio": Infinity,
      "fcf_margin_change": -0.3365972616269181
    }
  ],
  "signals": [
    {
      "quarter": "2022-09 (Q3)",
      "signal": "FCF TURNED POSITIVE",
      "detail": "FCF margin: -2.7% -> +10.0%",
      "severity": "HIGH"
    },
    {
      "quarter": "2021-09 (Q3)",
      "signal": "FCF TURNED POSITIVE",
      "detail": "FCF margin: -76.7% -> +362.0%",
      "severity": "HIGH"
    },
    {
      "quarter": "2021-09 (Q3)",
      "signal": "YoY REVENUE GROWTH DECELERATION",
      "detail": "YoY growth: -98.2% vs prior quarter YoY: -46.2% (decel: -52.1%)",
      "severity": "WARNING"
    },
    {
      "quarter": "2020-12 (Q4)",
      "signal": "YoY REVENUE GROWTH DECELERATION",
      "detail": "YoY growth: -46.2% vs prior quarter YoY: -8.8% (decel: -37.3%)",
      "severity": "WARNING"
    },
    {
      "quarter": "2020-09 (Q3)",
      "signal": "YoY REVENUE GROWTH DECELERATION",
      "detail": "YoY growth: -8.8% vs prior quarter YoY: +12.3% (decel: -21.2%)",
      "severity": "WARNING"
    },
    {
      "quarter": "2020-06 (Q2)",
      "signal": "YoY REVENUE GROWTH ACCELERATION",
      "detail": "YoY growth: +12.3% vs prior quarter YoY: +2.5% (accel: +9.8%)",
      "severity": "MEDIUM"
    },
    {
      "quarter": "2020-03 (Q1)",
      "signal": "YoY REVENUE GROWTH DECELERATION",
      "detail": "YoY growth: +2.5% vs prior quarter YoY: +12.8% (decel: -10.3%)",
      "severity": "WARNING"
    },
    {
      "quarter": "2019-12 (Q4)",
      "signal": "YoY REVENUE GROWTH DECELERATION",
      "detail": "YoY growth: +12.8% vs prior quarter YoY: +18.4% (decel: -5.6%)",
      "severity": "WARNING"
    },
    {
      "quarter": "2019-09 (Q3)",
      "signal": "YoY REVENUE GROWTH ACCELERATION",
      "detail": "YoY growth: +18.4% vs prior quarter YoY: +8.7% (accel: +9.7%)",
      "severity": "MEDIUM"
    }
  ],
  "data_quality": {
    "n_quarters": 20,
    "coverage": {
      "revenue": [
        20,
        20
      ],
      "gross_profit": [
        0,
        20
      ],
      "op_income": [
        6,
        20
      ],
      "fcf": [
        6,
        20
      ]
    },
    "gaps": [
      [
        "2020-12 (Q4)",
        "2021-09 (Q3)",
        273
      ],
      [
        "2021-09 (Q3)",
        "2022-03 (Q1)",
        182
      ]
    ],
    "warnings": [
      "gross_profit: no data",
      "op_income: 6/20Q",
      "fcf: 6/20Q",
      "gap: 2Q missing between 2020-12 (Q4) and 2021-09 (Q3)",
      "gap: 1Q missing between 2021-09 (Q3) and 2022-03 (Q1)"
    ]
  },
  "market_cap": null,
  "source": "SEC EDGAR",
  "last_updated": "2026-02-02T23:52:58.213244"
}