{
  "ticker": "O",
  "name": "REALTY INCOME CORPORATION",
  "quarters": [
    {
      "date": "2020-12-31T00:00:00",
      "quarter_label": "2020-12 (Q4)",
      "revenue": 418076000,
      "gross_profit": null,
      "operating_income": null,
      "net_income": 117931000,
      "opex": 321404000,
      "cogs": null,
      "rd": null,
      "sga": null,
      "fcf": 305738000,
      "ocf": 305738000,
      "capex": null,
      "gross_margin": null,
      "op_margin": null,
      "fcf_margin": 0.7312976587988786
    },
    {
      "date": "2021-03-31T00:00:00",
      "quarter_label": "2021-03 (Q1)",
      "revenue": 442804000,
      "gross_profit": null,
      "operating_income": null,
      "net_income": 95940000,
      "opex": 303075000,
      "cogs": null,
      "rd": null,
      "sga": null,
      "fcf": 266453000,
      "ocf": 266453000,
      "capex": null,
      "gross_margin": null,
      "op_margin": null,
      "fcf_margin": 0.6017402733489309,
      "op_leverage_ratio": Infinity,
      "fcf_margin_change": -0.12955738544994777
    },
    {
      "date": "2021-06-30T00:00:00",
      "quarter_label": "2021-06 (Q2)",
      "revenue": 464282000,
      "gross_profit": null,
      "operating_income": null,
      "net_income": 124479000,
      "opex": 345590000,
      "cogs": null,
      "rd": null,
      "sga": null,
      "fcf": 314681000,
      "ocf": 314681000,
      "capex": null,
      "gross_margin": null,
      "op_margin": null,
      "fcf_margin": 0.6777798837775317,
      "op_leverage_ratio": 0.345772327337257,
      "fcf_margin_change": 0.07603961042860086
    },
    {
      "date": "2021-09-30T00:00:00",
      "quarter_label": "2021-09 (Q3)",
      "revenue": 491875000,
      "gross_profit": null,
      "operating_income": null,
      "net_income": 134996000,
      "opex": 356257000,
      "cogs": null,
      "rd": null,
      "sga": null,
      "fcf": 388932000,
      "ocf": 388932000,
      "capex": null,
      "gross_margin": null,
      "op_margin": null,
      "fcf_margin": 0.7907130876747142,
      "op_leverage_ratio": 1.9254664090604328,
      "fcf_margin_change": 0.11293320389718242
    },
    {
      "date": "2021-12-31T00:00:00",
      "quarter_label": "2021-12 (Q4)",
      "revenue": 681502000,
      "gross_profit": null,
      "operating_income": null,
      "net_income": 4041000,
      "opex": 653522000,
      "cogs": null,
      "rd": null,
      "sga": null,
      "fcf": 352123000,
      "ocf": 352123000,
      "capex": null,
      "gross_margin": null,
      "op_margin": null,
      "fcf_margin": 0.5166866714991298,
      "rev_growth_yoy": 0.6300911795941407,
      "op_leverage_ratio": 0.4620245499996783,
      "fcf_margin_change": -0.2740264161755843
    },
    {
      "date": "2022-03-31T00:00:00",
      "quarter_label": "2022-03 (Q1)",
      "revenue": 807343000,
      "gross_profit": null,
      "operating_income": null,
      "net_income": 199369000,
      "opex": 608763000,
      "cogs": null,
      "rd": null,
      "sga": null,
      "fcf": 513479000,
      "ocf": 513479000,
      "capex": null,
      "gross_margin": null,
      "op_margin": null,
      "fcf_margin": 0.6360109643608727,
      "rev_growth_yoy": 0.8232513708096585,
      "rev_growth_yoy_accel": 0.19316019121551775,
      "op_leverage_ratio": Infinity,
      "fcf_margin_change": 0.11932429286174284
    },
    {
      "date": "2022-06-30T00:00:00",
      "quarter_label": "2022-06 (Q2)",
      "revenue": 810419000,
      "gross_profit": null,
      "operating_income": null,
      "net_income": 223207000,
      "opex": 616297000,
      "cogs": null,
      "rd": null,
      "sga": null,
      "fcf": 743082000,
      "ocf": 743082000,
      "capex": null,
      "gross_margin": null,
      "op_margin": null,
      "fcf_margin": 0.916910881901831,
      "rev_growth_yoy": 0.7455318104083294,
      "rev_growth_yoy_accel": -0.0777195604013291,
      "fcf_margin_change": 0.28089991754095833
    },
    {
      "date": "2022-09-30T00:00:00",
      "quarter_label": "2022-09 (Q3)",
      "revenue": 837269000,
      "gross_profit": null,
      "operating_income": null,
      "net_income": 219567000,
      "opex": 628636000,
      "cogs": null,
      "rd": null,
      "sga": null,
      "fcf": 676805000,
      "ocf": 676805000,
      "capex": null,
      "gross_margin": null,
      "op_margin": null,
      "fcf_margin": 0.8083483324952913,
      "rev_growth_yoy": 0.7021987293519695,
      "rev_growth_yoy_accel": -0.04333308105635991,
      "op_leverage_ratio": 1.6547971533470118,
      "fcf_margin_change": -0.10856254940653975
    },
    {
      "date": "2022-12-31T00:00:00",
      "quarter_label": "2022-12 (Q4)",
      "revenue": 888650000,
      "gross_profit": null,
      "operating_income": null,
      "net_income": 227265000,
      "opex": 686462000,
      "cogs": null,
      "rd": null,
      "sga": null,
      "fcf": 630490000,
      "ocf": 630490000,
      "capex": null,
      "gross_margin": null,
      "op_margin": null,
      "fcf_margin": 0.7094919259551005,
      "rev_growth_yoy": 0.303958022133464,
      "rev_growth_yoy_accel": -0.39824070721850546,
      "op_leverage_ratio": 0.6671348636560129,
      "fcf_margin_change": -0.09885640654019079
    },
    {
      "date": "2023-03-31T00:00:00",
      "quarter_label": "2023-03 (Q1)",
      "revenue": 944399000,
      "gross_profit": null,
      "operating_income": null,
      "net_income": 225016000,
      "opex": 723658000,
      "cogs": null,
      "rd": null,
      "sga": null,
      "fcf": 731234000,
      "ocf": 731234000,
      "capex": null,
      "gross_margin": null,
      "op_margin": null,
      "fcf_margin": 0.7742850214792688,
      "rev_growth_yoy": 0.1697617988884526,
      "rev_growth_yoy_accel": -0.1341962232450114,
      "op_leverage_ratio": 1.1577814810326792,
      "fcf_margin_change": 0.06479309552416834
    },
    {
      "date": "2023-06-30T00:00:00",
      "quarter_label": "2023-06 (Q2)",
      "revenue": 1019205000,
      "gross_profit": null,
      "operating_income": null,
      "net_income": 195415000,
      "opex": 817823000,
      "cogs": null,
      "rd": null,
      "sga": null,
      "fcf": 734879000,
      "ocf": 734879000,
      "capex": null,
      "gross_margin": null,
      "op_margin": null,
      "fcf_margin": 0.7210315883458186,
      "rev_growth_yoy": 0.2576272273971859,
      "rev_growth_yoy_accel": 0.0878654285087333,
      "op_leverage_ratio": 0.6087300919840538,
      "fcf_margin_change": -0.05325343313345021
    },
    {
      "date": "2023-09-30T00:00:00",
      "quarter_label": "2023-09 (Q3)",
      "revenue": 1039104000,
      "gross_profit": null,
      "operating_income": null,
      "net_income": 233473000,
      "opex": 805885000,
      "cogs": null,
      "rd": null,
      "sga": null,
      "fcf": 731998000,
      "ocf": 731998000,
      "capex": null,
      "gross_margin": null,
      "op_margin": null,
      "fcf_margin": 0.7044511425227888,
      "rev_growth_yoy": 0.2410635052772765,
      "rev_growth_yoy_accel": -0.01656372211990942,
      "op_leverage_ratio": Infinity,
      "fcf_margin_change": -0.016580445823029755
    },
    {
      "date": "2023-12-31T00:00:00",
      "quarter_label": "2023-12 (Q4)",
      "revenue": 1076285000,
      "gross_profit": null,
      "operating_income": null,
      "net_income": 218405000,
      "opex": 841280000,
      "cogs": null,
      "rd": null,
      "sga": null,
      "fcf": 760658000,
      "ocf": 760658000,
      "capex": null,
      "gross_margin": null,
      "op_margin": null,
      "fcf_margin": 0.7067440315529808,
      "rev_growth_yoy": 0.2111461205198897,
      "rev_growth_yoy_accel": -0.029917384757386783,
      "op_leverage_ratio": 0.8146915374630211,
      "fcf_margin_change": 0.00229288903019198
    },
    {
      "date": "2024-03-31T00:00:00",
      "quarter_label": "2024-03 (Q1)",
      "revenue": 1260485000,
      "gross_profit": null,
      "operating_income": null,
      "net_income": 132284000,
      "opex": 1135474000,
      "cogs": null,
      "rd": null,
      "sga": null,
      "fcf": 778673000,
      "ocf": 778673000,
      "capex": null,
      "gross_margin": null,
      "op_margin": null,
      "fcf_margin": 0.617756657159744,
      "rev_growth_yoy": 0.3346953988727222,
      "rev_growth_yoy_accel": 0.1235492783528325,
      "op_leverage_ratio": 0.48940577697441123,
      "fcf_margin_change": -0.08898737439323678
    },
    {
      "date": "2024-06-30T00:00:00",
      "quarter_label": "2024-06 (Q2)",
      "revenue": 1339443000,
      "gross_profit": null,
      "operating_income": null,
      "net_income": 259391000,
      "opex": 1096634000,
      "cogs": null,
      "rd": null,
      "sga": null,
      "fcf": 981172000,
      "ocf": 981172000,
      "capex": null,
      "gross_margin": null,
      "op_margin": null,
      "fcf_margin": 0.7325223992361004,
      "rev_growth_yoy": 0.3142037176034262,
      "rev_growth_yoy_accel": -0.020491681269296014,
      "op_leverage_ratio": Infinity,
      "fcf_margin_change": 0.11476574207635637
    },
    {
      "date": "2024-09-30T00:00:00",
      "quarter_label": "2024-09 (Q3)",
      "revenue": 1330915000,
      "gross_profit": null,
      "operating_income": null,
      "net_income": 269485000,
      "opex": 1103153000,
      "cogs": null,
      "rd": null,
      "sga": null,
      "fcf": 841468000,
      "ocf": 841468000,
      "capex": null,
      "gross_margin": null,
      "op_margin": null,
      "fcf_margin": 0.6322477393372229,
      "rev_growth_yoy": 0.28082944536831733,
      "rev_growth_yoy_accel": -0.03337427223510886,
      "fcf_margin_change": -0.10027465989887752
    },
    {
      "date": "2024-12-31T00:00:00",
      "quarter_label": "2024-12 (Q4)",
      "revenue": 1340299000,
      "gross_profit": null,
      "operating_income": null,
      "net_income": 199612000,
      "opex": 1154033000,
      "cogs": null,
      "rd": null,
      "sga": null,
      "fcf": 971963000,
      "ocf": 971963000,
      "capex": null,
      "gross_margin": null,
      "op_margin": null,
      "fcf_margin": 0.7251837090082138,
      "rev_growth_yoy": 0.24530119810273301,
      "rev_growth_yoy_accel": -0.03552824726558432,
      "fcf_margin_change": 0.09293596967099094
    },
    {
      "date": "2025-03-31T00:00:00",
      "quarter_label": "2025-03 (Q1)",
      "revenue": 1380505000,
      "gross_profit": null,
      "operating_income": null,
      "net_income": 249815000,
      "opex": 1144902000,
      "cogs": null,
      "rd": null,
      "sga": null,
      "fcf": 787516000,
      "ocf": 787516000,
      "capex": null,
      "gross_margin": null,
      "op_margin": null,
      "fcf_margin": 0.5704550146504359,
      "rev_growth_yoy": 0.09521731714379783,
      "rev_growth_yoy_accel": -0.15008388095893518,
      "op_leverage_ratio": Infinity,
      "fcf_margin_change": -0.15472869435777792
    },
    {
      "date": "2025-06-30T00:00:00",
      "quarter_label": "2025-06 (Q2)",
      "revenue": 1410378000,
      "gross_profit": null,
      "operating_income": null,
      "net_income": 196919000,
      "opex": 1232118000,
      "cogs": null,
      "rd": null,
      "sga": null,
      "fcf": 1060669000,
      "ocf": 1060669000,
      "capex": null,
      "gross_margin": null,
      "op_margin": null,
      "fcf_margin": 0.752045905423936,
      "rev_growth_yoy": 0.05295858054430088,
      "rev_growth_yoy_accel": -0.04225873659949695,
      "op_leverage_ratio": 0.2840619109283741,
      "fcf_margin_change": 0.1815908907735001
    },
    {
      "date": "2025-09-30T00:00:00",
      "quarter_label": "2025-09 (Q3)",
      "revenue": 1470552000,
      "gross_profit": null,
      "operating_income": null,
      "net_income": 315771000,
      "opex": 1188438000,
      "cogs": null,
      "rd": null,
      "sga": null,
      "fcf": 943135000,
      "ocf": 943135000,
      "capex": null,
      "gross_margin": null,
      "op_margin": null,
      "fcf_margin": 0.6413476028049331,
      "rev_growth_yoy": 0.10491804510430794,
      "rev_growth_yoy_accel": 0.05195946456000706,
      "op_leverage_ratio": Infinity,
      "fcf_margin_change": -0.11069830261900293
    }
  ],
  "signals": [
    {
      "quarter": "2025-09 (Q3)",
      "signal": "YoY REVENUE GROWTH ACCELERATION",
      "detail": "YoY growth: +10.5% vs prior quarter YoY: +5.3% (accel: +5.2%)",
      "severity": "MEDIUM"
    },
    {
      "quarter": "2025-06 (Q2)",
      "signal": "FCF MARGIN EXPANSION",
      "detail": "FCF margin: +57.0% -> +75.2% (+18.2%)",
      "severity": "MEDIUM"
    },
    {
      "quarter": "2025-03 (Q1)",
      "signal": "YoY REVENUE GROWTH DECELERATION",
      "detail": "YoY growth: +9.5% vs prior quarter YoY: +24.5% (decel: -15.0%)",
      "severity": "WARNING"
    },
    {
      "quarter": "2024-12 (Q4)",
      "signal": "FCF MARGIN EXPANSION",
      "detail": "FCF margin: +63.2% -> +72.5% (+9.3%)",
      "severity": "MEDIUM"
    },
    {
      "quarter": "2024-06 (Q2)",
      "signal": "FCF MARGIN EXPANSION",
      "detail": "FCF margin: +61.8% -> +73.3% (+11.5%)",
      "severity": "MEDIUM"
    },
    {
      "quarter": "2024-03 (Q1)",
      "signal": "YoY REVENUE GROWTH ACCELERATION",
      "detail": "YoY growth: +33.5% vs prior quarter YoY: +21.1% (accel: +12.4%)",
      "severity": "MEDIUM"
    },
    {
      "quarter": "2023-06 (Q2)",
      "signal": "YoY REVENUE GROWTH ACCELERATION",
      "detail": "YoY growth: +25.8% vs prior quarter YoY: +17.0% (accel: +8.8%)",
      "severity": "MEDIUM"
    },
    {
      "quarter": "2023-03 (Q1)",
      "signal": "FCF MARGIN EXPANSION",
      "detail": "FCF margin: +70.9% -> +77.4% (+6.5%)",
      "severity": "MEDIUM"
    },
    {
      "quarter": "2023-03 (Q1)",
      "signal": "YoY REVENUE GROWTH DECELERATION",
      "detail": "YoY growth: +17.0% vs prior quarter YoY: +30.4% (decel: -13.4%)",
      "severity": "WARNING"
    },
    {
      "quarter": "2022-12 (Q4)",
      "signal": "YoY REVENUE GROWTH DECELERATION",
      "detail": "YoY growth: +30.4% vs prior quarter YoY: +70.2% (decel: -39.8%)",
      "severity": "WARNING"
    },
    {
      "quarter": "2022-09 (Q3)",
      "signal": "OPERATING LEVERAGE",
      "detail": "Rev growth +3.3% vs OpEx growth +2.0% (leverage: 1.7x)",
      "severity": "MEDIUM"
    },
    {
      "quarter": "2022-06 (Q2)",
      "signal": "FCF MARGIN EXPANSION",
      "detail": "FCF margin: +63.6% -> +91.7% (+28.1%)",
      "severity": "MEDIUM"
    },
    {
      "quarter": "2022-06 (Q2)",
      "signal": "YoY REVENUE GROWTH DECELERATION",
      "detail": "YoY growth: +74.6% vs prior quarter YoY: +82.3% (decel: -7.8%)",
      "severity": "WARNING"
    },
    {
      "quarter": "2022-03 (Q1)",
      "signal": "FCF MARGIN EXPANSION",
      "detail": "FCF margin: +51.7% -> +63.6% (+11.9%)",
      "severity": "MEDIUM"
    },
    {
      "quarter": "2022-03 (Q1)",
      "signal": "YoY REVENUE GROWTH ACCELERATION",
      "detail": "YoY growth: +82.3% vs prior quarter YoY: +63.0% (accel: +19.3%)",
      "severity": "HIGH"
    },
    {
      "quarter": "2021-09 (Q3)",
      "signal": "FCF MARGIN EXPANSION",
      "detail": "FCF margin: +67.8% -> +79.1% (+11.3%)",
      "severity": "MEDIUM"
    },
    {
      "quarter": "2021-09 (Q3)",
      "signal": "OPERATING LEVERAGE",
      "detail": "Rev growth +5.9% vs OpEx growth +3.1% (leverage: 1.9x)",
      "severity": "MEDIUM"
    },
    {
      "quarter": "2021-06 (Q2)",
      "signal": "FCF MARGIN EXPANSION",
      "detail": "FCF margin: +60.2% -> +67.8% (+7.6%)",
      "severity": "MEDIUM"
    }
  ],
  "data_quality": {
    "n_quarters": 20,
    "coverage": {
      "revenue": [
        20,
        20
      ],
      "gross_profit": [
        0,
        20
      ],
      "op_income": [
        0,
        20
      ],
      "fcf": [
        20,
        20
      ]
    },
    "gaps": [],
    "warnings": [
      "gross_profit: no data",
      "op_income: no data"
    ]
  },
  "market_cap": null,
  "source": "SEC EDGAR",
  "last_updated": "2026-02-02T19:58:10.413318",
  "sector": "Real Estate",
  "industry": "REIT - Retail"
}