{
  "ticker": "OABI",
  "name": "OMNIAB, INC.",
  "quarters": [
    {
      "date": "2022-03-31T00:00:00",
      "quarter_label": "2022-03 (Q1)",
      "revenue": 9623000,
      "gross_profit": null,
      "operating_income": -3821215,
      "net_income": -4361240,
      "opex": 17846000,
      "cogs": null,
      "rd": 10772000,
      "sga": null,
      "fcf": 7693000,
      "ocf": 11640000,
      "capex": -3947000,
      "gross_margin": null,
      "op_margin": -0.3970918632443105,
      "fcf_margin": 0.7994388444352073
    },
    {
      "date": "2022-06-30T00:00:00",
      "quarter_label": "2022-06 (Q2)",
      "revenue": 7199000,
      "gross_profit": null,
      "operating_income": -2578263,
      "net_income": -1624916,
      "opex": 19765000,
      "cogs": null,
      "rd": 11484000,
      "sga": null,
      "fcf": -8142000,
      "ocf": -3852000,
      "capex": -4290000,
      "gross_margin": null,
      "op_margin": -0.3581418252535074,
      "fcf_margin": -1.1309904153354633,
      "fcf_margin_change": -1.9304292597706705
    },
    {
      "date": "2022-09-30T00:00:00",
      "quarter_label": "2022-09 (Q3)",
      "revenue": 6910000,
      "gross_profit": null,
      "operating_income": -2344863,
      "net_income": -2466430,
      "opex": 21819000,
      "cogs": null,
      "rd": 13189000,
      "sga": null,
      "fcf": -8147000,
      "ocf": -4232000,
      "capex": -3915000,
      "gross_margin": null,
      "op_margin": -0.33934341534008683,
      "fcf_margin": -1.1790159189580318,
      "fcf_margin_change": -0.04802550362256852
    },
    {
      "date": "2022-12-31T00:00:00",
      "quarter_label": "2022-12 (Q4)",
      "revenue": 35345000,
      "gross_profit": null,
      "operating_income": -17903659,
      "net_income": -13881414,
      "opex": 26295000,
      "cogs": null,
      "rd": 12919000,
      "sga": null,
      "fcf": -12159000,
      "ocf": -7143000,
      "capex": -5016000,
      "gross_margin": null,
      "op_margin": -0.5065400763898713,
      "fcf_margin": -0.3440090536143726,
      "op_leverage_ratio": 20.059492886324747,
      "fcf_margin_change": 0.8350068653436592
    },
    {
      "date": "2023-03-31T00:00:00",
      "quarter_label": "2023-03 (Q1)",
      "revenue": 16919000,
      "gross_profit": null,
      "operating_income": -8453000,
      "net_income": -6100000,
      "opex": 25372000,
      "cogs": null,
      "rd": 13759000,
      "sga": null,
      "fcf": 27454000,
      "ocf": 27688000,
      "capex": -234000,
      "gross_margin": null,
      "op_margin": -0.49961581653762044,
      "fcf_margin": 1.6226727347952006,
      "incr_op_margin_yoy": -0.6348389528508772,
      "rev_growth_yoy": 0.7581835186532266,
      "fcf_margin_change": 1.966681788409573
    },
    {
      "date": "2023-06-30T00:00:00",
      "quarter_label": "2023-06 (Q2)",
      "revenue": 6946000,
      "gross_profit": null,
      "operating_income": -19445000,
      "net_income": -14728000,
      "opex": 26391000,
      "cogs": null,
      "rd": 14133000,
      "sga": null,
      "fcf": -10835000,
      "ocf": -10022000,
      "capex": -813000,
      "gross_margin": null,
      "op_margin": -2.79945292254535,
      "fcf_margin": -1.55989058450907,
      "rev_growth_yoy": -0.03514376996805112,
      "rev_growth_yoy_accel": -0.7933272886212778,
      "fcf_margin_change": -3.1825633193042706
    },
    {
      "date": "2023-09-30T00:00:00",
      "quarter_label": "2023-09 (Q3)",
      "revenue": 5477000,
      "gross_profit": null,
      "operating_income": -20315000,
      "net_income": -15738000,
      "opex": 25792000,
      "cogs": null,
      "rd": 13867000,
      "sga": null,
      "fcf": -6688000,
      "ocf": -6198000,
      "capex": -490000,
      "gross_margin": null,
      "op_margin": -3.7091473434361877,
      "fcf_margin": -1.2211064451341975,
      "incr_op_margin_yoy": 12.540221214235869,
      "rev_growth_yoy": -0.20738060781476123,
      "rev_growth_yoy_accel": -0.17223683784671012,
      "fcf_margin_change": 0.3387841393748725
    },
    {
      "date": "2023-12-31T00:00:00",
      "quarter_label": "2023-12 (Q4)",
      "revenue": 4822000,
      "gross_profit": null,
      "operating_income": -21206000,
      "net_income": -14053000,
      "opex": 26028000,
      "cogs": null,
      "rd": 14766000,
      "sga": null,
      "fcf": -9228000,
      "ocf": -9121000,
      "capex": -107000,
      "gross_margin": null,
      "op_margin": -4.397760265450021,
      "fcf_margin": -1.913728743260058,
      "incr_op_margin_yoy": 0.10819188808439538,
      "rev_growth_yoy": -0.8635733484226906,
      "rev_growth_yoy_accel": -0.6561927406079294,
      "fcf_margin_change": -0.6926222981258605
    },
    {
      "date": "2024-03-31T00:00:00",
      "quarter_label": "2024-03 (Q1)",
      "revenue": 3801000,
      "gross_profit": null,
      "operating_income": -22553000,
      "net_income": -18961000,
      "opex": 26354000,
      "cogs": null,
      "rd": 14551000,
      "sga": null,
      "fcf": -17958000,
      "ocf": -17032000,
      "capex": -926000,
      "gross_margin": null,
      "op_margin": -5.933438568797685,
      "fcf_margin": -4.724546172059984,
      "incr_op_margin_yoy": 1.07485897240433,
      "rev_growth_yoy": -0.7753413322300372,
      "rev_growth_yoy_accel": 0.08823201619265342,
      "fcf_margin_change": -2.8108174287999264
    },
    {
      "date": "2024-06-30T00:00:00",
      "quarter_label": "2024-06 (Q2)",
      "revenue": 7614000,
      "gross_profit": null,
      "operating_income": -16305000,
      "net_income": -13631000,
      "opex": 23919000,
      "cogs": null,
      "rd": 13935000,
      "sga": null,
      "fcf": -12933000,
      "ocf": -12182000,
      "capex": -751000,
      "gross_margin": null,
      "op_margin": -2.1414499605988966,
      "fcf_margin": -1.698581560283688,
      "rev_growth_yoy": 0.09617045781744889,
      "rev_growth_yoy_accel": 0.8715117900474861,
      "op_leverage_ratio": Infinity,
      "fcf_margin_change": 3.0259646117762964
    },
    {
      "date": "2024-09-30T00:00:00",
      "quarter_label": "2024-09 (Q3)",
      "revenue": 4172000,
      "gross_profit": null,
      "operating_income": -19764000,
      "net_income": -16373000,
      "opex": 23936000,
      "cogs": null,
      "rd": 13318000,
      "sga": null,
      "fcf": -6730000,
      "ocf": -6578000,
      "capex": -152000,
      "gross_margin": null,
      "op_margin": -4.737296260786193,
      "fcf_margin": -1.6131351869606902,
      "incr_op_margin_yoy": -0.4222222222222222,
      "rev_growth_yoy": -0.23826912543363155,
      "rev_growth_yoy_accel": -0.3344395832510804,
      "fcf_margin_change": 0.08544637332299776
    },
    {
      "date": "2024-12-31T00:00:00",
      "quarter_label": "2024-12 (Q4)",
      "revenue": 10804000,
      "gross_profit": null,
      "operating_income": -15880000,
      "net_income": -13068000,
      "opex": 26684000,
      "cogs": null,
      "rd": 13306000,
      "sga": null,
      "fcf": -3918000,
      "ocf": -3872000,
      "capex": -46000,
      "gross_margin": null,
      "op_margin": -1.4698259903739357,
      "fcf_margin": -0.3626434653831914,
      "incr_op_margin_yoy": 0.890337679705784,
      "rev_growth_yoy": 1.2405640812940688,
      "rev_growth_yoy_accel": 1.4788332067277004,
      "op_leverage_ratio": 13.84634235863684,
      "fcf_margin_change": 1.2504917215774989
    },
    {
      "date": "2025-03-31T00:00:00",
      "quarter_label": "2025-03 (Q1)",
      "revenue": 4154000,
      "gross_profit": null,
      "operating_income": -18844000,
      "net_income": -18200000,
      "opex": 22998000,
      "cogs": null,
      "rd": 12602000,
      "sga": null,
      "fcf": -16081000,
      "ocf": -15872000,
      "capex": -209000,
      "gross_margin": null,
      "op_margin": -4.536350505536832,
      "fcf_margin": -3.8712084737602313,
      "rev_growth_yoy": 0.0928702972901868,
      "rev_growth_yoy_accel": -1.1476937840038821,
      "fcf_margin_change": -3.50856500837704
    },
    {
      "date": "2025-06-30T00:00:00",
      "quarter_label": "2025-06 (Q2)",
      "revenue": 3897000,
      "gross_profit": null,
      "operating_income": -16219000,
      "net_income": -15875000,
      "opex": 20116000,
      "cogs": null,
      "rd": 10864000,
      "sga": null,
      "fcf": -5311000,
      "ocf": -5146000,
      "capex": -165000,
      "gross_margin": null,
      "op_margin": -4.161919425198871,
      "fcf_margin": -1.3628432127277392,
      "incr_op_margin_yoy": -0.023136938391175678,
      "rev_growth_yoy": -0.48817966903073284,
      "rev_growth_yoy_accel": -0.5810499663209197,
      "fcf_margin_change": 2.508365261032492
    },
    {
      "date": "2025-09-30T00:00:00",
      "quarter_label": "2025-09 (Q3)",
      "revenue": 2239000,
      "gross_profit": null,
      "operating_income": -18140000,
      "net_income": -16525000,
      "opex": 20379000,
      "cogs": null,
      "rd": 10379000,
      "sga": null,
      "fcf": -9945000,
      "ocf": -9763000,
      "capex": -182000,
      "gross_margin": null,
      "op_margin": -8.101831174631531,
      "fcf_margin": -4.441715051362215,
      "incr_op_margin_yoy": -0.8401448525607863,
      "rev_growth_yoy": -0.463326941514861,
      "rev_growth_yoy_accel": 0.024852727515871864,
      "fcf_margin_change": -3.078871838634476
    }
  ],
  "signals": [
    {
      "quarter": "2025-06 (Q2)",
      "signal": "FCF MARGIN EXPANSION",
      "detail": "FCF margin: -387.1% -> -136.3% (+250.8%)",
      "severity": "MEDIUM"
    },
    {
      "quarter": "2025-06 (Q2)",
      "signal": "YoY REVENUE GROWTH DECELERATION",
      "detail": "YoY growth: -48.8% vs prior quarter YoY: +9.3% (decel: -58.1%)",
      "severity": "WARNING"
    },
    {
      "quarter": "2025-03 (Q1)",
      "signal": "YoY REVENUE GROWTH DECELERATION",
      "detail": "YoY growth: +9.3% vs prior quarter YoY: +124.1% (decel: -114.8%)",
      "severity": "WARNING"
    },
    {
      "quarter": "2024-12 (Q4)",
      "signal": "FCF MARGIN EXPANSION",
      "detail": "FCF margin: -161.3% -> -36.3% (+125.0%)",
      "severity": "MEDIUM"
    },
    {
      "quarter": "2024-12 (Q4)",
      "signal": "OPERATING LEVERAGE",
      "detail": "Rev growth +159.0% vs OpEx growth +11.5% (leverage: 13.8x)",
      "severity": "MEDIUM"
    },
    {
      "quarter": "2024-12 (Q4)",
      "signal": "YoY REVENUE GROWTH ACCELERATION",
      "detail": "YoY growth: +124.1% vs prior quarter YoY: -23.8% (accel: +147.9%)",
      "severity": "HIGH"
    },
    {
      "quarter": "2024-09 (Q3)",
      "signal": "FCF MARGIN EXPANSION",
      "detail": "FCF margin: -169.9% -> -161.3% (+8.5%)",
      "severity": "MEDIUM"
    },
    {
      "quarter": "2024-09 (Q3)",
      "signal": "YoY REVENUE GROWTH DECELERATION",
      "detail": "YoY growth: -23.8% vs prior quarter YoY: +9.6% (decel: -33.4%)",
      "severity": "WARNING"
    },
    {
      "quarter": "2024-06 (Q2)",
      "signal": "FCF MARGIN EXPANSION",
      "detail": "FCF margin: -472.5% -> -169.9% (+302.6%)",
      "severity": "MEDIUM"
    },
    {
      "quarter": "2024-06 (Q2)",
      "signal": "YoY REVENUE GROWTH ACCELERATION",
      "detail": "YoY growth: +9.6% vs prior quarter YoY: -77.5% (accel: +87.2%)",
      "severity": "HIGH"
    },
    {
      "quarter": "2024-03 (Q1)",
      "signal": "YoY REVENUE GROWTH ACCELERATION",
      "detail": "YoY growth: -77.5% vs prior quarter YoY: -86.4% (accel: +8.8%)",
      "severity": "MEDIUM"
    },
    {
      "quarter": "2023-12 (Q4)",
      "signal": "YoY REVENUE GROWTH DECELERATION",
      "detail": "YoY growth: -86.4% vs prior quarter YoY: -20.7% (decel: -65.6%)",
      "severity": "WARNING"
    },
    {
      "quarter": "2023-09 (Q3)",
      "signal": "FCF MARGIN EXPANSION",
      "detail": "FCF margin: -156.0% -> -122.1% (+33.9%)",
      "severity": "MEDIUM"
    },
    {
      "quarter": "2023-09 (Q3)",
      "signal": "YoY REVENUE GROWTH DECELERATION",
      "detail": "YoY growth: -20.7% vs prior quarter YoY: -3.5% (decel: -17.2%)",
      "severity": "WARNING"
    },
    {
      "quarter": "2023-06 (Q2)",
      "signal": "YoY REVENUE GROWTH DECELERATION",
      "detail": "YoY growth: -3.5% vs prior quarter YoY: +75.8% (decel: -79.3%)",
      "severity": "WARNING"
    },
    {
      "quarter": "2023-03 (Q1)",
      "signal": "FCF TURNED POSITIVE",
      "detail": "FCF margin: -34.4% -> +162.3%",
      "severity": "HIGH"
    },
    {
      "quarter": "2022-12 (Q4)",
      "signal": "FCF MARGIN EXPANSION",
      "detail": "FCF margin: -117.9% -> -34.4% (+83.5%)",
      "severity": "MEDIUM"
    },
    {
      "quarter": "2022-12 (Q4)",
      "signal": "OPERATING LEVERAGE",
      "detail": "Rev growth +411.5% vs OpEx growth +20.5% (leverage: 20.1x)",
      "severity": "MEDIUM"
    }
  ],
  "data_quality": {
    "n_quarters": 15,
    "coverage": {
      "revenue": [
        15,
        15
      ],
      "gross_profit": [
        0,
        15
      ],
      "op_income": [
        15,
        15
      ],
      "fcf": [
        15,
        15
      ]
    },
    "gaps": [],
    "warnings": [
      "gross_profit: no data"
    ]
  },
  "market_cap": null,
  "source": "SEC EDGAR",
  "last_updated": "2026-02-02T22:49:01.418131",
  "sector": "Healthcare",
  "industry": "Biotechnology"
}