{
  "ticker": "OAK-PA",
  "name": "Brookfield Oaktree Holdings, LLC",
  "quarters": [
    {
      "date": "2020-12-31T00:00:00",
      "quarter_label": "2020-12 (Q4)",
      "revenue": 247254000,
      "gross_profit": null,
      "operating_income": null,
      "net_income": 166016000,
      "opex": 134266000,
      "cogs": null,
      "rd": null,
      "sga": null,
      "fcf": -301992000,
      "ocf": -301597000,
      "capex": -395000,
      "gross_margin": null,
      "op_margin": null,
      "fcf_margin": -1.2213836783226966
    },
    {
      "date": "2021-03-31T00:00:00",
      "quarter_label": "2021-03 (Q1)",
      "revenue": 607751000,
      "gross_profit": null,
      "operating_income": null,
      "net_income": 285548000,
      "opex": 326938000,
      "cogs": null,
      "rd": null,
      "sga": null,
      "fcf": 66645000,
      "ocf": 66657000,
      "capex": -12000,
      "gross_margin": null,
      "op_margin": null,
      "fcf_margin": 0.10965839628400446,
      "op_leverage_ratio": 1.0160282279891342,
      "fcf_margin_change": 1.331042074606701
    },
    {
      "date": "2021-06-30T00:00:00",
      "quarter_label": "2021-06 (Q2)",
      "revenue": 150416000,
      "gross_profit": null,
      "operating_income": null,
      "net_income": 108912000,
      "opex": 112821000,
      "cogs": null,
      "rd": null,
      "sga": null,
      "fcf": -862335000,
      "ocf": -862176000,
      "capex": -159000,
      "gross_margin": null,
      "op_margin": null,
      "fcf_margin": -5.733000478672482,
      "fcf_margin_change": -5.842658874956486
    },
    {
      "date": "2021-09-30T00:00:00",
      "quarter_label": "2021-09 (Q3)",
      "revenue": 226162000,
      "gross_profit": null,
      "operating_income": null,
      "net_income": 97037000,
      "opex": 152552000,
      "cogs": null,
      "rd": null,
      "sga": null,
      "fcf": -823806000,
      "ocf": -823714000,
      "capex": -92000,
      "gross_margin": null,
      "op_margin": null,
      "fcf_margin": -3.6425482618653886,
      "op_leverage_ratio": 1.4299673350966347,
      "fcf_margin_change": 2.090452216807093
    },
    {
      "date": "2021-12-31T00:00:00",
      "quarter_label": "2021-12 (Q4)",
      "revenue": 470081000,
      "gross_profit": null,
      "operating_income": null,
      "net_income": 140163000,
      "opex": 274134000,
      "cogs": null,
      "rd": null,
      "sga": null,
      "fcf": -1112908000,
      "ocf": -1112588000,
      "capex": -320000,
      "gross_margin": null,
      "op_margin": null,
      "fcf_margin": -2.3674813489590094,
      "rev_growth_yoy": 0.9012068561074846,
      "op_leverage_ratio": 1.3532393484783274,
      "fcf_margin_change": 1.2750669129063792
    },
    {
      "date": "2022-03-31T00:00:00",
      "quarter_label": "2022-03 (Q1)",
      "revenue": 63030000,
      "gross_profit": null,
      "operating_income": null,
      "net_income": 17682000,
      "opex": 80966000,
      "cogs": null,
      "rd": null,
      "sga": null,
      "fcf": -701898000,
      "ocf": -701802000,
      "capex": -96000,
      "gross_margin": null,
      "op_margin": null,
      "fcf_margin": -11.135935268919562,
      "rev_growth_yoy": -0.8962897634063951,
      "rev_growth_yoy_accel": -1.7974966195138797,
      "fcf_margin_change": -8.768453919960553
    },
    {
      "date": "2022-06-30T00:00:00",
      "quarter_label": "2022-06 (Q2)",
      "revenue": 116583000,
      "gross_profit": null,
      "operating_income": null,
      "net_income": -14527000,
      "opex": 74746000,
      "cogs": null,
      "rd": null,
      "sga": null,
      "fcf": -255492000,
      "ocf": -255450000,
      "capex": -42000,
      "gross_margin": null,
      "op_margin": null,
      "fcf_margin": -2.191503049329662,
      "rev_growth_yoy": -0.22492952877353473,
      "rev_growth_yoy_accel": 0.6713602346328604,
      "op_leverage_ratio": Infinity,
      "fcf_margin_change": 8.944432219589899
    },
    {
      "date": "2022-09-30T00:00:00",
      "quarter_label": "2022-09 (Q3)",
      "revenue": 59827000,
      "gross_profit": null,
      "operating_income": null,
      "net_income": 25542000,
      "opex": 65470000,
      "cogs": null,
      "rd": null,
      "sga": null,
      "fcf": -636466000,
      "ocf": -636179000,
      "capex": -287000,
      "gross_margin": null,
      "op_margin": null,
      "fcf_margin": -10.638440837748842,
      "rev_growth_yoy": -0.735468381071975,
      "rev_growth_yoy_accel": -0.5105388522984402,
      "fcf_margin_change": -8.44693778841918
    },
    {
      "date": "2022-12-31T00:00:00",
      "quarter_label": "2022-12 (Q4)",
      "revenue": 253153000,
      "gross_profit": null,
      "operating_income": null,
      "net_income": 174949000,
      "opex": 125961000,
      "cogs": null,
      "rd": null,
      "sga": null,
      "fcf": -300829000,
      "ocf": -300788000,
      "capex": -41000,
      "gross_margin": null,
      "op_margin": null,
      "fcf_margin": -1.1883287972095926,
      "rev_growth_yoy": -0.4614694063363548,
      "rev_growth_yoy_accel": 0.2739989747356202,
      "op_leverage_ratio": 3.4973944480853154,
      "fcf_margin_change": 9.45011204053925
    },
    {
      "date": "2023-03-31T00:00:00",
      "quarter_label": "2023-03 (Q1)",
      "revenue": 59401000,
      "gross_profit": null,
      "operating_income": null,
      "net_income": 45758000,
      "opex": 74689000,
      "cogs": null,
      "rd": null,
      "sga": null,
      "fcf": -156554000,
      "ocf": -156554000,
      "capex": null,
      "gross_margin": null,
      "op_margin": null,
      "fcf_margin": -2.635544856147203,
      "rev_growth_yoy": -0.05757575757575758,
      "rev_growth_yoy_accel": 0.40389364876059725,
      "fcf_margin_change": -1.4472160589376102
    },
    {
      "date": "2023-06-30T00:00:00",
      "quarter_label": "2023-06 (Q2)",
      "revenue": 2072000,
      "gross_profit": null,
      "operating_income": null,
      "net_income": 494000,
      "opex": 11958000,
      "cogs": null,
      "rd": null,
      "sga": null,
      "fcf": -213296000,
      "ocf": -213296000,
      "capex": null,
      "gross_margin": null,
      "op_margin": null,
      "fcf_margin": -102.94208494208495,
      "rev_growth_yoy": -0.9822272544024429,
      "rev_growth_yoy_accel": -0.9246514968266852,
      "fcf_margin_change": -100.30654008593774
    },
    {
      "date": "2023-09-30T00:00:00",
      "quarter_label": "2023-09 (Q3)",
      "revenue": 5000,
      "gross_profit": null,
      "operating_income": null,
      "net_income": 31933000,
      "opex": 16982000,
      "cogs": null,
      "rd": null,
      "sga": null,
      "fcf": 81127000,
      "ocf": 81127000,
      "capex": null,
      "gross_margin": null,
      "op_margin": null,
      "fcf_margin": 16225.4,
      "rev_growth_yoy": -0.9999164256940846,
      "rev_growth_yoy_accel": -0.017689171291641714,
      "fcf_margin_change": 16328.342084942085
    },
    {
      "date": "2023-12-31T00:00:00",
      "quarter_label": "2023-12 (Q4)",
      "revenue": 205847000,
      "gross_profit": null,
      "operating_income": null,
      "net_income": 142992000,
      "opex": 103207000,
      "cogs": null,
      "rd": null,
      "sga": null,
      "fcf": -441999000,
      "ocf": -441999000,
      "capex": null,
      "gross_margin": null,
      "op_margin": null,
      "fcf_margin": -2.147220994233581,
      "rev_growth_yoy": -0.18686723048907183,
      "rev_growth_yoy_accel": 0.8130491952050127,
      "op_leverage_ratio": 8108.109815018846,
      "fcf_margin_change": -16227.547220994233
    },
    {
      "date": "2024-03-31T00:00:00",
      "quarter_label": "2024-03 (Q1)",
      "revenue": 115329000,
      "gross_profit": null,
      "operating_income": null,
      "net_income": 83615000,
      "opex": 50483000,
      "cogs": null,
      "rd": null,
      "sga": null,
      "fcf": -236921000,
      "ocf": -236921000,
      "capex": null,
      "gross_margin": null,
      "op_margin": null,
      "fcf_margin": -2.054305508588473,
      "rev_growth_yoy": 0.941532970825407,
      "rev_growth_yoy_accel": 1.128400201314479,
      "fcf_margin_change": 0.09291548564510821
    },
    {
      "date": "2024-06-30T00:00:00",
      "quarter_label": "2024-06 (Q2)",
      "revenue": 2200000,
      "gross_profit": null,
      "operating_income": null,
      "net_income": 44803000,
      "opex": 19131000,
      "cogs": null,
      "rd": null,
      "sga": null,
      "fcf": -534312000,
      "ocf": -534312000,
      "capex": null,
      "gross_margin": null,
      "op_margin": null,
      "fcf_margin": -242.86909090909091,
      "rev_growth_yoy": 0.06177606177606178,
      "rev_growth_yoy_accel": -0.8797569090493452,
      "fcf_margin_change": -240.81478540050244
    },
    {
      "date": "2024-09-30T00:00:00",
      "quarter_label": "2024-09 (Q3)",
      "revenue": 140320000,
      "gross_profit": null,
      "operating_income": null,
      "net_income": 43591000,
      "opex": 41936000,
      "cogs": null,
      "rd": null,
      "sga": null,
      "fcf": 262629000,
      "ocf": 262629000,
      "capex": null,
      "gross_margin": null,
      "op_margin": null,
      "fcf_margin": 1.87164338654504,
      "rev_growth_yoy": 28063.0,
      "rev_growth_yoy_accel": 28062.938223938225,
      "op_leverage_ratio": 52.667352055968585,
      "fcf_margin_change": 244.74073429563595
    },
    {
      "date": "2024-12-31T00:00:00",
      "quarter_label": "2024-12 (Q4)",
      "revenue": 227571000,
      "gross_profit": null,
      "operating_income": null,
      "net_income": 135515000,
      "opex": 44493000,
      "cogs": null,
      "rd": null,
      "sga": null,
      "fcf": -30035000,
      "ocf": -30035000,
      "capex": null,
      "gross_margin": null,
      "op_margin": null,
      "fcf_margin": -0.1319807884132864,
      "rev_growth_yoy": 0.10553469324303974,
      "rev_growth_yoy_accel": -28062.894465306756,
      "op_leverage_ratio": 10.197814615813055,
      "fcf_margin_change": -2.0036241749583263
    },
    {
      "date": "2025-03-31T00:00:00",
      "quarter_label": "2025-03 (Q1)",
      "revenue": 143446000,
      "gross_profit": null,
      "operating_income": null,
      "net_income": -4999000,
      "opex": 61884000,
      "cogs": null,
      "rd": null,
      "sga": null,
      "fcf": 277733000,
      "ocf": 277733000,
      "capex": null,
      "gross_margin": null,
      "op_margin": null,
      "fcf_margin": 1.9361501889212664,
      "rev_growth_yoy": 0.24379817738816775,
      "rev_growth_yoy_accel": 0.138263484145128,
      "fcf_margin_change": 2.068130977334553
    },
    {
      "date": "2025-06-30T00:00:00",
      "quarter_label": "2025-06 (Q2)",
      "revenue": 121039000,
      "gross_profit": null,
      "operating_income": null,
      "net_income": 21563000,
      "opex": 42446000,
      "cogs": null,
      "rd": null,
      "sga": null,
      "fcf": 262275000,
      "ocf": 262275000,
      "capex": null,
      "gross_margin": null,
      "op_margin": null,
      "fcf_margin": 2.1668635728979915,
      "rev_growth_yoy": 54.01772727272727,
      "rev_growth_yoy_accel": 53.773929095339106,
      "fcf_margin_change": 0.23071338397672503
    },
    {
      "date": "2025-09-30T00:00:00",
      "quarter_label": "2025-09 (Q3)",
      "revenue": 160356000,
      "gross_profit": null,
      "operating_income": null,
      "net_income": 66533000,
      "opex": 33863000,
      "cogs": null,
      "rd": null,
      "sga": null,
      "fcf": 3655000,
      "ocf": 3655000,
      "capex": null,
      "gross_margin": null,
      "op_margin": null,
      "fcf_margin": 0.022793035496021352,
      "rev_growth_yoy": 0.14278791334093502,
      "rev_growth_yoy_accel": -53.87493935938634,
      "op_leverage_ratio": Infinity,
      "fcf_margin_change": -2.14407053740197
    }
  ],
  "signals": [
    {
      "quarter": "2025-09 (Q3)",
      "signal": "YoY REVENUE GROWTH DECELERATION",
      "detail": "YoY growth: +14.3% vs prior quarter YoY: +5401.8% (decel: -5387.5%)",
      "severity": "WARNING"
    },
    {
      "quarter": "2025-06 (Q2)",
      "signal": "FCF MARGIN EXPANSION",
      "detail": "FCF margin: +193.6% -> +216.7% (+23.1%)",
      "severity": "MEDIUM"
    },
    {
      "quarter": "2025-06 (Q2)",
      "signal": "YoY REVENUE GROWTH ACCELERATION",
      "detail": "YoY growth: +5401.8% vs prior quarter YoY: +24.4% (accel: +5377.4%)",
      "severity": "HIGH"
    },
    {
      "quarter": "2025-03 (Q1)",
      "signal": "FCF TURNED POSITIVE",
      "detail": "FCF margin: -13.2% -> +193.6%",
      "severity": "HIGH"
    },
    {
      "quarter": "2025-03 (Q1)",
      "signal": "YoY REVENUE GROWTH ACCELERATION",
      "detail": "YoY growth: +24.4% vs prior quarter YoY: +10.6% (accel: +13.8%)",
      "severity": "MEDIUM"
    },
    {
      "quarter": "2024-12 (Q4)",
      "signal": "OPERATING LEVERAGE",
      "detail": "Rev growth +62.2% vs OpEx growth +6.1% (leverage: 10.2x)",
      "severity": "MEDIUM"
    },
    {
      "quarter": "2024-12 (Q4)",
      "signal": "YoY REVENUE GROWTH DECELERATION",
      "detail": "YoY growth: +10.6% vs prior quarter YoY: +2806300.0% (decel: -2806289.4%)",
      "severity": "WARNING"
    },
    {
      "quarter": "2024-09 (Q3)",
      "signal": "FCF TURNED POSITIVE",
      "detail": "FCF margin: -24286.9% -> +187.2%",
      "severity": "HIGH"
    },
    {
      "quarter": "2024-09 (Q3)",
      "signal": "OPERATING LEVERAGE",
      "detail": "Rev growth +6278.2% vs OpEx growth +119.2% (leverage: 52.7x)",
      "severity": "MEDIUM"
    },
    {
      "quarter": "2024-09 (Q3)",
      "signal": "YoY REVENUE GROWTH ACCELERATION",
      "detail": "YoY growth: +2806300.0% vs prior quarter YoY: +6.2% (accel: +2806293.8%)",
      "severity": "HIGH"
    },
    {
      "quarter": "2024-06 (Q2)",
      "signal": "YoY REVENUE GROWTH DECELERATION",
      "detail": "YoY growth: +6.2% vs prior quarter YoY: +94.2% (decel: -88.0%)",
      "severity": "WARNING"
    },
    {
      "quarter": "2024-03 (Q1)",
      "signal": "FCF MARGIN EXPANSION",
      "detail": "FCF margin: -214.7% -> -205.4% (+9.3%)",
      "severity": "MEDIUM"
    },
    {
      "quarter": "2024-03 (Q1)",
      "signal": "YoY REVENUE GROWTH ACCELERATION",
      "detail": "YoY growth: +94.2% vs prior quarter YoY: -18.7% (accel: +112.8%)",
      "severity": "HIGH"
    },
    {
      "quarter": "2023-12 (Q4)",
      "signal": "OPERATING LEVERAGE",
      "detail": "Rev growth +4116840.0% vs OpEx growth +507.7% (leverage: 8108.1x)",
      "severity": "MEDIUM"
    },
    {
      "quarter": "2023-12 (Q4)",
      "signal": "YoY REVENUE GROWTH ACCELERATION",
      "detail": "YoY growth: -18.7% vs prior quarter YoY: -100.0% (accel: +81.3%)",
      "severity": "HIGH"
    },
    {
      "quarter": "2023-09 (Q3)",
      "signal": "FCF TURNED POSITIVE",
      "detail": "FCF margin: -10294.2% -> +1622540.0%",
      "severity": "HIGH"
    },
    {
      "quarter": "2023-06 (Q2)",
      "signal": "YoY REVENUE GROWTH DECELERATION",
      "detail": "YoY growth: -98.2% vs prior quarter YoY: -5.8% (decel: -92.5%)",
      "severity": "WARNING"
    },
    {
      "quarter": "2023-03 (Q1)",
      "signal": "YoY REVENUE GROWTH ACCELERATION",
      "detail": "YoY growth: -5.8% vs prior quarter YoY: -46.1% (accel: +40.4%)",
      "severity": "HIGH"
    },
    {
      "quarter": "2022-12 (Q4)",
      "signal": "FCF MARGIN EXPANSION",
      "detail": "FCF margin: -1063.8% -> -118.8% (+945.0%)",
      "severity": "MEDIUM"
    },
    {
      "quarter": "2022-12 (Q4)",
      "signal": "OPERATING LEVERAGE",
      "detail": "Rev growth +323.1% vs OpEx growth +92.4% (leverage: 3.5x)",
      "severity": "MEDIUM"
    },
    {
      "quarter": "2022-12 (Q4)",
      "signal": "YoY REVENUE GROWTH ACCELERATION",
      "detail": "YoY growth: -46.1% vs prior quarter YoY: -73.5% (accel: +27.4%)",
      "severity": "HIGH"
    },
    {
      "quarter": "2022-09 (Q3)",
      "signal": "YoY REVENUE GROWTH DECELERATION",
      "detail": "YoY growth: -73.5% vs prior quarter YoY: -22.5% (decel: -51.1%)",
      "severity": "WARNING"
    },
    {
      "quarter": "2022-06 (Q2)",
      "signal": "FCF MARGIN EXPANSION",
      "detail": "FCF margin: -1113.6% -> -219.2% (+894.4%)",
      "severity": "MEDIUM"
    },
    {
      "quarter": "2022-06 (Q2)",
      "signal": "YoY REVENUE GROWTH ACCELERATION",
      "detail": "YoY growth: -22.5% vs prior quarter YoY: -89.6% (accel: +67.1%)",
      "severity": "HIGH"
    },
    {
      "quarter": "2022-03 (Q1)",
      "signal": "YoY REVENUE GROWTH DECELERATION",
      "detail": "YoY growth: -89.6% vs prior quarter YoY: +90.1% (decel: -179.7%)",
      "severity": "WARNING"
    },
    {
      "quarter": "2021-12 (Q4)",
      "signal": "FCF MARGIN EXPANSION",
      "detail": "FCF margin: -364.3% -> -236.7% (+127.5%)",
      "severity": "MEDIUM"
    },
    {
      "quarter": "2021-09 (Q3)",
      "signal": "FCF MARGIN EXPANSION",
      "detail": "FCF margin: -573.3% -> -364.3% (+209.0%)",
      "severity": "MEDIUM"
    },
    {
      "quarter": "2021-03 (Q1)",
      "signal": "FCF TURNED POSITIVE",
      "detail": "FCF margin: -122.1% -> +11.0%",
      "severity": "HIGH"
    }
  ],
  "data_quality": {
    "n_quarters": 20,
    "coverage": {
      "revenue": [
        20,
        20
      ],
      "gross_profit": [
        0,
        20
      ],
      "op_income": [
        0,
        20
      ],
      "fcf": [
        20,
        20
      ]
    },
    "gaps": [],
    "warnings": [
      "gross_profit: no data",
      "op_income: no data"
    ]
  },
  "market_cap": null,
  "source": "SEC EDGAR",
  "last_updated": "2026-02-03T00:39:52.014520"
}