{
  "ticker": "ODFL",
  "name": "OLD DOMINION FREIGHT LINE, INC.",
  "quarters": [
    {
      "date": "2020-12-31T00:00:00",
      "quarter_label": "2020-12 (Q4)",
      "revenue": 1073389000,
      "gross_profit": null,
      "operating_income": 254302000,
      "net_income": null,
      "opex": 819087000,
      "cogs": null,
      "rd": null,
      "sga": null,
      "fcf": 246566000,
      "ocf": 246566000,
      "capex": null,
      "gross_margin": null,
      "op_margin": 0.2369150419838474,
      "fcf_margin": 0.22970796235102092
    },
    {
      "date": "2021-03-31T00:00:00",
      "quarter_label": "2021-03 (Q1)",
      "revenue": 1126515000,
      "gross_profit": null,
      "operating_income": 269657000,
      "net_income": 199359000,
      "opex": 856858000,
      "cogs": null,
      "rd": null,
      "sga": null,
      "fcf": 310308000,
      "ocf": 310308000,
      "capex": null,
      "gross_margin": null,
      "op_margin": 0.23937275579996717,
      "fcf_margin": 0.27545838271128215,
      "op_leverage_ratio": 1.0733009843415882,
      "fcf_margin_change": 0.045750420360261224
    },
    {
      "date": "2021-06-30T00:00:00",
      "quarter_label": "2021-06 (Q2)",
      "revenue": 1319409000,
      "gross_profit": null,
      "operating_income": 366044000,
      "net_income": 269576000,
      "opex": 953365000,
      "cogs": null,
      "rd": null,
      "sga": null,
      "fcf": 197983000,
      "ocf": 197983000,
      "capex": null,
      "gross_margin": null,
      "op_margin": 0.2774302737058789,
      "fcf_margin": 0.15005430461668823,
      "op_leverage_ratio": 1.5203086992935346,
      "fcf_margin_change": -0.12540407809459392
    },
    {
      "date": "2021-09-30T00:00:00",
      "quarter_label": "2021-09 (Q3)",
      "revenue": 1400046000,
      "gross_profit": null,
      "operating_income": 383410000,
      "net_income": 286634000,
      "opex": 1016636000,
      "cogs": null,
      "rd": null,
      "sga": null,
      "fcf": 364324000,
      "ocf": 364324000,
      "capex": null,
      "gross_margin": null,
      "op_margin": 0.27385528761197847,
      "fcf_margin": 0.26022287839113856,
      "op_leverage_ratio": 0.9208935376267017,
      "fcf_margin_change": 0.11016857377445033
    },
    {
      "date": "2021-12-31T00:00:00",
      "quarter_label": "2021-12 (Q4)",
      "revenue": 1410358000,
      "gross_profit": null,
      "operating_income": 372491000,
      "net_income": 278806000,
      "opex": 1037867000,
      "cogs": null,
      "rd": null,
      "sga": null,
      "fcf": 339991000,
      "ocf": 339991000,
      "capex": null,
      "gross_margin": null,
      "op_margin": 0.26411095622529884,
      "fcf_margin": 0.24106716167100836,
      "incr_op_margin_yoy": 0.3507414628645365,
      "rev_growth_yoy": 0.3139299918296163,
      "fcf_margin_change": -0.019155716720130195
    },
    {
      "date": "2022-03-31T00:00:00",
      "quarter_label": "2022-03 (Q1)",
      "revenue": 1497280000,
      "gross_profit": null,
      "operating_income": 405618000,
      "net_income": 299751000,
      "opex": 1091662000,
      "cogs": null,
      "rd": null,
      "sga": null,
      "fcf": 388725000,
      "ocf": 388725000,
      "capex": null,
      "gross_margin": null,
      "op_margin": 0.27090323787134,
      "fcf_margin": 0.25962077901260955,
      "incr_op_margin_yoy": 0.36670397691259965,
      "rev_growth_yoy": 0.3291256663249047,
      "rev_growth_yoy_accel": 0.015195674495288414,
      "op_leverage_ratio": 1.1890500504319097,
      "fcf_margin_change": 0.018553617341601186
    },
    {
      "date": "2022-06-30T00:00:00",
      "quarter_label": "2022-06 (Q2)",
      "revenue": 1667448000,
      "gross_profit": null,
      "operating_income": 508705000,
      "net_income": 376078000,
      "opex": 1158743000,
      "cogs": null,
      "rd": null,
      "sga": null,
      "fcf": 427328000,
      "ocf": 427328000,
      "capex": null,
      "gross_margin": null,
      "op_margin": 0.3050799785060764,
      "fcf_margin": 0.25627665750296263,
      "incr_op_margin_yoy": 0.4098994652898095,
      "rev_growth_yoy": 0.2637840123873643,
      "rev_growth_yoy_accel": -0.06534165393754038,
      "op_leverage_ratio": 1.849539181257134,
      "fcf_margin_change": -0.0033441215096469135
    },
    {
      "date": "2022-09-30T00:00:00",
      "quarter_label": "2022-09 (Q3)",
      "revenue": 1603690000,
      "gross_profit": null,
      "operating_income": 496080000,
      "net_income": 377401000,
      "opex": 1107610000,
      "cogs": null,
      "rd": null,
      "sga": null,
      "fcf": 514181000,
      "ocf": 514181000,
      "capex": null,
      "gross_margin": null,
      "op_margin": 0.30933659248358475,
      "fcf_margin": 0.32062368662272633,
      "incr_op_margin_yoy": 0.5532694309677673,
      "rev_growth_yoy": 0.14545522075703227,
      "rev_growth_yoy_accel": -0.11832879163033205,
      "fcf_margin_change": 0.0643470291197637
    },
    {
      "date": "2022-12-31T00:00:00",
      "quarter_label": "2022-12 (Q4)",
      "revenue": 1491659000,
      "gross_profit": null,
      "operating_income": 430229000,
      "net_income": 323929000,
      "opex": 1061430000,
      "cogs": null,
      "rd": null,
      "sga": null,
      "fcf": 361348000,
      "ocf": 361348000,
      "capex": null,
      "gross_margin": null,
      "op_margin": 0.2884231583760095,
      "fcf_margin": 0.24224571433551503,
      "incr_op_margin_yoy": 0.7101757665957368,
      "rev_growth_yoy": 0.057645647417180604,
      "rev_growth_yoy_accel": -0.08780957333985166,
      "fcf_margin_change": -0.0783779722872113
    },
    {
      "date": "2023-03-31T00:00:00",
      "quarter_label": "2023-03 (Q1)",
      "revenue": 1442136000,
      "gross_profit": null,
      "operating_income": 383049000,
      "net_income": 285038000,
      "opex": 1059087000,
      "cogs": null,
      "rd": null,
      "sga": null,
      "fcf": 415367000,
      "ocf": 415367000,
      "capex": null,
      "gross_margin": null,
      "op_margin": 0.2656122584832498,
      "fcf_margin": 0.2880220728142145,
      "incr_op_margin_yoy": 0.40927390105904543,
      "rev_growth_yoy": -0.03682945073733704,
      "rev_growth_yoy_accel": -0.09447509815451764,
      "fcf_margin_change": 0.04577635847869946
    },
    {
      "date": "2023-06-30T00:00:00",
      "quarter_label": "2023-06 (Q2)",
      "revenue": 1413189000,
      "gross_profit": null,
      "operating_income": 391594000,
      "net_income": 292362000,
      "opex": 1021595000,
      "cogs": null,
      "rd": null,
      "sga": null,
      "fcf": 287840000,
      "ocf": 287840000,
      "capex": null,
      "gross_margin": null,
      "op_margin": 0.27709952455050246,
      "fcf_margin": 0.20368117781839512,
      "incr_op_margin_yoy": 0.46059726499356957,
      "rev_growth_yoy": -0.15248391554039467,
      "rev_growth_yoy_accel": -0.11565446480305763,
      "fcf_margin_change": -0.08434089499581937
    },
    {
      "date": "2023-09-30T00:00:00",
      "quarter_label": "2023-09 (Q3)",
      "revenue": 1515277000,
      "gross_profit": null,
      "operating_income": 445019000,
      "net_income": 339287000,
      "opex": 1070258000,
      "cogs": null,
      "rd": null,
      "sga": null,
      "fcf": 429235000,
      "ocf": 429235000,
      "capex": null,
      "gross_margin": null,
      "op_margin": 0.29368821674188944,
      "fcf_margin": 0.28327163944282135,
      "incr_op_margin_yoy": 0.5775281915555405,
      "rev_growth_yoy": -0.05513097917926781,
      "rev_growth_yoy_accel": 0.09735293636112685,
      "op_leverage_ratio": 1.5165415970591274,
      "fcf_margin_change": 0.07959046162442623
    },
    {
      "date": "2023-12-31T00:00:00",
      "quarter_label": "2023-12 (Q4)",
      "revenue": 1495550000,
      "gross_profit": null,
      "operating_income": 421011000,
      "net_income": 322815000,
      "opex": 1074539000,
      "cogs": null,
      "rd": null,
      "sga": null,
      "fcf": 436693000,
      "ocf": 436693000,
      "capex": null,
      "gross_margin": null,
      "op_margin": 0.2815091437932533,
      "fcf_margin": 0.29199491825749724,
      "incr_op_margin_yoy": -2.3690567977383705,
      "rev_growth_yoy": 0.002608505026953211,
      "rev_growth_yoy_accel": 0.05773948420622102,
      "fcf_margin_change": 0.008723278814675883
    },
    {
      "date": "2024-03-31T00:00:00",
      "quarter_label": "2024-03 (Q1)",
      "revenue": 1460073000,
      "gross_profit": null,
      "operating_income": 386426000,
      "net_income": 292304000,
      "opex": 1073647000,
      "cogs": null,
      "rd": null,
      "sga": null,
      "fcf": 423893000,
      "ocf": 423893000,
      "capex": null,
      "gross_margin": null,
      "op_margin": 0.2646621093602854,
      "fcf_margin": 0.29032315507512296,
      "incr_op_margin_yoy": 0.18827005630818977,
      "rev_growth_yoy": 0.012437800595782922,
      "rev_growth_yoy_accel": 0.00982929556882971,
      "fcf_margin_change": -0.0016717631823742751
    },
    {
      "date": "2024-06-30T00:00:00",
      "quarter_label": "2024-06 (Q2)",
      "revenue": 1498697000,
      "gross_profit": null,
      "operating_income": 421691000,
      "net_income": 322045000,
      "opex": 1077006000,
      "cogs": null,
      "rd": null,
      "sga": null,
      "fcf": 387855000,
      "ocf": 387855000,
      "capex": null,
      "gross_margin": null,
      "op_margin": 0.2813717515948854,
      "fcf_margin": 0.2587948064218451,
      "incr_op_margin_yoy": 0.3519787622210787,
      "rev_growth_yoy": 0.06050712254341068,
      "rev_growth_yoy_accel": 0.04806932194762776,
      "op_leverage_ratio": 8.45540062163392,
      "fcf_margin_change": -0.03152834865327786
    },
    {
      "date": "2024-09-30T00:00:00",
      "quarter_label": "2024-09 (Q3)",
      "revenue": 1470211000,
      "gross_profit": null,
      "operating_income": 401861000,
      "net_income": 308580000,
      "opex": 1068350000,
      "cogs": null,
      "rd": null,
      "sga": null,
      "fcf": 446476000,
      "ocf": 446476000,
      "capex": null,
      "gross_margin": null,
      "op_margin": 0.273335596047098,
      "fcf_margin": 0.30368158039900395,
      "incr_op_margin_yoy": 0.9576620955931301,
      "rev_growth_yoy": -0.029741096842359517,
      "rev_growth_yoy_accel": -0.0902482193857702,
      "fcf_margin_change": 0.044886773977158845
    },
    {
      "date": "2024-12-31T00:00:00",
      "quarter_label": "2024-12 (Q4)",
      "revenue": 1385829000,
      "gross_profit": null,
      "operating_income": 334020000,
      "net_income": 263144000,
      "opex": 1051809000,
      "cogs": null,
      "rd": null,
      "sga": null,
      "fcf": 401059000,
      "ocf": 401059000,
      "capex": null,
      "gross_margin": null,
      "op_margin": 0.24102540789664526,
      "fcf_margin": 0.28940006306694405,
      "incr_op_margin_yoy": 0.7928381987039855,
      "rev_growth_yoy": -0.07336498278225402,
      "rev_growth_yoy_accel": -0.043623885939894504,
      "fcf_margin_change": -0.014281517332059901
    },
    {
      "date": "2025-03-31T00:00:00",
      "quarter_label": "2025-03 (Q1)",
      "revenue": 1374858000,
      "gross_profit": null,
      "operating_income": 338055000,
      "net_income": 254660000,
      "opex": 1036803000,
      "cogs": null,
      "rd": null,
      "sga": null,
      "fcf": 336519000,
      "ocf": 336519000,
      "capex": null,
      "gross_margin": null,
      "op_margin": 0.24588357488555182,
      "fcf_margin": 0.24476636859952083,
      "incr_op_margin_yoy": 0.5676348060787421,
      "rev_growth_yoy": -0.05836352018015538,
      "rev_growth_yoy_accel": 0.015001462602098642,
      "fcf_margin_change": -0.04463369446742321
    },
    {
      "date": "2025-06-30T00:00:00",
      "quarter_label": "2025-06 (Q2)",
      "revenue": 1407724000,
      "gross_profit": null,
      "operating_income": 357895000,
      "net_income": 268626000,
      "opex": 1049829000,
      "cogs": null,
      "rd": null,
      "sga": null,
      "fcf": 285847000,
      "ocf": 285847000,
      "capex": null,
      "gross_margin": null,
      "op_margin": 0.25423662592951457,
      "fcf_margin": 0.20305613884539866,
      "incr_op_margin_yoy": 0.701263012102492,
      "rev_growth_yoy": -0.06070139594594504,
      "rev_growth_yoy_accel": -0.002337875765789664,
      "op_leverage_ratio": 1.9027169067873066,
      "fcf_margin_change": -0.04171022975412217
    },
    {
      "date": "2025-09-30T00:00:00",
      "quarter_label": "2025-09 (Q3)",
      "revenue": 1406511000,
      "gross_profit": null,
      "operating_income": 360844000,
      "net_income": 270947000,
      "opex": 1045667000,
      "cogs": null,
      "rd": null,
      "sga": null,
      "fcf": 437474000,
      "ocf": 437474000,
      "capex": null,
      "gross_margin": null,
      "op_margin": 0.2565525616223407,
      "fcf_margin": 0.31103489414586877,
      "incr_op_margin_yoy": 0.6439089481946625,
      "rev_growth_yoy": -0.043327114271352885,
      "rev_growth_yoy_accel": 0.01737428167459216,
      "fcf_margin_change": 0.1079787553004701
    }
  ],
  "signals": [
    {
      "quarter": "2025-09 (Q3)",
      "signal": "FCF MARGIN EXPANSION",
      "detail": "FCF margin: +20.3% -> +31.1% (+10.8%)",
      "severity": "MEDIUM"
    },
    {
      "quarter": "2025-09 (Q3)",
      "signal": "INCREMENTAL MARGIN (YoY)",
      "detail": "YoY Incr OPM: +64.4% vs year-ago OPM: +27.3%",
      "severity": "HIGH"
    },
    {
      "quarter": "2025-06 (Q2)",
      "signal": "OPERATING LEVERAGE",
      "detail": "Rev growth +2.4% vs OpEx growth +1.3% (leverage: 1.9x)",
      "severity": "MEDIUM"
    },
    {
      "quarter": "2025-06 (Q2)",
      "signal": "INCREMENTAL MARGIN (YoY)",
      "detail": "YoY Incr OPM: +70.1% vs year-ago OPM: +28.1%",
      "severity": "HIGH"
    },
    {
      "quarter": "2025-03 (Q1)",
      "signal": "INCREMENTAL MARGIN (YoY)",
      "detail": "YoY Incr OPM: +56.8% vs year-ago OPM: +26.5%",
      "severity": "HIGH"
    },
    {
      "quarter": "2024-12 (Q4)",
      "signal": "INCREMENTAL MARGIN (YoY)",
      "detail": "YoY Incr OPM: +79.3% vs year-ago OPM: +28.2%",
      "severity": "HIGH"
    },
    {
      "quarter": "2024-09 (Q3)",
      "signal": "YoY REVENUE GROWTH DECELERATION",
      "detail": "YoY growth: -3.0% vs prior quarter YoY: +6.1% (decel: -9.0%)",
      "severity": "WARNING"
    },
    {
      "quarter": "2024-09 (Q3)",
      "signal": "INCREMENTAL MARGIN (YoY)",
      "detail": "YoY Incr OPM: +95.8% vs year-ago OPM: +29.4%",
      "severity": "HIGH"
    },
    {
      "quarter": "2024-06 (Q2)",
      "signal": "OPERATING LEVERAGE",
      "detail": "Rev growth +2.6% vs OpEx growth +0.3% (leverage: 8.5x)",
      "severity": "MEDIUM"
    },
    {
      "quarter": "2023-12 (Q4)",
      "signal": "YoY REVENUE GROWTH ACCELERATION",
      "detail": "YoY growth: +0.3% vs prior quarter YoY: -5.5% (accel: +5.8%)",
      "severity": "MEDIUM"
    },
    {
      "quarter": "2023-09 (Q3)",
      "signal": "FCF MARGIN EXPANSION",
      "detail": "FCF margin: +20.4% -> +28.3% (+8.0%)",
      "severity": "MEDIUM"
    },
    {
      "quarter": "2023-09 (Q3)",
      "signal": "OPERATING LEVERAGE",
      "detail": "Rev growth +7.2% vs OpEx growth +4.8% (leverage: 1.5x)",
      "severity": "MEDIUM"
    },
    {
      "quarter": "2023-09 (Q3)",
      "signal": "YoY REVENUE GROWTH ACCELERATION",
      "detail": "YoY growth: -5.5% vs prior quarter YoY: -15.2% (accel: +9.7%)",
      "severity": "MEDIUM"
    },
    {
      "quarter": "2023-09 (Q3)",
      "signal": "INCREMENTAL MARGIN (YoY)",
      "detail": "YoY Incr OPM: +57.8% vs year-ago OPM: +30.9%",
      "severity": "HIGH"
    },
    {
      "quarter": "2023-06 (Q2)",
      "signal": "YoY REVENUE GROWTH DECELERATION",
      "detail": "YoY growth: -15.2% vs prior quarter YoY: -3.7% (decel: -11.6%)",
      "severity": "WARNING"
    },
    {
      "quarter": "2023-06 (Q2)",
      "signal": "INCREMENTAL MARGIN (YoY)",
      "detail": "YoY Incr OPM: +46.1% vs year-ago OPM: +30.5%",
      "severity": "MEDIUM"
    },
    {
      "quarter": "2023-03 (Q1)",
      "signal": "YoY REVENUE GROWTH DECELERATION",
      "detail": "YoY growth: -3.7% vs prior quarter YoY: +5.8% (decel: -9.4%)",
      "severity": "WARNING"
    },
    {
      "quarter": "2023-03 (Q1)",
      "signal": "INCREMENTAL MARGIN (YoY)",
      "detail": "YoY Incr OPM: +40.9% vs year-ago OPM: +27.1%",
      "severity": "MEDIUM"
    },
    {
      "quarter": "2022-12 (Q4)",
      "signal": "YoY REVENUE GROWTH DECELERATION",
      "detail": "YoY growth: +5.8% vs prior quarter YoY: +14.5% (decel: -8.8%)",
      "severity": "WARNING"
    },
    {
      "quarter": "2022-12 (Q4)",
      "signal": "INCREMENTAL MARGIN (YoY)",
      "detail": "YoY Incr OPM: +71.0% vs year-ago OPM: +26.4%",
      "severity": "HIGH"
    },
    {
      "quarter": "2022-09 (Q3)",
      "signal": "FCF MARGIN EXPANSION",
      "detail": "FCF margin: +25.6% -> +32.1% (+6.4%)",
      "severity": "MEDIUM"
    },
    {
      "quarter": "2022-09 (Q3)",
      "signal": "YoY REVENUE GROWTH DECELERATION",
      "detail": "YoY growth: +14.5% vs prior quarter YoY: +26.4% (decel: -11.8%)",
      "severity": "WARNING"
    },
    {
      "quarter": "2022-09 (Q3)",
      "signal": "INCREMENTAL MARGIN (YoY)",
      "detail": "YoY Incr OPM: +55.3% vs year-ago OPM: +27.4%",
      "severity": "HIGH"
    },
    {
      "quarter": "2022-06 (Q2)",
      "signal": "OPERATING LEVERAGE",
      "detail": "Rev growth +11.4% vs OpEx growth +6.1% (leverage: 1.8x)",
      "severity": "MEDIUM"
    },
    {
      "quarter": "2022-06 (Q2)",
      "signal": "YoY REVENUE GROWTH DECELERATION",
      "detail": "YoY growth: +26.4% vs prior quarter YoY: +32.9% (decel: -6.5%)",
      "severity": "WARNING"
    },
    {
      "quarter": "2022-06 (Q2)",
      "signal": "INCREMENTAL MARGIN (YoY)",
      "detail": "YoY Incr OPM: +41.0% vs year-ago OPM: +27.7%",
      "severity": "MEDIUM"
    },
    {
      "quarter": "2022-03 (Q1)",
      "signal": "INCREMENTAL MARGIN (YoY)",
      "detail": "YoY Incr OPM: +36.7% vs year-ago OPM: +23.9%",
      "severity": "MEDIUM"
    },
    {
      "quarter": "2021-12 (Q4)",
      "signal": "INCREMENTAL MARGIN (YoY)",
      "detail": "YoY Incr OPM: +35.1% vs year-ago OPM: +23.7%",
      "severity": "MEDIUM"
    },
    {
      "quarter": "2021-09 (Q3)",
      "signal": "FCF MARGIN EXPANSION",
      "detail": "FCF margin: +15.0% -> +26.0% (+11.0%)",
      "severity": "MEDIUM"
    },
    {
      "quarter": "2021-06 (Q2)",
      "signal": "OPERATING LEVERAGE",
      "detail": "Rev growth +17.1% vs OpEx growth +11.3% (leverage: 1.5x)",
      "severity": "MEDIUM"
    }
  ],
  "data_quality": {
    "n_quarters": 20,
    "coverage": {
      "revenue": [
        20,
        20
      ],
      "gross_profit": [
        0,
        20
      ],
      "op_income": [
        20,
        20
      ],
      "fcf": [
        20,
        20
      ]
    },
    "gaps": [],
    "warnings": [
      "gross_profit: no data"
    ]
  },
  "market_cap": null,
  "source": "SEC EDGAR",
  "last_updated": "2026-02-02T20:05:24.791100",
  "sector": "Industrials",
  "industry": "Trucking"
}