{
  "ticker": "OGN",
  "name": "Organon & Co.",
  "quarters": [
    {
      "date": "2020-12-31T00:00:00",
      "quarter_label": "2020-12 (Q4)",
      "revenue": 1613000000,
      "gross_profit": 1027000000,
      "operating_income": null,
      "net_income": 368000000,
      "opex": null,
      "cogs": 586000000,
      "rd": 60000000,
      "sga": 434000000,
      "fcf": null,
      "ocf": null,
      "capex": -121000000,
      "gross_margin": 0.6367017978921264,
      "op_margin": null,
      "fcf_margin": null
    },
    {
      "date": "2021-03-31T00:00:00",
      "quarter_label": "2021-03 (Q1)",
      "revenue": 1506000000,
      "gross_profit": 915000000,
      "operating_income": null,
      "net_income": 399000000,
      "opex": null,
      "cogs": 591000000,
      "rd": 67000000,
      "sga": 382000000,
      "fcf": null,
      "ocf": null,
      "capex": -38000000,
      "gross_margin": 0.6075697211155379,
      "op_margin": null,
      "fcf_margin": null
    },
    {
      "date": "2021-06-30T00:00:00",
      "quarter_label": "2021-06 (Q2)",
      "revenue": 1595000000,
      "gross_profit": 1012000000,
      "operating_income": null,
      "net_income": 427000000,
      "opex": null,
      "cogs": 583000000,
      "rd": 76000000,
      "sga": 416000000,
      "fcf": null,
      "ocf": null,
      "capex": -59000000,
      "gross_margin": 0.6344827586206897,
      "op_margin": null,
      "fcf_margin": null
    },
    {
      "date": "2021-09-30T00:00:00",
      "quarter_label": "2021-09 (Q3)",
      "revenue": 1600000000,
      "gross_profit": 991000000,
      "operating_income": null,
      "net_income": 323000000,
      "opex": null,
      "cogs": 609000000,
      "rd": 111000000,
      "sga": 388000000,
      "fcf": null,
      "ocf": null,
      "capex": -36000000,
      "gross_margin": 0.619375,
      "op_margin": null,
      "fcf_margin": null
    },
    {
      "date": "2021-12-31T00:00:00",
      "quarter_label": "2021-12 (Q4)",
      "revenue": 1603000000,
      "gross_profit": 1004000000,
      "operating_income": null,
      "net_income": 202000000,
      "opex": null,
      "cogs": 599000000,
      "rd": 189000000,
      "sga": 482000000,
      "fcf": null,
      "ocf": null,
      "capex": -59000000,
      "gross_margin": 0.6263256394260761,
      "op_margin": null,
      "fcf_margin": null,
      "rev_growth_yoy": -0.006199628022318661
    },
    {
      "date": "2022-03-31T00:00:00",
      "quarter_label": "2022-03 (Q1)",
      "revenue": 1567000000,
      "gross_profit": 1006000000,
      "operating_income": null,
      "net_income": 348000000,
      "opex": null,
      "cogs": 561000000,
      "rd": 96000000,
      "sga": 371000000,
      "fcf": 90000000,
      "ocf": 123000000,
      "capex": -33000000,
      "gross_margin": 0.6419910657306956,
      "op_margin": null,
      "fcf_margin": 0.0574345883854499,
      "rev_growth_yoy": 0.04050464807436919,
      "rev_growth_yoy_accel": 0.04670427609668785
    },
    {
      "date": "2022-06-30T00:00:00",
      "quarter_label": "2022-06 (Q2)",
      "revenue": 1585000000,
      "gross_profit": 997000000,
      "operating_income": null,
      "net_income": 234000000,
      "opex": null,
      "cogs": 588000000,
      "rd": null,
      "sga": 423000000,
      "fcf": 106000000,
      "ocf": 151000000,
      "capex": -45000000,
      "gross_margin": 0.6290220820189274,
      "op_margin": null,
      "fcf_margin": 0.06687697160883281,
      "rev_growth_yoy": -0.006269592476489028,
      "rev_growth_yoy_accel": -0.046774240550858215,
      "fcf_margin_change": 0.009442383223382908
    },
    {
      "date": "2022-09-30T00:00:00",
      "quarter_label": "2022-09 (Q3)",
      "revenue": 1537000000,
      "gross_profit": 986000000,
      "operating_income": null,
      "net_income": 227000000,
      "opex": null,
      "cogs": 551000000,
      "rd": null,
      "sga": 440000000,
      "fcf": 262000000,
      "ocf": 317000000,
      "capex": -55000000,
      "gross_margin": 0.6415094339622641,
      "op_margin": null,
      "fcf_margin": 0.1704619388418998,
      "rev_growth_yoy": -0.039375,
      "rev_growth_yoy_accel": -0.033105407523510974,
      "fcf_margin_change": 0.103584967233067
    },
    {
      "date": "2022-12-31T00:00:00",
      "quarter_label": "2022-12 (Q4)",
      "revenue": 1485000000,
      "gross_profit": 891000000,
      "operating_income": null,
      "net_income": 108000000,
      "opex": null,
      "cogs": 594000000,
      "rd": null,
      "sga": 470000000,
      "fcf": 204000000,
      "ocf": 267000000,
      "capex": -63000000,
      "gross_margin": 0.6,
      "op_margin": null,
      "fcf_margin": 0.13737373737373737,
      "rev_growth_yoy": -0.07361197754210855,
      "rev_growth_yoy_accel": -0.03423697754210855,
      "fcf_margin_change": -0.03308820146816244
    },
    {
      "date": "2023-03-31T00:00:00",
      "quarter_label": "2023-03 (Q1)",
      "revenue": 1538000000,
      "gross_profit": 958000000,
      "operating_income": null,
      "net_income": 177000000,
      "opex": null,
      "cogs": 580000000,
      "rd": null,
      "sga": 435000000,
      "fcf": 68000000,
      "ocf": 114000000,
      "capex": -46000000,
      "gross_margin": 0.6228868660598179,
      "op_margin": null,
      "fcf_margin": 0.044213263979193757,
      "rev_growth_yoy": -0.018506700701978303,
      "rev_growth_yoy_accel": 0.055105276840130245,
      "fcf_margin_change": -0.09316047339454361
    },
    {
      "date": "2023-06-30T00:00:00",
      "quarter_label": "2023-06 (Q2)",
      "revenue": 1608000000,
      "gross_profit": 968000000,
      "operating_income": null,
      "net_income": 242000000,
      "opex": null,
      "cogs": 640000000,
      "rd": null,
      "sga": 451000000,
      "fcf": -44000000,
      "ocf": 27000000,
      "capex": -71000000,
      "gross_margin": 0.6019900497512438,
      "op_margin": null,
      "fcf_margin": -0.02736318407960199,
      "rev_growth_yoy": 0.014511041009463722,
      "rev_growth_yoy_accel": 0.03301774171144203,
      "fcf_margin_change": -0.07157644805879575
    },
    {
      "date": "2023-09-30T00:00:00",
      "quarter_label": "2023-09 (Q3)",
      "revenue": 1519000000,
      "gross_profit": 907000000,
      "operating_income": null,
      "net_income": 58000000,
      "opex": null,
      "cogs": 612000000,
      "rd": null,
      "sga": 538000000,
      "fcf": 206000000,
      "ocf": 261000000,
      "capex": -55000000,
      "gross_margin": 0.597103357472021,
      "op_margin": null,
      "fcf_margin": 0.13561553653719552,
      "rev_growth_yoy": -0.011711125569290826,
      "rev_growth_yoy_accel": -0.02622216657875455,
      "fcf_margin_change": 0.16297872061679752
    },
    {
      "date": "2023-12-31T00:00:00",
      "quarter_label": "2023-12 (Q4)",
      "revenue": 1598000000,
      "gross_profit": 915000000,
      "operating_income": null,
      "net_income": 546000000,
      "opex": null,
      "cogs": 683000000,
      "rd": null,
      "sga": 469000000,
      "fcf": 318000000,
      "ocf": 397000000,
      "capex": -79000000,
      "gross_margin": 0.5725907384230288,
      "op_margin": null,
      "fcf_margin": 0.19899874843554444,
      "rev_growth_yoy": 0.07609427609427609,
      "rev_growth_yoy_accel": 0.08780540166356691,
      "fcf_margin_change": 0.06338321189834892
    },
    {
      "date": "2024-03-31T00:00:00",
      "quarter_label": "2024-03 (Q1)",
      "revenue": 1622000000,
      "gross_profit": 957000000,
      "operating_income": null,
      "net_income": 201000000,
      "opex": null,
      "cogs": 665000000,
      "rd": null,
      "sga": 431000000,
      "fcf": 30000000,
      "ocf": 76000000,
      "capex": -46000000,
      "gross_margin": 0.5900123304562269,
      "op_margin": null,
      "fcf_margin": 0.018495684340320593,
      "rev_growth_yoy": 0.054616384915474644,
      "rev_growth_yoy_accel": -0.021477891178801445,
      "fcf_margin_change": -0.18050306409522385
    },
    {
      "date": "2024-06-30T00:00:00",
      "quarter_label": "2024-06 (Q2)",
      "revenue": 1607000000,
      "gross_profit": 939000000,
      "operating_income": null,
      "net_income": 195000000,
      "opex": null,
      "cogs": 668000000,
      "rd": null,
      "sga": 437000000,
      "fcf": 300000000,
      "ocf": 332000000,
      "capex": -32000000,
      "gross_margin": 0.5843186060983199,
      "op_margin": null,
      "fcf_margin": 0.18668326073428748,
      "rev_growth_yoy": -0.0006218905472636816,
      "rev_growth_yoy_accel": -0.05523827546273832,
      "fcf_margin_change": 0.1681875763939669
    },
    {
      "date": "2024-09-30T00:00:00",
      "quarter_label": "2024-09 (Q3)",
      "revenue": 1582000000,
      "gross_profit": 923000000,
      "operating_income": null,
      "net_income": 359000000,
      "opex": null,
      "cogs": 659000000,
      "rd": null,
      "sga": 422000000,
      "fcf": 99000000,
      "ocf": 141000000,
      "capex": -42000000,
      "gross_margin": 0.5834386852085968,
      "op_margin": null,
      "fcf_margin": 0.06257901390644753,
      "rev_growth_yoy": 0.041474654377880185,
      "rev_growth_yoy_accel": 0.042096544925143864,
      "fcf_margin_change": -0.12410424682783995
    },
    {
      "date": "2024-12-31T00:00:00",
      "quarter_label": "2024-12 (Q4)",
      "revenue": 1592000000,
      "gross_profit": 896000000,
      "operating_income": null,
      "net_income": 109000000,
      "opex": null,
      "cogs": 696000000,
      "rd": null,
      "sga": 470000000,
      "fcf": 335000000,
      "ocf": 390000000,
      "capex": -55000000,
      "gross_margin": 0.5628140703517588,
      "op_margin": null,
      "fcf_margin": 0.21042713567839197,
      "rev_growth_yoy": -0.0037546933667083854,
      "rev_growth_yoy_accel": -0.04522934774458857,
      "fcf_margin_change": 0.14784812177194445
    },
    {
      "date": "2025-03-31T00:00:00",
      "quarter_label": "2025-03 (Q1)",
      "revenue": 1513000000,
      "gross_profit": 841000000,
      "operating_income": null,
      "net_income": 87000000,
      "opex": null,
      "cogs": 672000000,
      "rd": null,
      "sga": 420000000,
      "fcf": 43000000,
      "ocf": 75000000,
      "capex": -32000000,
      "gross_margin": 0.5558493060145406,
      "op_margin": null,
      "fcf_margin": 0.028420356906807668,
      "rev_growth_yoy": -0.06720098643649815,
      "rev_growth_yoy_accel": -0.06344629306978976,
      "fcf_margin_change": -0.1820067787715843
    },
    {
      "date": "2025-06-30T00:00:00",
      "quarter_label": "2025-06 (Q2)",
      "revenue": 1594000000,
      "gross_profit": 874000000,
      "operating_income": null,
      "net_income": 145000000,
      "opex": null,
      "cogs": 720000000,
      "rd": null,
      "sga": 453000000,
      "fcf": 181000000,
      "ocf": 220000000,
      "capex": -39000000,
      "gross_margin": 0.548306148055207,
      "op_margin": null,
      "fcf_margin": 0.11355081555834379,
      "rev_growth_yoy": -0.008089607965152458,
      "rev_growth_yoy_accel": 0.05911137847134569,
      "fcf_margin_change": 0.08513045865153612
    },
    {
      "date": "2025-09-30T00:00:00",
      "quarter_label": "2025-09 (Q3)",
      "revenue": 1602000000,
      "gross_profit": 857000000,
      "operating_income": null,
      "net_income": 160000000,
      "opex": null,
      "cogs": 745000000,
      "rd": null,
      "sga": 415000000,
      "fcf": 218000000,
      "ocf": 264000000,
      "capex": -46000000,
      "gross_margin": 0.5349563046192259,
      "op_margin": null,
      "fcf_margin": 0.13607990012484394,
      "rev_growth_yoy": 0.012642225031605562,
      "rev_growth_yoy_accel": 0.020731832996758022,
      "fcf_margin_change": 0.022529084566500157
    }
  ],
  "signals": [
    {
      "quarter": "2025-06 (Q2)",
      "signal": "FCF MARGIN EXPANSION",
      "detail": "FCF margin: +2.8% -> +11.4% (+8.5%)",
      "severity": "MEDIUM"
    },
    {
      "quarter": "2025-06 (Q2)",
      "signal": "YoY REVENUE GROWTH ACCELERATION",
      "detail": "YoY growth: -0.8% vs prior quarter YoY: -6.7% (accel: +5.9%)",
      "severity": "MEDIUM"
    },
    {
      "quarter": "2025-03 (Q1)",
      "signal": "YoY REVENUE GROWTH DECELERATION",
      "detail": "YoY growth: -6.7% vs prior quarter YoY: -0.4% (decel: -6.3%)",
      "severity": "WARNING"
    },
    {
      "quarter": "2024-12 (Q4)",
      "signal": "FCF MARGIN EXPANSION",
      "detail": "FCF margin: +6.3% -> +21.0% (+14.8%)",
      "severity": "MEDIUM"
    },
    {
      "quarter": "2024-06 (Q2)",
      "signal": "FCF MARGIN EXPANSION",
      "detail": "FCF margin: +1.8% -> +18.7% (+16.8%)",
      "severity": "MEDIUM"
    },
    {
      "quarter": "2024-06 (Q2)",
      "signal": "YoY REVENUE GROWTH DECELERATION",
      "detail": "YoY growth: -0.1% vs prior quarter YoY: +5.5% (decel: -5.5%)",
      "severity": "WARNING"
    },
    {
      "quarter": "2023-12 (Q4)",
      "signal": "FCF MARGIN EXPANSION",
      "detail": "FCF margin: +13.6% -> +19.9% (+6.3%)",
      "severity": "MEDIUM"
    },
    {
      "quarter": "2023-12 (Q4)",
      "signal": "YoY REVENUE GROWTH ACCELERATION",
      "detail": "YoY growth: +7.6% vs prior quarter YoY: -1.2% (accel: +8.8%)",
      "severity": "MEDIUM"
    },
    {
      "quarter": "2023-09 (Q3)",
      "signal": "FCF TURNED POSITIVE",
      "detail": "FCF margin: -2.7% -> +13.6%",
      "severity": "HIGH"
    },
    {
      "quarter": "2023-03 (Q1)",
      "signal": "GROSS MARGIN INFLECTION",
      "detail": "GM: +64.2% -> +60.0% -> +62.3% (reversal +2.3%)",
      "severity": "MEDIUM"
    },
    {
      "quarter": "2023-03 (Q1)",
      "signal": "YoY REVENUE GROWTH ACCELERATION",
      "detail": "YoY growth: -1.9% vs prior quarter YoY: -7.4% (accel: +5.5%)",
      "severity": "MEDIUM"
    },
    {
      "quarter": "2022-09 (Q3)",
      "signal": "FCF MARGIN EXPANSION",
      "detail": "FCF margin: +6.7% -> +17.0% (+10.4%)",
      "severity": "MEDIUM"
    },
    {
      "quarter": "2021-06 (Q2)",
      "signal": "GROSS MARGIN INFLECTION",
      "detail": "GM: +63.7% -> +60.8% -> +63.4% (reversal +2.7%)",
      "severity": "MEDIUM"
    }
  ],
  "data_quality": {
    "n_quarters": 20,
    "coverage": {
      "revenue": [
        20,
        20
      ],
      "gross_profit": [
        20,
        20
      ],
      "op_income": [
        0,
        20
      ],
      "fcf": [
        15,
        20
      ]
    },
    "gaps": [],
    "warnings": [
      "op_income: no data",
      "fcf: 15/20Q"
    ]
  },
  "market_cap": null,
  "source": "SEC EDGAR",
  "last_updated": "2026-02-02T21:31:17.753609"
}