{
  "ticker": "OHI",
  "name": "OMEGA HEALTHCARE INVESTORS, INC.",
  "quarters": [
    {
      "date": "2020-12-31T00:00:00",
      "quarter_label": "2020-12 (Q4)",
      "revenue": 263785000,
      "gross_profit": null,
      "operating_income": null,
      "net_income": null,
      "opex": 357200000,
      "cogs": null,
      "rd": null,
      "sga": null,
      "fcf": 197359000,
      "ocf": 197359000,
      "capex": null,
      "gross_margin": null,
      "op_margin": null,
      "fcf_margin": 0.7481812840002274
    },
    {
      "date": "2021-03-31T00:00:00",
      "quarter_label": "2021-03 (Q1)",
      "revenue": 273768000,
      "gross_profit": null,
      "operating_income": null,
      "net_income": null,
      "opex": 191177000,
      "cogs": null,
      "rd": null,
      "sga": null,
      "fcf": 175975000,
      "ocf": 175975000,
      "capex": null,
      "gross_margin": null,
      "op_margin": null,
      "fcf_margin": 0.6427887846643874,
      "op_leverage_ratio": Infinity,
      "fcf_margin_change": -0.10539249933584005
    },
    {
      "date": "2021-06-30T00:00:00",
      "quarter_label": "2021-06 (Q2)",
      "revenue": 257420000,
      "gross_profit": null,
      "operating_income": null,
      "net_income": null,
      "opex": 175073000,
      "cogs": null,
      "rd": null,
      "sga": null,
      "fcf": 202352000,
      "ocf": 202352000,
      "capex": null,
      "gross_margin": null,
      "op_margin": null,
      "fcf_margin": 0.7860772278766218,
      "fcf_margin_change": 0.14328844321223444
    },
    {
      "date": "2021-09-30T00:00:00",
      "quarter_label": "2021-09 (Q3)",
      "revenue": 281672000,
      "gross_profit": null,
      "operating_income": null,
      "net_income": null,
      "opex": 194173000,
      "cogs": null,
      "rd": null,
      "sga": null,
      "fcf": 187280000,
      "ocf": 187280000,
      "capex": null,
      "gross_margin": null,
      "op_margin": null,
      "fcf_margin": 0.664886818711125,
      "op_leverage_ratio": 0.8635571415264072,
      "fcf_margin_change": -0.12119040916549684
    },
    {
      "date": "2021-12-31T00:00:00",
      "quarter_label": "2021-12 (Q4)",
      "revenue": 249949000,
      "gross_profit": null,
      "operating_income": null,
      "net_income": null,
      "opex": 216571000,
      "cogs": null,
      "rd": null,
      "sga": null,
      "fcf": 156529000,
      "ocf": 156529000,
      "capex": null,
      "gross_margin": null,
      "op_margin": null,
      "fcf_margin": 0.62624375372576,
      "rev_growth_yoy": -0.05245180734310139,
      "fcf_margin_change": -0.03864306498536496
    },
    {
      "date": "2022-03-31T00:00:00",
      "quarter_label": "2022-03 (Q1)",
      "revenue": 249315000,
      "gross_profit": null,
      "operating_income": null,
      "net_income": null,
      "opex": 167733000,
      "cogs": null,
      "rd": null,
      "sga": null,
      "fcf": 132202000,
      "ocf": 132202000,
      "capex": null,
      "gross_margin": null,
      "op_margin": null,
      "fcf_margin": 0.5302609149068448,
      "rev_growth_yoy": -0.08932015429122468,
      "rev_growth_yoy_accel": -0.03686834694812329,
      "fcf_margin_change": -0.09598283881891523
    },
    {
      "date": "2022-06-30T00:00:00",
      "quarter_label": "2022-06 (Q2)",
      "revenue": 244649000,
      "gross_profit": null,
      "operating_income": null,
      "net_income": null,
      "opex": 174163000,
      "cogs": null,
      "rd": null,
      "sga": null,
      "fcf": 172994000,
      "ocf": 172994000,
      "capex": null,
      "gross_margin": null,
      "op_margin": null,
      "fcf_margin": 0.7071110039280766,
      "rev_growth_yoy": -0.049611529795664674,
      "rev_growth_yoy_accel": 0.03970862449556001,
      "fcf_margin_change": 0.17685008902123178
    },
    {
      "date": "2022-09-30T00:00:00",
      "quarter_label": "2022-09 (Q3)",
      "revenue": 239430000,
      "gross_profit": null,
      "operating_income": null,
      "net_income": null,
      "opex": 177670000,
      "cogs": null,
      "rd": null,
      "sga": null,
      "fcf": 166849000,
      "ocf": 166849000,
      "capex": null,
      "gross_margin": null,
      "op_margin": null,
      "fcf_margin": 0.6968592072839661,
      "rev_growth_yoy": -0.14996875798801443,
      "rev_growth_yoy_accel": -0.10035722819234975,
      "fcf_margin_change": -0.010251796644110467
    },
    {
      "date": "2022-12-31T00:00:00",
      "quarter_label": "2022-12 (Q4)",
      "revenue": 144850000,
      "gross_profit": null,
      "operating_income": null,
      "net_income": null,
      "opex": 280102000,
      "cogs": null,
      "rd": null,
      "sga": null,
      "fcf": 153682000,
      "ocf": 153682000,
      "capex": null,
      "gross_margin": null,
      "op_margin": null,
      "fcf_margin": 1.0609734207801174,
      "rev_growth_yoy": -0.42048177828276967,
      "rev_growth_yoy_accel": -0.2705130202947552,
      "fcf_margin_change": 0.36411421349615125
    },
    {
      "date": "2023-03-31T00:00:00",
      "quarter_label": "2023-03 (Q1)",
      "revenue": 218202000,
      "gross_profit": null,
      "operating_income": null,
      "net_income": null,
      "opex": 199831000,
      "cogs": null,
      "rd": null,
      "sga": null,
      "fcf": 111360000,
      "ocf": 111360000,
      "capex": null,
      "gross_margin": null,
      "op_margin": null,
      "fcf_margin": 0.510352792366706,
      "rev_growth_yoy": -0.12479393538294928,
      "rev_growth_yoy_accel": 0.2956878428998204,
      "op_leverage_ratio": Infinity,
      "fcf_margin_change": -0.5506206284134113
    },
    {
      "date": "2023-06-30T00:00:00",
      "quarter_label": "2023-06 (Q2)",
      "revenue": 250187000,
      "gross_profit": null,
      "operating_income": null,
      "net_income": null,
      "opex": 201381000,
      "cogs": null,
      "rd": null,
      "sga": null,
      "fcf": 170376000,
      "ocf": 170376000,
      "capex": null,
      "gross_margin": null,
      "op_margin": null,
      "fcf_margin": 0.6809946160272117,
      "rev_growth_yoy": 0.022636511900723078,
      "rev_growth_yoy_accel": 0.14743044728367236,
      "op_leverage_ratio": 18.898128236310185,
      "fcf_margin_change": 0.17064182366050562
    },
    {
      "date": "2023-09-30T00:00:00",
      "quarter_label": "2023-09 (Q3)",
      "revenue": 242032000,
      "gross_profit": null,
      "operating_income": null,
      "net_income": null,
      "opex": 194499000,
      "cogs": null,
      "rd": null,
      "sga": null,
      "fcf": 171020000,
      "ocf": 171020000,
      "capex": null,
      "gross_margin": null,
      "op_margin": null,
      "fcf_margin": 0.7066007800621406,
      "rev_growth_yoy": 0.010867476924362027,
      "rev_growth_yoy_accel": -0.01176903497636105,
      "fcf_margin_change": 0.02560616403492888
    },
    {
      "date": "2023-12-31T00:00:00",
      "quarter_label": "2023-12 (Q4)",
      "revenue": 239319000,
      "gross_profit": null,
      "operating_income": null,
      "net_income": null,
      "opex": 197869000,
      "cogs": null,
      "rd": null,
      "sga": null,
      "fcf": 164980000,
      "ocf": 164980000,
      "capex": null,
      "gross_margin": null,
      "op_margin": null,
      "fcf_margin": 0.6893727618784969,
      "rev_growth_yoy": 0.652185018985157,
      "rev_growth_yoy_accel": 0.6413175420607949,
      "fcf_margin_change": -0.017228018183643612
    },
    {
      "date": "2024-03-31T00:00:00",
      "quarter_label": "2024-03 (Q1)",
      "revenue": 243299000,
      "gross_profit": null,
      "operating_income": null,
      "net_income": 67361000,
      "opex": 174072000,
      "cogs": null,
      "rd": null,
      "sga": null,
      "fcf": 151474000,
      "ocf": 151474000,
      "capex": null,
      "gross_margin": null,
      "op_margin": null,
      "fcf_margin": 0.6225837344173218,
      "rev_growth_yoy": 0.11501727756849157,
      "rev_growth_yoy_accel": -0.5371677414166655,
      "op_leverage_ratio": Infinity,
      "fcf_margin_change": -0.0667890274611751
    },
    {
      "date": "2024-06-30T00:00:00",
      "quarter_label": "2024-06 (Q2)",
      "revenue": 252745000,
      "gross_profit": null,
      "operating_income": null,
      "net_income": 113862000,
      "opex": 149888000,
      "cogs": null,
      "rd": null,
      "sga": null,
      "fcf": 184103000,
      "ocf": 184103000,
      "capex": null,
      "gross_margin": null,
      "op_margin": null,
      "fcf_margin": 0.7284140141249085,
      "rev_growth_yoy": 0.010224352184565945,
      "rev_growth_yoy_accel": -0.10479292538392562,
      "op_leverage_ratio": Infinity,
      "fcf_margin_change": 0.10583027970758663
    },
    {
      "date": "2024-09-30T00:00:00",
      "quarter_label": "2024-09 (Q3)",
      "revenue": 276028000,
      "gross_profit": null,
      "operating_income": null,
      "net_income": 111762000,
      "opex": 163258000,
      "cogs": null,
      "rd": null,
      "sga": null,
      "fcf": 184885000,
      "ocf": 184885000,
      "capex": null,
      "gross_margin": null,
      "op_margin": null,
      "fcf_margin": 0.6698052371498544,
      "rev_growth_yoy": 0.14046076551860912,
      "rev_growth_yoy_accel": 0.13023641333404318,
      "op_leverage_ratio": 1.032741960439668,
      "fcf_margin_change": -0.05860877697505407
    },
    {
      "date": "2024-12-31T00:00:00",
      "quarter_label": "2024-12 (Q4)",
      "revenue": 279318000,
      "gross_profit": null,
      "operating_income": null,
      "net_income": null,
      "opex": 161671000,
      "cogs": null,
      "rd": null,
      "sga": null,
      "fcf": 228968000,
      "ocf": 228968000,
      "capex": null,
      "gross_margin": null,
      "op_margin": null,
      "fcf_margin": 0.819739508373968,
      "rev_growth_yoy": 0.16713675052962781,
      "rev_growth_yoy_accel": 0.0266759850110187,
      "op_leverage_ratio": Infinity,
      "fcf_margin_change": 0.14993427122411362
    },
    {
      "date": "2025-03-31T00:00:00",
      "quarter_label": "2025-03 (Q1)",
      "revenue": 276785000,
      "gross_profit": null,
      "operating_income": null,
      "net_income": 109032000,
      "opex": 175314000,
      "cogs": null,
      "rd": null,
      "sga": null,
      "fcf": 181952000,
      "ocf": 181952000,
      "capex": null,
      "gross_margin": null,
      "op_margin": null,
      "fcf_margin": 0.6573766641978431,
      "rev_growth_yoy": 0.137633118097485,
      "rev_growth_yoy_accel": -0.029503632432142823,
      "fcf_margin_change": -0.1623628441761249
    },
    {
      "date": "2025-06-30T00:00:00",
      "quarter_label": "2025-06 (Q2)",
      "revenue": 282506000,
      "gross_profit": null,
      "operating_income": null,
      "net_income": 136599000,
      "opex": 171949000,
      "cogs": null,
      "rd": null,
      "sga": null,
      "fcf": 239265000,
      "ocf": 239265000,
      "capex": null,
      "gross_margin": null,
      "op_margin": null,
      "fcf_margin": 0.8469377641536817,
      "rev_growth_yoy": 0.11775109299887238,
      "rev_growth_yoy_accel": -0.019882025098612616,
      "op_leverage_ratio": Infinity,
      "fcf_margin_change": 0.18956109995583859
    },
    {
      "date": "2025-09-30T00:00:00",
      "quarter_label": "2025-09 (Q3)",
      "revenue": 311591000,
      "gross_profit": null,
      "operating_income": null,
      "net_income": 179719000,
      "opex": 165339000,
      "cogs": null,
      "rd": null,
      "sga": null,
      "fcf": 226714000,
      "ocf": 226714000,
      "capex": null,
      "gross_margin": null,
      "op_margin": null,
      "fcf_margin": 0.7276012465058361,
      "rev_growth_yoy": 0.12883837871520282,
      "rev_growth_yoy_accel": 0.011087285716330442,
      "op_leverage_ratio": Infinity,
      "fcf_margin_change": -0.11933651764784559
    }
  ],
  "signals": [
    {
      "quarter": "2025-06 (Q2)",
      "signal": "FCF MARGIN EXPANSION",
      "detail": "FCF margin: +65.7% -> +84.7% (+19.0%)",
      "severity": "MEDIUM"
    },
    {
      "quarter": "2024-12 (Q4)",
      "signal": "FCF MARGIN EXPANSION",
      "detail": "FCF margin: +67.0% -> +82.0% (+15.0%)",
      "severity": "MEDIUM"
    },
    {
      "quarter": "2024-09 (Q3)",
      "signal": "YoY REVENUE GROWTH ACCELERATION",
      "detail": "YoY growth: +14.0% vs prior quarter YoY: +1.0% (accel: +13.0%)",
      "severity": "MEDIUM"
    },
    {
      "quarter": "2024-06 (Q2)",
      "signal": "FCF MARGIN EXPANSION",
      "detail": "FCF margin: +62.3% -> +72.8% (+10.6%)",
      "severity": "MEDIUM"
    },
    {
      "quarter": "2024-06 (Q2)",
      "signal": "YoY REVENUE GROWTH DECELERATION",
      "detail": "YoY growth: +1.0% vs prior quarter YoY: +11.5% (decel: -10.5%)",
      "severity": "WARNING"
    },
    {
      "quarter": "2024-03 (Q1)",
      "signal": "YoY REVENUE GROWTH DECELERATION",
      "detail": "YoY growth: +11.5% vs prior quarter YoY: +65.2% (decel: -53.7%)",
      "severity": "WARNING"
    },
    {
      "quarter": "2023-12 (Q4)",
      "signal": "YoY REVENUE GROWTH ACCELERATION",
      "detail": "YoY growth: +65.2% vs prior quarter YoY: +1.1% (accel: +64.1%)",
      "severity": "HIGH"
    },
    {
      "quarter": "2023-06 (Q2)",
      "signal": "FCF MARGIN EXPANSION",
      "detail": "FCF margin: +51.0% -> +68.1% (+17.1%)",
      "severity": "MEDIUM"
    },
    {
      "quarter": "2023-06 (Q2)",
      "signal": "OPERATING LEVERAGE",
      "detail": "Rev growth +14.7% vs OpEx growth +0.8% (leverage: 18.9x)",
      "severity": "MEDIUM"
    },
    {
      "quarter": "2023-06 (Q2)",
      "signal": "YoY REVENUE GROWTH ACCELERATION",
      "detail": "YoY growth: +2.3% vs prior quarter YoY: -12.5% (accel: +14.7%)",
      "severity": "MEDIUM"
    },
    {
      "quarter": "2023-03 (Q1)",
      "signal": "YoY REVENUE GROWTH ACCELERATION",
      "detail": "YoY growth: -12.5% vs prior quarter YoY: -42.0% (accel: +29.6%)",
      "severity": "HIGH"
    },
    {
      "quarter": "2022-12 (Q4)",
      "signal": "FCF MARGIN EXPANSION",
      "detail": "FCF margin: +69.7% -> +106.1% (+36.4%)",
      "severity": "MEDIUM"
    },
    {
      "quarter": "2022-12 (Q4)",
      "signal": "YoY REVENUE GROWTH DECELERATION",
      "detail": "YoY growth: -42.0% vs prior quarter YoY: -15.0% (decel: -27.1%)",
      "severity": "WARNING"
    },
    {
      "quarter": "2022-09 (Q3)",
      "signal": "YoY REVENUE GROWTH DECELERATION",
      "detail": "YoY growth: -15.0% vs prior quarter YoY: -5.0% (decel: -10.0%)",
      "severity": "WARNING"
    },
    {
      "quarter": "2022-06 (Q2)",
      "signal": "FCF MARGIN EXPANSION",
      "detail": "FCF margin: +53.0% -> +70.7% (+17.7%)",
      "severity": "MEDIUM"
    },
    {
      "quarter": "2021-06 (Q2)",
      "signal": "FCF MARGIN EXPANSION",
      "detail": "FCF margin: +64.3% -> +78.6% (+14.3%)",
      "severity": "MEDIUM"
    }
  ],
  "data_quality": {
    "n_quarters": 20,
    "coverage": {
      "revenue": [
        20,
        20
      ],
      "gross_profit": [
        0,
        20
      ],
      "op_income": [
        0,
        20
      ],
      "fcf": [
        20,
        20
      ]
    },
    "gaps": [],
    "warnings": [
      "gross_profit: no data",
      "op_income: no data"
    ]
  },
  "market_cap": null,
  "source": "SEC EDGAR",
  "last_updated": "2026-02-02T20:30:15.141968",
  "sector": "Real Estate",
  "industry": "REIT - Healthcare Facilities"
}