{
  "ticker": "OLP",
  "name": "ONE LIBERTY PROPERTIES, INC.",
  "quarters": [
    {
      "date": "2017-06-30T00:00:00",
      "quarter_label": "2017-06 (Q2)",
      "revenue": 18413000,
      "gross_profit": null,
      "operating_income": null,
      "net_income": null,
      "opex": null,
      "cogs": null,
      "rd": null,
      "sga": null,
      "fcf": null,
      "ocf": null,
      "capex": null,
      "gross_margin": null,
      "op_margin": null,
      "fcf_margin": null
    },
    {
      "date": "2017-09-30T00:00:00",
      "quarter_label": "2017-09 (Q3)",
      "revenue": 19137000,
      "gross_profit": null,
      "operating_income": null,
      "net_income": null,
      "opex": null,
      "cogs": null,
      "rd": null,
      "sga": null,
      "fcf": null,
      "ocf": null,
      "capex": null,
      "gross_margin": null,
      "op_margin": null,
      "fcf_margin": null
    },
    {
      "date": "2017-12-31T00:00:00",
      "quarter_label": "2017-12 (Q4)",
      "revenue": 19894000,
      "gross_profit": null,
      "operating_income": null,
      "net_income": null,
      "opex": null,
      "cogs": null,
      "rd": null,
      "sga": null,
      "fcf": null,
      "ocf": null,
      "capex": null,
      "gross_margin": null,
      "op_margin": null,
      "fcf_margin": null
    },
    {
      "date": "2018-03-31T00:00:00",
      "quarter_label": "2018-03 (Q1)",
      "revenue": 19534000,
      "gross_profit": null,
      "operating_income": null,
      "net_income": null,
      "opex": null,
      "cogs": null,
      "rd": null,
      "sga": null,
      "fcf": null,
      "ocf": null,
      "capex": null,
      "gross_margin": null,
      "op_margin": null,
      "fcf_margin": null
    },
    {
      "date": "2018-06-30T00:00:00",
      "quarter_label": "2018-06 (Q2)",
      "revenue": 19752000,
      "gross_profit": null,
      "operating_income": null,
      "net_income": null,
      "opex": null,
      "cogs": null,
      "rd": null,
      "sga": null,
      "fcf": null,
      "ocf": null,
      "capex": null,
      "gross_margin": null,
      "op_margin": null,
      "fcf_margin": null,
      "rev_growth_yoy": 0.07272036061478303
    },
    {
      "date": "2018-09-30T00:00:00",
      "quarter_label": "2018-09 (Q3)",
      "revenue": 19570000,
      "gross_profit": null,
      "operating_income": null,
      "net_income": null,
      "opex": null,
      "cogs": null,
      "rd": null,
      "sga": null,
      "fcf": null,
      "ocf": null,
      "capex": null,
      "gross_margin": null,
      "op_margin": null,
      "fcf_margin": null,
      "rev_growth_yoy": 0.022626325965407326,
      "rev_growth_yoy_accel": -0.0500940346493757
    },
    {
      "date": "2018-12-31T00:00:00",
      "quarter_label": "2018-12 (Q4)",
      "revenue": 20270000,
      "gross_profit": null,
      "operating_income": null,
      "net_income": null,
      "opex": null,
      "cogs": null,
      "rd": null,
      "sga": null,
      "fcf": null,
      "ocf": null,
      "capex": null,
      "gross_margin": null,
      "op_margin": null,
      "fcf_margin": null,
      "rev_growth_yoy": 0.018900170905800744,
      "rev_growth_yoy_accel": -0.003726155059606582
    },
    {
      "date": "2019-03-31T00:00:00",
      "quarter_label": "2019-03 (Q1)",
      "revenue": 21155000,
      "gross_profit": null,
      "operating_income": null,
      "net_income": null,
      "opex": null,
      "cogs": null,
      "rd": null,
      "sga": null,
      "fcf": null,
      "ocf": null,
      "capex": null,
      "gross_margin": null,
      "op_margin": null,
      "fcf_margin": null,
      "rev_growth_yoy": 0.08298351592095833,
      "rev_growth_yoy_accel": 0.06408334501515758
    },
    {
      "date": "2019-06-30T00:00:00",
      "quarter_label": "2019-06 (Q2)",
      "revenue": 20719000,
      "gross_profit": null,
      "operating_income": null,
      "net_income": null,
      "opex": null,
      "cogs": null,
      "rd": null,
      "sga": null,
      "fcf": null,
      "ocf": null,
      "capex": null,
      "gross_margin": null,
      "op_margin": null,
      "fcf_margin": null,
      "rev_growth_yoy": 0.04895706763872013,
      "rev_growth_yoy_accel": -0.0340264482822382
    },
    {
      "date": "2019-09-30T00:00:00",
      "quarter_label": "2019-09 (Q3)",
      "revenue": 20414000,
      "gross_profit": null,
      "operating_income": null,
      "net_income": null,
      "opex": null,
      "cogs": null,
      "rd": null,
      "sga": null,
      "fcf": null,
      "ocf": null,
      "capex": null,
      "gross_margin": null,
      "op_margin": null,
      "fcf_margin": null,
      "rev_growth_yoy": 0.04312723556463975,
      "rev_growth_yoy_accel": -0.005829832074080381
    },
    {
      "date": "2019-12-31T00:00:00",
      "quarter_label": "2019-12 (Q4)",
      "revenue": 22448000,
      "gross_profit": null,
      "operating_income": null,
      "net_income": null,
      "opex": null,
      "cogs": null,
      "rd": null,
      "sga": null,
      "fcf": null,
      "ocf": null,
      "capex": null,
      "gross_margin": null,
      "op_margin": null,
      "fcf_margin": null,
      "rev_growth_yoy": 0.10744943265910212,
      "rev_growth_yoy_accel": 0.06432219709446237
    },
    {
      "date": "2020-03-31T00:00:00",
      "quarter_label": "2020-03 (Q1)",
      "revenue": 21239000,
      "gross_profit": null,
      "operating_income": null,
      "net_income": null,
      "opex": null,
      "cogs": null,
      "rd": null,
      "sga": null,
      "fcf": null,
      "ocf": null,
      "capex": null,
      "gross_margin": null,
      "op_margin": null,
      "fcf_margin": null,
      "rev_growth_yoy": 0.003970692507681399,
      "rev_growth_yoy_accel": -0.10347874015142072
    },
    {
      "date": "2020-06-30T00:00:00",
      "quarter_label": "2020-06 (Q2)",
      "revenue": 20861000,
      "gross_profit": null,
      "operating_income": null,
      "net_income": null,
      "opex": null,
      "cogs": null,
      "rd": null,
      "sga": null,
      "fcf": null,
      "ocf": null,
      "capex": null,
      "gross_margin": null,
      "op_margin": null,
      "fcf_margin": null,
      "rev_growth_yoy": 0.006853612626091993,
      "rev_growth_yoy_accel": 0.0028829201184105936
    },
    {
      "date": "2020-09-30T00:00:00",
      "quarter_label": "2020-09 (Q3)",
      "revenue": 21071000,
      "gross_profit": null,
      "operating_income": null,
      "net_income": null,
      "opex": null,
      "cogs": null,
      "rd": null,
      "sga": null,
      "fcf": null,
      "ocf": null,
      "capex": null,
      "gross_margin": null,
      "op_margin": null,
      "fcf_margin": null,
      "rev_growth_yoy": 0.03218379543450573,
      "rev_growth_yoy_accel": 0.02533018280841374
    },
    {
      "date": "2020-12-31T00:00:00",
      "quarter_label": "2020-12 (Q4)",
      "revenue": 18732000,
      "gross_profit": null,
      "operating_income": 8635000,
      "net_income": 3572000,
      "opex": 12809000,
      "cogs": null,
      "rd": null,
      "sga": null,
      "fcf": 9447000,
      "ocf": 9447000,
      "capex": null,
      "gross_margin": null,
      "op_margin": 0.4609758701686953,
      "fcf_margin": 0.5043241511851377,
      "rev_growth_yoy": -0.16553813257305774,
      "rev_growth_yoy_accel": -0.19772192800756347
    },
    {
      "date": "2021-03-31T00:00:00",
      "quarter_label": "2021-03 (Q1)",
      "revenue": 20816000,
      "gross_profit": null,
      "operating_income": 7656000,
      "net_income": 2962000,
      "opex": 13160000,
      "cogs": null,
      "rd": null,
      "sga": null,
      "fcf": 11453000,
      "ocf": 11453000,
      "capex": null,
      "gross_margin": null,
      "op_margin": 0.36779400461183703,
      "fcf_margin": 0.5502017678708686,
      "rev_growth_yoy": -0.019916191911106926,
      "rev_growth_yoy_accel": 0.14562194066195083,
      "op_leverage_ratio": 4.0599592512895954,
      "fcf_margin_change": 0.04587761668573087
    },
    {
      "date": "2021-06-30T00:00:00",
      "quarter_label": "2021-06 (Q2)",
      "revenue": 20422000,
      "gross_profit": null,
      "operating_income": 28964000,
      "net_income": 23329000,
      "opex": 12949000,
      "cogs": null,
      "rd": null,
      "sga": null,
      "fcf": 15668000,
      "ocf": 15668000,
      "capex": null,
      "gross_margin": null,
      "op_margin": 1.418274409950054,
      "fcf_margin": 0.7672118303790031,
      "rev_growth_yoy": -0.021044053496956042,
      "rev_growth_yoy_accel": -0.0011278615858491166,
      "fcf_margin_change": 0.21701006250813448
    },
    {
      "date": "2021-09-30T00:00:00",
      "quarter_label": "2021-09 (Q3)",
      "revenue": 20436000,
      "gross_profit": null,
      "operating_income": 9304000,
      "net_income": 6059000,
      "opex": 12409000,
      "cogs": null,
      "rd": null,
      "sga": null,
      "fcf": 9439000,
      "ocf": 9439000,
      "capex": null,
      "gross_margin": null,
      "op_margin": 0.4552750048933255,
      "fcf_margin": 0.4618809943237424,
      "rev_growth_yoy": -0.03013620616012529,
      "rev_growth_yoy_accel": -0.009092152663169248,
      "fcf_margin_change": -0.3053308360552607
    },
    {
      "date": "2021-12-31T00:00:00",
      "quarter_label": "2021-12 (Q4)",
      "revenue": 21066000,
      "gross_profit": null,
      "operating_income": 11044000,
      "net_income": 6507000,
      "opex": 12717000,
      "cogs": null,
      "rd": null,
      "sga": null,
      "fcf": 12001000,
      "ocf": 12001000,
      "capex": null,
      "gross_margin": null,
      "op_margin": 0.5242570967435678,
      "fcf_margin": 0.5696857495490364,
      "incr_op_margin_yoy": 1.032133676092545,
      "rev_growth_yoy": 0.12459961563100577,
      "rev_growth_yoy_accel": 0.15473582179113107,
      "op_leverage_ratio": 1.242026103667325,
      "fcf_margin_change": 0.10780475522529398
    },
    {
      "date": "2022-03-31T00:00:00",
      "quarter_label": "2022-03 (Q1)",
      "revenue": 21556000,
      "gross_profit": null,
      "operating_income": 12809000,
      "net_income": 9323000,
      "opex": 13396000,
      "cogs": null,
      "rd": null,
      "sga": null,
      "fcf": 8831000,
      "ocf": 8831000,
      "capex": null,
      "gross_margin": null,
      "op_margin": 0.5942197068101689,
      "fcf_margin": 0.40967712005938023,
      "rev_growth_yoy": 0.03554957724827056,
      "rev_growth_yoy_accel": -0.0890500383827352,
      "op_leverage_ratio": 0.4356411513740321,
      "fcf_margin_change": -0.16000862948965616
    }
  ],
  "signals": [
    {
      "quarter": "2022-03 (Q1)",
      "signal": "YoY REVENUE GROWTH DECELERATION",
      "detail": "YoY growth: +3.6% vs prior quarter YoY: +12.5% (decel: -8.9%)",
      "severity": "WARNING"
    },
    {
      "quarter": "2021-12 (Q4)",
      "signal": "FCF MARGIN EXPANSION",
      "detail": "FCF margin: +46.2% -> +57.0% (+10.8%)",
      "severity": "MEDIUM"
    },
    {
      "quarter": "2021-12 (Q4)",
      "signal": "YoY REVENUE GROWTH ACCELERATION",
      "detail": "YoY growth: +12.5% vs prior quarter YoY: -3.0% (accel: +15.5%)",
      "severity": "HIGH"
    },
    {
      "quarter": "2021-12 (Q4)",
      "signal": "INCREMENTAL MARGIN (YoY)",
      "detail": "YoY Incr OPM: +103.2% vs year-ago OPM: +46.1%",
      "severity": "HIGH"
    },
    {
      "quarter": "2021-06 (Q2)",
      "signal": "FCF MARGIN EXPANSION",
      "detail": "FCF margin: +55.0% -> +76.7% (+21.7%)",
      "severity": "MEDIUM"
    },
    {
      "quarter": "2021-03 (Q1)",
      "signal": "OPERATING LEVERAGE",
      "detail": "Rev growth +11.1% vs OpEx growth +2.7% (leverage: 4.1x)",
      "severity": "MEDIUM"
    },
    {
      "quarter": "2021-03 (Q1)",
      "signal": "YoY REVENUE GROWTH ACCELERATION",
      "detail": "YoY growth: -2.0% vs prior quarter YoY: -16.6% (accel: +14.6%)",
      "severity": "MEDIUM"
    },
    {
      "quarter": "2020-12 (Q4)",
      "signal": "YoY REVENUE GROWTH DECELERATION",
      "detail": "YoY growth: -16.6% vs prior quarter YoY: +3.2% (decel: -19.8%)",
      "severity": "WARNING"
    },
    {
      "quarter": "2020-03 (Q1)",
      "signal": "YoY REVENUE GROWTH DECELERATION",
      "detail": "YoY growth: +0.4% vs prior quarter YoY: +10.7% (decel: -10.3%)",
      "severity": "WARNING"
    },
    {
      "quarter": "2019-12 (Q4)",
      "signal": "YoY REVENUE GROWTH ACCELERATION",
      "detail": "YoY growth: +10.7% vs prior quarter YoY: +4.3% (accel: +6.4%)",
      "severity": "MEDIUM"
    },
    {
      "quarter": "2019-03 (Q1)",
      "signal": "YoY REVENUE GROWTH ACCELERATION",
      "detail": "YoY growth: +8.3% vs prior quarter YoY: +1.9% (accel: +6.4%)",
      "severity": "MEDIUM"
    },
    {
      "quarter": "2018-09 (Q3)",
      "signal": "YoY REVENUE GROWTH DECELERATION",
      "detail": "YoY growth: +2.3% vs prior quarter YoY: +7.3% (decel: -5.0%)",
      "severity": "WARNING"
    }
  ],
  "data_quality": {
    "n_quarters": 20,
    "coverage": {
      "revenue": [
        20,
        20
      ],
      "gross_profit": [
        0,
        20
      ],
      "op_income": [
        6,
        20
      ],
      "fcf": [
        6,
        20
      ]
    },
    "gaps": [],
    "warnings": [
      "gross_profit: no data",
      "op_income: 6/20Q",
      "fcf: 6/20Q"
    ]
  },
  "market_cap": null,
  "source": "SEC EDGAR",
  "last_updated": "2026-02-02T22:29:18.252221"
}