{
  "ticker": "OMER",
  "name": "OMEROS CORPORATION",
  "quarters": [
    {
      "date": "2016-12-31T00:00:00",
      "quarter_label": "2016-12 (Q4)",
      "revenue": 12905000,
      "gross_profit": 12525000,
      "operating_income": null,
      "net_income": null,
      "opex": null,
      "cogs": 380000,
      "rd": null,
      "sga": null,
      "fcf": null,
      "ocf": null,
      "capex": null,
      "gross_margin": 0.9705540488182874,
      "op_margin": null,
      "fcf_margin": null
    },
    {
      "date": "2017-03-31T00:00:00",
      "quarter_label": "2017-03 (Q1)",
      "revenue": 12257000,
      "gross_profit": 11986000,
      "operating_income": null,
      "net_income": null,
      "opex": null,
      "cogs": 271000,
      "rd": null,
      "sga": null,
      "fcf": null,
      "ocf": null,
      "capex": null,
      "gross_margin": 0.9778901852002937,
      "op_margin": null,
      "fcf_margin": null
    },
    {
      "date": "2017-06-30T00:00:00",
      "quarter_label": "2017-06 (Q2)",
      "revenue": 17151000,
      "gross_profit": 16994000,
      "operating_income": null,
      "net_income": null,
      "opex": null,
      "cogs": 157000,
      "rd": null,
      "sga": null,
      "fcf": null,
      "ocf": null,
      "capex": null,
      "gross_margin": 0.9908460148096321,
      "op_margin": null,
      "fcf_margin": null
    },
    {
      "date": "2017-09-30T00:00:00",
      "quarter_label": "2017-09 (Q3)",
      "revenue": 21658000,
      "gross_profit": 21474000,
      "operating_income": null,
      "net_income": null,
      "opex": null,
      "cogs": 184000,
      "rd": null,
      "sga": null,
      "fcf": null,
      "ocf": null,
      "capex": null,
      "gross_margin": 0.9915042940253024,
      "op_margin": null,
      "fcf_margin": null
    },
    {
      "date": "2017-12-31T00:00:00",
      "quarter_label": "2017-12 (Q4)",
      "revenue": 13760000,
      "gross_profit": 13295000,
      "operating_income": null,
      "net_income": null,
      "opex": null,
      "cogs": 465000,
      "rd": null,
      "sga": null,
      "fcf": null,
      "ocf": null,
      "capex": null,
      "gross_margin": 0.9662063953488372,
      "op_margin": null,
      "fcf_margin": null,
      "rev_growth_yoy": 0.06625339015885316
    },
    {
      "date": "2018-03-31T00:00:00",
      "quarter_label": "2018-03 (Q1)",
      "revenue": 1588000,
      "gross_profit": 1385000,
      "operating_income": null,
      "net_income": null,
      "opex": null,
      "cogs": 203000,
      "rd": null,
      "sga": null,
      "fcf": null,
      "ocf": null,
      "capex": null,
      "gross_margin": 0.8721662468513854,
      "op_margin": null,
      "fcf_margin": null,
      "rev_growth_yoy": -0.8704413804356694,
      "rev_growth_yoy_accel": -0.9366947705945226
    },
    {
      "date": "2018-06-30T00:00:00",
      "quarter_label": "2018-06 (Q2)",
      "revenue": 1655000,
      "gross_profit": 1539000,
      "operating_income": null,
      "net_income": null,
      "opex": null,
      "cogs": 116000,
      "rd": null,
      "sga": null,
      "fcf": null,
      "ocf": null,
      "capex": null,
      "gross_margin": 0.9299093655589123,
      "op_margin": null,
      "fcf_margin": null,
      "rev_growth_yoy": -0.9035041688531281,
      "rev_growth_yoy_accel": -0.03306278841745869
    },
    {
      "date": "2018-09-30T00:00:00",
      "quarter_label": "2018-09 (Q3)",
      "revenue": 4608000,
      "gross_profit": 4572000,
      "operating_income": null,
      "net_income": null,
      "opex": null,
      "cogs": 36000,
      "rd": null,
      "sga": null,
      "fcf": null,
      "ocf": null,
      "capex": null,
      "gross_margin": 0.9921875,
      "op_margin": null,
      "fcf_margin": null,
      "rev_growth_yoy": -0.7872379721119217,
      "rev_growth_yoy_accel": 0.11626619674120642
    },
    {
      "date": "2018-12-31T00:00:00",
      "quarter_label": "2018-12 (Q4)",
      "revenue": 22017000,
      "gross_profit": 21860000,
      "operating_income": null,
      "net_income": null,
      "opex": null,
      "cogs": 157000,
      "rd": null,
      "sga": null,
      "fcf": null,
      "ocf": null,
      "capex": null,
      "gross_margin": 0.9928691465685606,
      "op_margin": null,
      "fcf_margin": null,
      "rev_growth_yoy": 0.6000726744186047,
      "rev_growth_yoy_accel": 1.3873106465305263
    },
    {
      "date": "2019-03-31T00:00:00",
      "quarter_label": "2019-03 (Q1)",
      "revenue": 21779000,
      "gross_profit": 21648000,
      "operating_income": null,
      "net_income": null,
      "opex": null,
      "cogs": 131000,
      "rd": null,
      "sga": null,
      "fcf": null,
      "ocf": null,
      "capex": null,
      "gross_margin": 0.9939850314523164,
      "op_margin": null,
      "fcf_margin": null,
      "rev_growth_yoy": 12.714735516372796,
      "rev_growth_yoy_accel": 12.11466284195419
    },
    {
      "date": "2019-06-30T00:00:00",
      "quarter_label": "2019-06 (Q2)",
      "revenue": 26753000,
      "gross_profit": 26698000,
      "operating_income": null,
      "net_income": null,
      "opex": null,
      "cogs": 55000,
      "rd": null,
      "sga": null,
      "fcf": null,
      "ocf": null,
      "capex": null,
      "gross_margin": 0.9979441557956117,
      "op_margin": null,
      "fcf_margin": null,
      "rev_growth_yoy": 15.164954682779456,
      "rev_growth_yoy_accel": 2.4502191664066597
    },
    {
      "date": "2019-09-30T00:00:00",
      "quarter_label": "2019-09 (Q3)",
      "revenue": 29856000,
      "gross_profit": 29578000,
      "operating_income": null,
      "net_income": null,
      "opex": null,
      "cogs": 278000,
      "rd": null,
      "sga": null,
      "fcf": null,
      "ocf": null,
      "capex": null,
      "gross_margin": 0.9906886387995713,
      "op_margin": null,
      "fcf_margin": null,
      "rev_growth_yoy": 5.479166666666667,
      "rev_growth_yoy_accel": -9.685788016112788
    },
    {
      "date": "2019-12-31T00:00:00",
      "quarter_label": "2019-12 (Q4)",
      "revenue": 33417000,
      "gross_profit": 33016000,
      "operating_income": null,
      "net_income": null,
      "opex": null,
      "cogs": 401000,
      "rd": null,
      "sga": null,
      "fcf": null,
      "ocf": null,
      "capex": null,
      "gross_margin": 0.9880001196995541,
      "op_margin": null,
      "fcf_margin": null,
      "rev_growth_yoy": 0.5177817141299904,
      "rev_growth_yoy_accel": -4.961384952536677
    },
    {
      "date": "2020-03-31T00:00:00",
      "quarter_label": "2020-03 (Q1)",
      "revenue": 23537000,
      "gross_profit": 23270000,
      "operating_income": null,
      "net_income": null,
      "opex": null,
      "cogs": 267000,
      "rd": null,
      "sga": null,
      "fcf": null,
      "ocf": null,
      "capex": null,
      "gross_margin": 0.9886561583889196,
      "op_margin": null,
      "fcf_margin": null,
      "rev_growth_yoy": 0.08071995959410441,
      "rev_growth_yoy_accel": -0.437061754535886
    },
    {
      "date": "2020-06-30T00:00:00",
      "quarter_label": "2020-06 (Q2)",
      "revenue": 13530000,
      "gross_profit": 13383000,
      "operating_income": null,
      "net_income": null,
      "opex": null,
      "cogs": 147000,
      "rd": null,
      "sga": null,
      "fcf": null,
      "ocf": null,
      "capex": -144000,
      "gross_margin": 0.9891352549889135,
      "op_margin": null,
      "fcf_margin": null,
      "rev_growth_yoy": -0.49426232572047996,
      "rev_growth_yoy_accel": -0.5749822853145844
    },
    {
      "date": "2020-09-30T00:00:00",
      "quarter_label": "2020-09 (Q3)",
      "revenue": 26114000,
      "gross_profit": 25713000,
      "operating_income": null,
      "net_income": null,
      "opex": null,
      "cogs": 401000,
      "rd": null,
      "sga": null,
      "fcf": null,
      "ocf": null,
      "capex": -73000,
      "gross_margin": 0.9846442521252968,
      "op_margin": null,
      "fcf_margin": null,
      "rev_growth_yoy": -0.12533494105037513,
      "rev_growth_yoy_accel": 0.36892738467010483
    },
    {
      "date": "2020-12-31T00:00:00",
      "quarter_label": "2020-12 (Q4)",
      "revenue": 10632000,
      "gross_profit": 10545000,
      "operating_income": -33816000,
      "net_income": -37273000,
      "opex": 44448000,
      "cogs": 87000,
      "rd": 26458000,
      "sga": null,
      "fcf": -18407000,
      "ocf": -18407000,
      "capex": null,
      "gross_margin": 0.9918171557562077,
      "op_margin": -3.18058690744921,
      "fcf_margin": -1.731282919488337,
      "rev_growth_yoy": -0.6818385851512703,
      "rev_growth_yoy_accel": -0.5565036441008951
    },
    {
      "date": "2021-03-31T00:00:00",
      "quarter_label": "2021-03 (Q1)",
      "revenue": 21061000,
      "gross_profit": 20798000,
      "operating_income": -30612000,
      "net_income": -35090000,
      "opex": 51673000,
      "cogs": 263000,
      "rd": 33358000,
      "sga": null,
      "fcf": -40266000,
      "ocf": -40254000,
      "capex": -12000,
      "gross_margin": 0.9875124637956413,
      "op_margin": -1.4534922368358578,
      "fcf_margin": -1.9118750296757039,
      "rev_growth_yoy": -0.1051960742660492,
      "rev_growth_yoy_accel": 0.5766425108852211,
      "op_leverage_ratio": 6.034510845368556,
      "fcf_margin_change": -0.18059211018736687
    },
    {
      "date": "2021-06-30T00:00:00",
      "quarter_label": "2021-06 (Q2)",
      "revenue": 28823000,
      "gross_profit": 28481000,
      "operating_income": -24016000,
      "net_income": -28593000,
      "opex": 52839000,
      "cogs": 342000,
      "rd": 30937000,
      "sga": null,
      "fcf": -27680000,
      "ocf": -27592000,
      "capex": -88000,
      "gross_margin": 0.988134475939354,
      "op_margin": -0.8332234673698088,
      "fcf_margin": -0.9603441695867884,
      "rev_growth_yoy": 1.1303030303030304,
      "rev_growth_yoy_accel": 1.2354991045690795,
      "op_leverage_ratio": 16.33276736048021,
      "fcf_margin_change": 0.9515308600889155
    },
    {
      "date": "2021-09-30T00:00:00",
      "quarter_label": "2021-09 (Q3)",
      "revenue": 30004000,
      "gross_profit": 29671000,
      "operating_income": -18253000,
      "net_income": -22703000,
      "opex": 48257000,
      "cogs": 333000,
      "rd": 27063000,
      "sga": null,
      "fcf": -23764000,
      "ocf": -23661000,
      "capex": -103000,
      "gross_margin": 0.9889014798026929,
      "op_margin": -0.6083522197040394,
      "fcf_margin": -0.7920277296360485,
      "rev_growth_yoy": 0.1489622424753006,
      "rev_growth_yoy_accel": -0.9813407878277298,
      "op_leverage_ratio": Infinity,
      "fcf_margin_change": 0.16831643995073986
    }
  ],
  "signals": [
    {
      "quarter": "2021-09 (Q3)",
      "signal": "FCF MARGIN EXPANSION",
      "detail": "FCF margin: -96.0% -> -79.2% (+16.8%)",
      "severity": "MEDIUM"
    },
    {
      "quarter": "2021-09 (Q3)",
      "signal": "YoY REVENUE GROWTH DECELERATION",
      "detail": "YoY growth: +14.9% vs prior quarter YoY: +113.0% (decel: -98.1%)",
      "severity": "WARNING"
    },
    {
      "quarter": "2021-06 (Q2)",
      "signal": "FCF MARGIN EXPANSION",
      "detail": "FCF margin: -191.2% -> -96.0% (+95.2%)",
      "severity": "MEDIUM"
    },
    {
      "quarter": "2021-06 (Q2)",
      "signal": "OPERATING LEVERAGE",
      "detail": "Rev growth +36.9% vs OpEx growth +2.3% (leverage: 16.3x)",
      "severity": "MEDIUM"
    },
    {
      "quarter": "2021-06 (Q2)",
      "signal": "YoY REVENUE GROWTH ACCELERATION",
      "detail": "YoY growth: +113.0% vs prior quarter YoY: -10.5% (accel: +123.5%)",
      "severity": "HIGH"
    },
    {
      "quarter": "2021-03 (Q1)",
      "signal": "OPERATING LEVERAGE",
      "detail": "Rev growth +98.1% vs OpEx growth +16.3% (leverage: 6.0x)",
      "severity": "MEDIUM"
    },
    {
      "quarter": "2021-03 (Q1)",
      "signal": "YoY REVENUE GROWTH ACCELERATION",
      "detail": "YoY growth: -10.5% vs prior quarter YoY: -68.2% (accel: +57.7%)",
      "severity": "HIGH"
    },
    {
      "quarter": "2020-12 (Q4)",
      "signal": "YoY REVENUE GROWTH DECELERATION",
      "detail": "YoY growth: -68.2% vs prior quarter YoY: -12.5% (decel: -55.7%)",
      "severity": "WARNING"
    },
    {
      "quarter": "2020-09 (Q3)",
      "signal": "YoY REVENUE GROWTH ACCELERATION",
      "detail": "YoY growth: -12.5% vs prior quarter YoY: -49.4% (accel: +36.9%)",
      "severity": "HIGH"
    },
    {
      "quarter": "2020-06 (Q2)",
      "signal": "YoY REVENUE GROWTH DECELERATION",
      "detail": "YoY growth: -49.4% vs prior quarter YoY: +8.1% (decel: -57.5%)",
      "severity": "WARNING"
    },
    {
      "quarter": "2020-03 (Q1)",
      "signal": "YoY REVENUE GROWTH DECELERATION",
      "detail": "YoY growth: +8.1% vs prior quarter YoY: +51.8% (decel: -43.7%)",
      "severity": "WARNING"
    },
    {
      "quarter": "2019-12 (Q4)",
      "signal": "YoY REVENUE GROWTH DECELERATION",
      "detail": "YoY growth: +51.8% vs prior quarter YoY: +547.9% (decel: -496.1%)",
      "severity": "WARNING"
    },
    {
      "quarter": "2019-09 (Q3)",
      "signal": "YoY REVENUE GROWTH DECELERATION",
      "detail": "YoY growth: +547.9% vs prior quarter YoY: +1516.5% (decel: -968.6%)",
      "severity": "WARNING"
    },
    {
      "quarter": "2019-06 (Q2)",
      "signal": "YoY REVENUE GROWTH ACCELERATION",
      "detail": "YoY growth: +1516.5% vs prior quarter YoY: +1271.5% (accel: +245.0%)",
      "severity": "HIGH"
    },
    {
      "quarter": "2019-03 (Q1)",
      "signal": "YoY REVENUE GROWTH ACCELERATION",
      "detail": "YoY growth: +1271.5% vs prior quarter YoY: +60.0% (accel: +1211.5%)",
      "severity": "HIGH"
    },
    {
      "quarter": "2018-12 (Q4)",
      "signal": "YoY REVENUE GROWTH ACCELERATION",
      "detail": "YoY growth: +60.0% vs prior quarter YoY: -78.7% (accel: +138.7%)",
      "severity": "HIGH"
    },
    {
      "quarter": "2018-09 (Q3)",
      "signal": "YoY REVENUE GROWTH ACCELERATION",
      "detail": "YoY growth: -78.7% vs prior quarter YoY: -90.4% (accel: +11.6%)",
      "severity": "MEDIUM"
    },
    {
      "quarter": "2018-06 (Q2)",
      "signal": "GROSS MARGIN INFLECTION",
      "detail": "GM: +96.6% -> +87.2% -> +93.0% (reversal +5.8%)",
      "severity": "HIGH"
    },
    {
      "quarter": "2018-03 (Q1)",
      "signal": "YoY REVENUE GROWTH DECELERATION",
      "detail": "YoY growth: -87.0% vs prior quarter YoY: +6.6% (decel: -93.7%)",
      "severity": "WARNING"
    }
  ],
  "data_quality": {
    "n_quarters": 20,
    "coverage": {
      "revenue": [
        20,
        20
      ],
      "gross_profit": [
        20,
        20
      ],
      "op_income": [
        4,
        20
      ],
      "fcf": [
        4,
        20
      ]
    },
    "gaps": [],
    "warnings": [
      "op_income: 4/20Q",
      "fcf: 4/20Q"
    ]
  },
  "market_cap": null,
  "source": "SEC EDGAR",
  "last_updated": "2026-02-02T22:04:39.823803"
}