{
  "ticker": "ONIT",
  "name": "ONITY GROUP INC.",
  "quarters": [
    {
      "date": "2020-12-31T00:00:00",
      "quarter_label": "2020-12 (Q4)",
      "revenue": 231011000,
      "gross_profit": null,
      "operating_income": null,
      "net_income": -7223000,
      "opex": 144159000,
      "cogs": null,
      "rd": null,
      "sga": null,
      "fcf": 12255000,
      "ocf": 12961000,
      "capex": -706000,
      "gross_margin": null,
      "op_margin": null,
      "fcf_margin": 0.053049421889000956
    },
    {
      "date": "2021-03-31T00:00:00",
      "quarter_label": "2021-03 (Q1)",
      "revenue": 207594000,
      "gross_profit": null,
      "operating_income": null,
      "net_income": 8543000,
      "opex": 139629000,
      "cogs": null,
      "rd": null,
      "sga": null,
      "fcf": -130444000,
      "ocf": -130307000,
      "capex": -137000,
      "gross_margin": null,
      "op_margin": null,
      "fcf_margin": -0.6283611279709432,
      "fcf_margin_change": -0.6814105498599442
    },
    {
      "date": "2021-06-30T00:00:00",
      "quarter_label": "2021-06 (Q2)",
      "revenue": 265445000,
      "gross_profit": null,
      "operating_income": null,
      "net_income": -10322000,
      "opex": 149808000,
      "cogs": null,
      "rd": null,
      "sga": null,
      "fcf": -86624000,
      "ocf": -85930000,
      "capex": -694000,
      "gross_margin": null,
      "op_margin": null,
      "fcf_margin": -0.32633502232100814,
      "op_leverage_ratio": 3.822668049537772,
      "fcf_margin_change": 0.3020261056499351
    },
    {
      "date": "2021-09-30T00:00:00",
      "quarter_label": "2021-09 (Q3)",
      "revenue": 283101000,
      "gross_profit": null,
      "operating_income": null,
      "net_income": 21552000,
      "opex": 145436000,
      "cogs": null,
      "rd": null,
      "sga": null,
      "fcf": -197830000,
      "ocf": -196599000,
      "capex": -1231000,
      "gross_margin": null,
      "op_margin": null,
      "fcf_margin": -0.6987965425766776,
      "op_leverage_ratio": Infinity,
      "fcf_margin_change": -0.3724615202556694
    },
    {
      "date": "2021-12-31T00:00:00",
      "quarter_label": "2021-12 (Q4)",
      "revenue": 293959000,
      "gross_profit": null,
      "operating_income": null,
      "net_income": -1695000,
      "opex": 174454000,
      "cogs": null,
      "rd": null,
      "sga": null,
      "fcf": -56802000,
      "ocf": -55564000,
      "capex": -1238000,
      "gross_margin": null,
      "op_margin": null,
      "fcf_margin": -0.19323102881694387,
      "rev_growth_yoy": 0.2724891888265061,
      "op_leverage_ratio": 0.19222633199353534,
      "fcf_margin_change": 0.5055655137597337
    },
    {
      "date": "2022-03-31T00:00:00",
      "quarter_label": "2022-03 (Q1)",
      "revenue": 231563000,
      "gross_profit": null,
      "operating_income": null,
      "net_income": 58082000,
      "opex": 127018000,
      "cogs": null,
      "rd": null,
      "sga": null,
      "fcf": 196800000,
      "ocf": 198200000,
      "capex": -1400000,
      "gross_margin": null,
      "op_margin": null,
      "fcf_margin": 0.8498767074187155,
      "rev_growth_yoy": 0.11546094781159379,
      "rev_growth_yoy_accel": -0.1570282410149123,
      "fcf_margin_change": 1.0431077362356593
    },
    {
      "date": "2022-06-30T00:00:00",
      "quarter_label": "2022-06 (Q2)",
      "revenue": 222159000,
      "gross_profit": null,
      "operating_income": null,
      "net_income": 10354000,
      "opex": 144371000,
      "cogs": null,
      "rd": null,
      "sga": null,
      "fcf": 111900000,
      "ocf": 112700000,
      "capex": -800000,
      "gross_margin": null,
      "op_margin": null,
      "fcf_margin": 0.5036933007440617,
      "rev_growth_yoy": -0.1630695624328957,
      "rev_growth_yoy_accel": -0.2785305102444895,
      "fcf_margin_change": -0.34618340667465375
    },
    {
      "date": "2022-09-30T00:00:00",
      "quarter_label": "2022-09 (Q3)",
      "revenue": 249722000,
      "gross_profit": null,
      "operating_income": null,
      "net_income": 36939000,
      "opex": 141408000,
      "cogs": null,
      "rd": null,
      "sga": null,
      "fcf": -42900000,
      "ocf": -40300000,
      "capex": -2600000,
      "gross_margin": null,
      "op_margin": null,
      "fcf_margin": -0.1717910316271694,
      "rev_growth_yoy": -0.11790491732632523,
      "rev_growth_yoy_accel": 0.045164645106570464,
      "op_leverage_ratio": Infinity,
      "fcf_margin_change": -0.6754843323712312
    },
    {
      "date": "2022-12-31T00:00:00",
      "quarter_label": "2022-12 (Q4)",
      "revenue": 250456000,
      "gross_profit": null,
      "operating_income": null,
      "net_income": -79675000,
      "opex": 119603000,
      "cogs": null,
      "rd": null,
      "sga": null,
      "fcf": -98100000,
      "ocf": -97400000,
      "capex": -700000,
      "gross_margin": null,
      "op_margin": null,
      "fcf_margin": -0.39168556552847605,
      "rev_growth_yoy": -0.14799002581992726,
      "rev_growth_yoy_accel": -0.030085108493602034,
      "fcf_margin_change": -0.21989453390130664
    },
    {
      "date": "2023-03-31T00:00:00",
      "quarter_label": "2023-03 (Q1)",
      "revenue": 261800000,
      "gross_profit": null,
      "operating_income": null,
      "net_income": -40200000,
      "opex": 114100000,
      "cogs": null,
      "rd": null,
      "sga": null,
      "fcf": -208500000,
      "ocf": -207400000,
      "capex": -1100000,
      "gross_margin": null,
      "op_margin": null,
      "fcf_margin": -0.7964094728800611,
      "rev_growth_yoy": 0.13057785570233588,
      "rev_growth_yoy_accel": 0.27856788152226314,
      "op_leverage_ratio": Infinity,
      "fcf_margin_change": -0.4047239073515851
    },
    {
      "date": "2023-06-30T00:00:00",
      "quarter_label": "2023-06 (Q2)",
      "revenue": 272000000,
      "gross_profit": null,
      "operating_income": null,
      "net_income": 15500000,
      "opex": 84300000,
      "cogs": null,
      "rd": null,
      "sga": null,
      "fcf": -442000000,
      "ocf": -441300000,
      "capex": -700000,
      "gross_margin": null,
      "op_margin": null,
      "fcf_margin": -1.625,
      "rev_growth_yoy": 0.2243483270990597,
      "rev_growth_yoy_accel": 0.09377047139672381,
      "op_leverage_ratio": Infinity,
      "fcf_margin_change": -0.8285905271199389
    },
    {
      "date": "2023-09-30T00:00:00",
      "quarter_label": "2023-09 (Q3)",
      "revenue": 255500000,
      "gross_profit": null,
      "operating_income": null,
      "net_income": 8500000,
      "opex": 110000000,
      "cogs": null,
      "rd": null,
      "sga": null,
      "fcf": 376900000,
      "ocf": 377300000,
      "capex": -400000,
      "gross_margin": null,
      "op_margin": null,
      "fcf_margin": 1.475146771037182,
      "rev_growth_yoy": 0.02313772915482016,
      "rev_growth_yoy_accel": -0.20121059794423954,
      "fcf_margin_change": 3.100146771037182
    },
    {
      "date": "2023-12-31T00:00:00",
      "quarter_label": "2023-12 (Q4)",
      "revenue": 277300000,
      "gross_profit": null,
      "operating_income": null,
      "net_income": -47500000,
      "opex": 103700000,
      "cogs": null,
      "rd": null,
      "sga": null,
      "fcf": 281800000,
      "ocf": 281800000,
      "capex": null,
      "gross_margin": null,
      "op_margin": null,
      "fcf_margin": 1.0162279120086548,
      "rev_growth_yoy": 0.10718050276296036,
      "rev_growth_yoy_accel": 0.08404277360814019,
      "op_leverage_ratio": Infinity,
      "fcf_margin_change": -0.45891885902852714
    },
    {
      "date": "2024-03-31T00:00:00",
      "quarter_label": "2024-03 (Q1)",
      "revenue": 239100000,
      "gross_profit": null,
      "operating_income": null,
      "net_income": 30100000,
      "opex": 104400000,
      "cogs": null,
      "rd": null,
      "sga": null,
      "fcf": -297200000,
      "ocf": -297100000,
      "capex": -100000,
      "gross_margin": null,
      "op_margin": null,
      "fcf_margin": -1.2429945629443748,
      "rev_growth_yoy": -0.086707410236822,
      "rev_growth_yoy_accel": -0.19388791299978236,
      "fcf_margin_change": -2.2592224749530296
    },
    {
      "date": "2024-06-30T00:00:00",
      "quarter_label": "2024-06 (Q2)",
      "revenue": 246400000,
      "gross_profit": null,
      "operating_income": null,
      "net_income": 10500000,
      "opex": 104000000,
      "cogs": null,
      "rd": null,
      "sga": null,
      "fcf": -78000000,
      "ocf": -77900000,
      "capex": -100000,
      "gross_margin": null,
      "op_margin": null,
      "fcf_margin": -0.31655844155844154,
      "rev_growth_yoy": -0.09411764705882353,
      "rev_growth_yoy_accel": -0.007410236822001523,
      "op_leverage_ratio": Infinity,
      "fcf_margin_change": 0.9264361213859333
    },
    {
      "date": "2024-09-30T00:00:00",
      "quarter_label": "2024-09 (Q3)",
      "revenue": 265700000,
      "gross_profit": null,
      "operating_income": null,
      "net_income": 21400000,
      "opex": 112400000,
      "cogs": null,
      "rd": null,
      "sga": null,
      "fcf": 19100000,
      "ocf": 19200000,
      "capex": -100000,
      "gross_margin": null,
      "op_margin": null,
      "fcf_margin": 0.07188558524651863,
      "rev_growth_yoy": 0.039921722113502936,
      "rev_growth_yoy_accel": 0.13403936917232645,
      "op_leverage_ratio": 0.9697742733457019,
      "fcf_margin_change": 0.38844402680496015
    },
    {
      "date": "2024-12-31T00:00:00",
      "quarter_label": "2024-12 (Q4)",
      "revenue": 224800000,
      "gross_profit": null,
      "operating_income": null,
      "net_income": -28100000,
      "opex": 115700000,
      "cogs": null,
      "rd": null,
      "sga": null,
      "fcf": -218500000,
      "ocf": -218000000,
      "capex": -500000,
      "gross_margin": null,
      "op_margin": null,
      "fcf_margin": -0.9719750889679716,
      "rev_growth_yoy": -0.18932564010097366,
      "rev_growth_yoy_accel": -0.2292473622144766,
      "fcf_margin_change": -1.0438606742144902
    },
    {
      "date": "2025-03-31T00:00:00",
      "quarter_label": "2025-03 (Q1)",
      "revenue": 249800000,
      "gross_profit": null,
      "operating_income": null,
      "net_income": 22100000,
      "opex": 119900000,
      "cogs": null,
      "rd": null,
      "sga": null,
      "fcf": -148400000,
      "ocf": -148100000,
      "capex": -300000,
      "gross_margin": null,
      "op_margin": null,
      "fcf_margin": -0.5940752602081665,
      "rev_growth_yoy": 0.044751150146382264,
      "rev_growth_yoy_accel": 0.23407679024735592,
      "op_leverage_ratio": 3.063569733943399,
      "fcf_margin_change": 0.3778998287598051
    },
    {
      "date": "2025-06-30T00:00:00",
      "quarter_label": "2025-06 (Q2)",
      "revenue": 246600000,
      "gross_profit": null,
      "operating_income": null,
      "net_income": 21500000,
      "opex": 109500000,
      "cogs": null,
      "rd": null,
      "sga": null,
      "fcf": -598800000,
      "ocf": -598800000,
      "capex": null,
      "gross_margin": null,
      "op_margin": null,
      "fcf_margin": -2.4282238442822384,
      "rev_growth_yoy": 0.0008116883116883117,
      "rev_growth_yoy_accel": -0.04393946183469395,
      "fcf_margin_change": -1.8341485840740719
    },
    {
      "date": "2025-09-30T00:00:00",
      "quarter_label": "2025-09 (Q3)",
      "revenue": 280300000,
      "gross_profit": null,
      "operating_income": null,
      "net_income": 18700000,
      "opex": 125800000,
      "cogs": null,
      "rd": null,
      "sga": null,
      "fcf": 228800000,
      "ocf": 229500000,
      "capex": -700000,
      "gross_margin": null,
      "op_margin": null,
      "fcf_margin": 0.8162682839814485,
      "rev_growth_yoy": 0.054949190816710576,
      "rev_growth_yoy_accel": 0.054137502505022264,
      "op_leverage_ratio": 0.9180436762049765,
      "fcf_margin_change": 3.244492128263687
    }
  ],
  "signals": [
    {
      "quarter": "2025-09 (Q3)",
      "signal": "FCF TURNED POSITIVE",
      "detail": "FCF margin: -242.8% -> +81.6%",
      "severity": "HIGH"
    },
    {
      "quarter": "2025-09 (Q3)",
      "signal": "YoY REVENUE GROWTH ACCELERATION",
      "detail": "YoY growth: +5.5% vs prior quarter YoY: +0.1% (accel: +5.4%)",
      "severity": "MEDIUM"
    },
    {
      "quarter": "2025-03 (Q1)",
      "signal": "FCF MARGIN EXPANSION",
      "detail": "FCF margin: -97.2% -> -59.4% (+37.8%)",
      "severity": "MEDIUM"
    },
    {
      "quarter": "2025-03 (Q1)",
      "signal": "OPERATING LEVERAGE",
      "detail": "Rev growth +11.1% vs OpEx growth +3.6% (leverage: 3.1x)",
      "severity": "MEDIUM"
    },
    {
      "quarter": "2025-03 (Q1)",
      "signal": "YoY REVENUE GROWTH ACCELERATION",
      "detail": "YoY growth: +4.5% vs prior quarter YoY: -18.9% (accel: +23.4%)",
      "severity": "HIGH"
    },
    {
      "quarter": "2024-12 (Q4)",
      "signal": "YoY REVENUE GROWTH DECELERATION",
      "detail": "YoY growth: -18.9% vs prior quarter YoY: +4.0% (decel: -22.9%)",
      "severity": "WARNING"
    },
    {
      "quarter": "2024-09 (Q3)",
      "signal": "FCF TURNED POSITIVE",
      "detail": "FCF margin: -31.7% -> +7.2%",
      "severity": "HIGH"
    },
    {
      "quarter": "2024-09 (Q3)",
      "signal": "YoY REVENUE GROWTH ACCELERATION",
      "detail": "YoY growth: +4.0% vs prior quarter YoY: -9.4% (accel: +13.4%)",
      "severity": "MEDIUM"
    },
    {
      "quarter": "2024-06 (Q2)",
      "signal": "FCF MARGIN EXPANSION",
      "detail": "FCF margin: -124.3% -> -31.7% (+92.6%)",
      "severity": "MEDIUM"
    },
    {
      "quarter": "2024-03 (Q1)",
      "signal": "YoY REVENUE GROWTH DECELERATION",
      "detail": "YoY growth: -8.7% vs prior quarter YoY: +10.7% (decel: -19.4%)",
      "severity": "WARNING"
    },
    {
      "quarter": "2023-12 (Q4)",
      "signal": "YoY REVENUE GROWTH ACCELERATION",
      "detail": "YoY growth: +10.7% vs prior quarter YoY: +2.3% (accel: +8.4%)",
      "severity": "MEDIUM"
    },
    {
      "quarter": "2023-09 (Q3)",
      "signal": "FCF TURNED POSITIVE",
      "detail": "FCF margin: -162.5% -> +147.5%",
      "severity": "HIGH"
    },
    {
      "quarter": "2023-09 (Q3)",
      "signal": "YoY REVENUE GROWTH DECELERATION",
      "detail": "YoY growth: +2.3% vs prior quarter YoY: +22.4% (decel: -20.1%)",
      "severity": "WARNING"
    },
    {
      "quarter": "2023-06 (Q2)",
      "signal": "YoY REVENUE GROWTH ACCELERATION",
      "detail": "YoY growth: +22.4% vs prior quarter YoY: +13.1% (accel: +9.4%)",
      "severity": "MEDIUM"
    },
    {
      "quarter": "2023-03 (Q1)",
      "signal": "YoY REVENUE GROWTH ACCELERATION",
      "detail": "YoY growth: +13.1% vs prior quarter YoY: -14.8% (accel: +27.9%)",
      "severity": "HIGH"
    },
    {
      "quarter": "2022-06 (Q2)",
      "signal": "YoY REVENUE GROWTH DECELERATION",
      "detail": "YoY growth: -16.3% vs prior quarter YoY: +11.5% (decel: -27.9%)",
      "severity": "WARNING"
    },
    {
      "quarter": "2022-03 (Q1)",
      "signal": "FCF TURNED POSITIVE",
      "detail": "FCF margin: -19.3% -> +85.0%",
      "severity": "HIGH"
    },
    {
      "quarter": "2022-03 (Q1)",
      "signal": "YoY REVENUE GROWTH DECELERATION",
      "detail": "YoY growth: +11.5% vs prior quarter YoY: +27.2% (decel: -15.7%)",
      "severity": "WARNING"
    },
    {
      "quarter": "2021-12 (Q4)",
      "signal": "FCF MARGIN EXPANSION",
      "detail": "FCF margin: -69.9% -> -19.3% (+50.6%)",
      "severity": "MEDIUM"
    },
    {
      "quarter": "2021-06 (Q2)",
      "signal": "FCF MARGIN EXPANSION",
      "detail": "FCF margin: -62.8% -> -32.6% (+30.2%)",
      "severity": "MEDIUM"
    },
    {
      "quarter": "2021-06 (Q2)",
      "signal": "OPERATING LEVERAGE",
      "detail": "Rev growth +27.9% vs OpEx growth +7.3% (leverage: 3.8x)",
      "severity": "MEDIUM"
    }
  ],
  "data_quality": {
    "n_quarters": 20,
    "coverage": {
      "revenue": [
        20,
        20
      ],
      "gross_profit": [
        0,
        20
      ],
      "op_income": [
        0,
        20
      ],
      "fcf": [
        20,
        20
      ]
    },
    "gaps": [],
    "warnings": [
      "gross_profit: no data",
      "op_income: no data"
    ]
  },
  "market_cap": null,
  "source": "SEC EDGAR",
  "last_updated": "2026-02-02T22:30:41.904602"
}