{
  "ticker": "ONL",
  "name": "ORION PROPERTIES INC.",
  "quarters": [
    {
      "date": "2021-03-31T00:00:00",
      "quarter_label": "2021-03 (Q1)",
      "revenue": 13028000,
      "gross_profit": null,
      "operating_income": null,
      "net_income": 4551000,
      "opex": 8012000,
      "cogs": null,
      "rd": null,
      "sga": null,
      "fcf": 11150000,
      "ocf": 11150000,
      "capex": null,
      "gross_margin": null,
      "op_margin": null,
      "fcf_margin": 0.8558489407430151
    },
    {
      "date": "2021-06-30T00:00:00",
      "quarter_label": "2021-06 (Q2)",
      "revenue": 12587000,
      "gross_profit": null,
      "operating_income": null,
      "net_income": 4296000,
      "opex": 7953000,
      "cogs": null,
      "rd": null,
      "sga": null,
      "fcf": 10198000,
      "ocf": 10198000,
      "capex": null,
      "gross_margin": null,
      "op_margin": null,
      "fcf_margin": 0.8102010010328117,
      "fcf_margin_change": -0.04564793971020342
    },
    {
      "date": "2021-09-30T00:00:00",
      "quarter_label": "2021-09 (Q3)",
      "revenue": 13315000,
      "gross_profit": null,
      "operating_income": null,
      "net_income": -1423000,
      "opex": 10963000,
      "cogs": null,
      "rd": null,
      "sga": null,
      "fcf": -2797000,
      "ocf": -2797000,
      "capex": null,
      "gross_margin": null,
      "op_margin": null,
      "fcf_margin": -0.2100638377769433,
      "op_leverage_ratio": 0.15281769119486513,
      "fcf_margin_change": -1.020264838809755
    },
    {
      "date": "2021-12-31T00:00:00",
      "quarter_label": "2021-12 (Q4)",
      "revenue": 40801000,
      "gross_profit": null,
      "operating_income": null,
      "net_income": -54904000,
      "opex": 92005000,
      "cogs": null,
      "rd": null,
      "sga": null,
      "fcf": 26610000,
      "ocf": 26610000,
      "capex": null,
      "gross_margin": null,
      "op_margin": null,
      "fcf_margin": 0.6521898973064386,
      "op_leverage_ratio": 0.27924771959385963,
      "fcf_margin_change": 0.8622537350833819
    },
    {
      "date": "2022-03-31T00:00:00",
      "quarter_label": "2022-03 (Q1)",
      "revenue": 53206000,
      "gross_profit": null,
      "operating_income": null,
      "net_income": -9906000,
      "opex": 55605000,
      "cogs": null,
      "rd": null,
      "sga": null,
      "fcf": 28153000,
      "ocf": 28153000,
      "capex": null,
      "gross_margin": null,
      "op_margin": null,
      "fcf_margin": 0.5291320527760027,
      "rev_growth_yoy": 3.0839729812711085,
      "op_leverage_ratio": Infinity,
      "fcf_margin_change": -0.12305784453043589
    },
    {
      "date": "2022-06-30T00:00:00",
      "quarter_label": "2022-06 (Q2)",
      "revenue": 52849000,
      "gross_profit": null,
      "operating_income": null,
      "net_income": -15571000,
      "opex": 60382000,
      "cogs": null,
      "rd": null,
      "sga": null,
      "fcf": 23641000,
      "ocf": 23641000,
      "capex": null,
      "gross_margin": null,
      "op_margin": null,
      "fcf_margin": 0.4473310753278208,
      "rev_growth_yoy": 3.198697068403909,
      "rev_growth_yoy_accel": 0.11472408713280036,
      "fcf_margin_change": -0.08180097744818193
    },
    {
      "date": "2022-09-30T00:00:00",
      "quarter_label": "2022-09 (Q3)",
      "revenue": 51769000,
      "gross_profit": null,
      "operating_income": null,
      "net_income": -53047000,
      "opex": 97663000,
      "cogs": null,
      "rd": null,
      "sga": null,
      "fcf": 34123000,
      "ocf": 34123000,
      "capex": null,
      "gross_margin": null,
      "op_margin": null,
      "fcf_margin": 0.659139639552628,
      "rev_growth_yoy": 2.888021028914758,
      "rev_growth_yoy_accel": -0.310676039489151,
      "fcf_margin_change": 0.2118085642248072
    },
    {
      "date": "2022-12-31T00:00:00",
      "quarter_label": "2022-12 (Q4)",
      "revenue": 50294000,
      "gross_profit": null,
      "operating_income": null,
      "net_income": -18970000,
      "opex": 63142000,
      "cogs": null,
      "rd": null,
      "sga": null,
      "fcf": 28315000,
      "ocf": 28315000,
      "capex": null,
      "gross_margin": null,
      "op_margin": null,
      "fcf_margin": 0.5629896210283533,
      "rev_growth_yoy": 0.2326658660326953,
      "rev_growth_yoy_accel": -2.6553551628820626,
      "fcf_margin_change": -0.09615001852427474
    },
    {
      "date": "2023-03-31T00:00:00",
      "quarter_label": "2023-03 (Q1)",
      "revenue": 50190000,
      "gross_profit": null,
      "operating_income": null,
      "net_income": -8885000,
      "opex": 51678000,
      "cogs": null,
      "rd": null,
      "sga": null,
      "fcf": 11441000,
      "ocf": 11441000,
      "capex": null,
      "gross_margin": null,
      "op_margin": null,
      "fcf_margin": 0.22795377565252042,
      "rev_growth_yoy": -0.05668533624027365,
      "rev_growth_yoy_accel": -0.28935120227296895,
      "fcf_margin_change": -0.33503584537583286
    },
    {
      "date": "2023-06-30T00:00:00",
      "quarter_label": "2023-06 (Q2)",
      "revenue": 52024000,
      "gross_profit": null,
      "operating_income": null,
      "net_income": -15730000,
      "opex": 59898000,
      "cogs": null,
      "rd": null,
      "sga": null,
      "fcf": 32477000,
      "ocf": 32477000,
      "capex": null,
      "gross_margin": null,
      "op_margin": null,
      "fcf_margin": 0.6242695678917423,
      "rev_growth_yoy": -0.015610512970917142,
      "rev_growth_yoy_accel": 0.041074823269356506,
      "op_leverage_ratio": 0.22972910240356717,
      "fcf_margin_change": 0.39631579223922186
    },
    {
      "date": "2023-09-30T00:00:00",
      "quarter_label": "2023-09 (Q3)",
      "revenue": 49076000,
      "gross_profit": null,
      "operating_income": null,
      "net_income": -16519000,
      "opex": 58390000,
      "cogs": null,
      "rd": null,
      "sga": null,
      "fcf": 25670000,
      "ocf": 25670000,
      "capex": null,
      "gross_margin": null,
      "op_margin": null,
      "fcf_margin": 0.5230662645692395,
      "rev_growth_yoy": -0.05201954837837316,
      "rev_growth_yoy_accel": -0.03640903540745602,
      "fcf_margin_change": -0.10120330332250271
    },
    {
      "date": "2023-12-31T00:00:00",
      "quarter_label": "2023-12 (Q4)",
      "revenue": 43751000,
      "gross_profit": null,
      "operating_income": null,
      "net_income": -16168000,
      "opex": 52264000,
      "cogs": null,
      "rd": null,
      "sga": null,
      "fcf": 19500000,
      "ocf": 19500000,
      "capex": null,
      "gross_margin": null,
      "op_margin": null,
      "fcf_margin": 0.4457040981920413,
      "rev_growth_yoy": -0.130095041157991,
      "rev_growth_yoy_accel": -0.07807549277961784,
      "fcf_margin_change": -0.07736216637719823
    },
    {
      "date": "2024-03-31T00:00:00",
      "quarter_label": "2024-03 (Q1)",
      "revenue": 47197000,
      "gross_profit": null,
      "operating_income": null,
      "net_income": -26232000,
      "opex": 65247000,
      "cogs": null,
      "rd": null,
      "sga": null,
      "fcf": 11022000,
      "ocf": 11022000,
      "capex": null,
      "gross_margin": null,
      "op_margin": null,
      "fcf_margin": 0.23353179227493273,
      "rev_growth_yoy": -0.059633393106196454,
      "rev_growth_yoy_accel": 0.07046164805179456,
      "op_leverage_ratio": 0.3170697989376004,
      "fcf_margin_change": -0.2121723059171086
    },
    {
      "date": "2024-06-30T00:00:00",
      "quarter_label": "2024-06 (Q2)",
      "revenue": 40124000,
      "gross_profit": null,
      "operating_income": null,
      "net_income": -33801000,
      "opex": 64762000,
      "cogs": null,
      "rd": null,
      "sga": null,
      "fcf": 16987000,
      "ocf": 16987000,
      "capex": null,
      "gross_margin": null,
      "op_margin": null,
      "fcf_margin": 0.4233625760143555,
      "rev_growth_yoy": -0.22874058127018299,
      "rev_growth_yoy_accel": -0.16910718816398654,
      "fcf_margin_change": 0.18983078373942278
    },
    {
      "date": "2024-09-30T00:00:00",
      "quarter_label": "2024-09 (Q3)",
      "revenue": 39178000,
      "gross_profit": null,
      "operating_income": null,
      "net_income": -10217000,
      "opex": 41129000,
      "cogs": null,
      "rd": null,
      "sga": null,
      "fcf": 13752000,
      "ocf": 13752000,
      "capex": null,
      "gross_margin": null,
      "op_margin": null,
      "fcf_margin": 0.3510133238041758,
      "rev_growth_yoy": -0.2016871790691988,
      "rev_growth_yoy_accel": 0.027053402200984178,
      "fcf_margin_change": -0.07234925221017968
    },
    {
      "date": "2024-12-31T00:00:00",
      "quarter_label": "2024-12 (Q4)",
      "revenue": 38363000,
      "gross_profit": null,
      "operating_income": null,
      "net_income": -32762000,
      "opex": 63018000,
      "cogs": null,
      "rd": null,
      "sga": null,
      "fcf": 12499000,
      "ocf": 12499000,
      "capex": null,
      "gross_margin": null,
      "op_margin": null,
      "fcf_margin": 0.3258087219456247,
      "rev_growth_yoy": -0.12315147082352404,
      "rev_growth_yoy_accel": 0.07853570824567477,
      "fcf_margin_change": -0.025204601858551112
    },
    {
      "date": "2025-03-31T00:00:00",
      "quarter_label": "2025-03 (Q1)",
      "revenue": 38001000,
      "gross_profit": null,
      "operating_income": null,
      "net_income": -9361000,
      "opex": 39141000,
      "cogs": null,
      "rd": null,
      "sga": null,
      "fcf": -2247000,
      "ocf": -2247000,
      "capex": null,
      "gross_margin": null,
      "op_margin": null,
      "fcf_margin": -0.05913002289413437,
      "rev_growth_yoy": -0.1948428925567303,
      "rev_growth_yoy_accel": -0.07169142173320625,
      "fcf_margin_change": -0.3849387448397591
    },
    {
      "date": "2025-06-30T00:00:00",
      "quarter_label": "2025-06 (Q2)",
      "revenue": 37305000,
      "gross_profit": null,
      "operating_income": null,
      "net_income": -25103000,
      "opex": 55239000,
      "cogs": null,
      "rd": null,
      "sga": null,
      "fcf": 11563000,
      "ocf": 11563000,
      "capex": null,
      "gross_margin": null,
      "op_margin": null,
      "fcf_margin": 0.30995845060983784,
      "rev_growth_yoy": -0.07025720267171767,
      "rev_growth_yoy_accel": 0.12458568988501262,
      "fcf_margin_change": 0.3690884735039722
    },
    {
      "date": "2025-09-30T00:00:00",
      "quarter_label": "2025-09 (Q3)",
      "revenue": 37122000,
      "gross_profit": null,
      "operating_income": null,
      "net_income": -69035000,
      "opex": 100412000,
      "cogs": null,
      "rd": null,
      "sga": null,
      "fcf": 5741000,
      "ocf": 5741000,
      "capex": null,
      "gross_margin": null,
      "op_margin": null,
      "fcf_margin": 0.154652227789451,
      "rev_growth_yoy": -0.05247843177293379,
      "rev_growth_yoy_accel": 0.01777877089878388,
      "fcf_margin_change": -0.15530622282038684
    }
  ],
  "signals": [
    {
      "quarter": "2025-06 (Q2)",
      "signal": "FCF TURNED POSITIVE",
      "detail": "FCF margin: -5.9% -> +31.0%",
      "severity": "HIGH"
    },
    {
      "quarter": "2025-06 (Q2)",
      "signal": "YoY REVENUE GROWTH ACCELERATION",
      "detail": "YoY growth: -7.0% vs prior quarter YoY: -19.5% (accel: +12.5%)",
      "severity": "MEDIUM"
    },
    {
      "quarter": "2025-03 (Q1)",
      "signal": "YoY REVENUE GROWTH DECELERATION",
      "detail": "YoY growth: -19.5% vs prior quarter YoY: -12.3% (decel: -7.2%)",
      "severity": "WARNING"
    },
    {
      "quarter": "2024-12 (Q4)",
      "signal": "YoY REVENUE GROWTH ACCELERATION",
      "detail": "YoY growth: -12.3% vs prior quarter YoY: -20.2% (accel: +7.9%)",
      "severity": "MEDIUM"
    },
    {
      "quarter": "2024-06 (Q2)",
      "signal": "FCF MARGIN EXPANSION",
      "detail": "FCF margin: +23.4% -> +42.3% (+19.0%)",
      "severity": "MEDIUM"
    },
    {
      "quarter": "2024-06 (Q2)",
      "signal": "YoY REVENUE GROWTH DECELERATION",
      "detail": "YoY growth: -22.9% vs prior quarter YoY: -6.0% (decel: -16.9%)",
      "severity": "WARNING"
    },
    {
      "quarter": "2024-03 (Q1)",
      "signal": "YoY REVENUE GROWTH ACCELERATION",
      "detail": "YoY growth: -6.0% vs prior quarter YoY: -13.0% (accel: +7.0%)",
      "severity": "MEDIUM"
    },
    {
      "quarter": "2023-12 (Q4)",
      "signal": "YoY REVENUE GROWTH DECELERATION",
      "detail": "YoY growth: -13.0% vs prior quarter YoY: -5.2% (decel: -7.8%)",
      "severity": "WARNING"
    },
    {
      "quarter": "2023-06 (Q2)",
      "signal": "FCF MARGIN EXPANSION",
      "detail": "FCF margin: +22.8% -> +62.4% (+39.6%)",
      "severity": "MEDIUM"
    },
    {
      "quarter": "2023-03 (Q1)",
      "signal": "YoY REVENUE GROWTH DECELERATION",
      "detail": "YoY growth: -5.7% vs prior quarter YoY: +23.3% (decel: -28.9%)",
      "severity": "WARNING"
    },
    {
      "quarter": "2022-12 (Q4)",
      "signal": "YoY REVENUE GROWTH DECELERATION",
      "detail": "YoY growth: +23.3% vs prior quarter YoY: +288.8% (decel: -265.5%)",
      "severity": "WARNING"
    },
    {
      "quarter": "2022-09 (Q3)",
      "signal": "FCF MARGIN EXPANSION",
      "detail": "FCF margin: +44.7% -> +65.9% (+21.2%)",
      "severity": "MEDIUM"
    },
    {
      "quarter": "2022-09 (Q3)",
      "signal": "YoY REVENUE GROWTH DECELERATION",
      "detail": "YoY growth: +288.8% vs prior quarter YoY: +319.9% (decel: -31.1%)",
      "severity": "WARNING"
    },
    {
      "quarter": "2022-06 (Q2)",
      "signal": "YoY REVENUE GROWTH ACCELERATION",
      "detail": "YoY growth: +319.9% vs prior quarter YoY: +308.4% (accel: +11.5%)",
      "severity": "MEDIUM"
    },
    {
      "quarter": "2021-12 (Q4)",
      "signal": "FCF TURNED POSITIVE",
      "detail": "FCF margin: -21.0% -> +65.2%",
      "severity": "HIGH"
    }
  ],
  "data_quality": {
    "n_quarters": 19,
    "coverage": {
      "revenue": [
        19,
        19
      ],
      "gross_profit": [
        0,
        19
      ],
      "op_income": [
        0,
        19
      ],
      "fcf": [
        19,
        19
      ]
    },
    "gaps": [],
    "warnings": [
      "gross_profit: no data",
      "op_income: no data"
    ]
  },
  "market_cap": null,
  "source": "SEC EDGAR",
  "last_updated": "2026-02-02T23:12:50.305276"
}