{
  "ticker": "ONTF",
  "name": "ON24, INC.",
  "quarters": [
    {
      "date": "2020-12-31T00:00:00",
      "quarter_label": "2020-12 (Q4)",
      "revenue": 53286000,
      "gross_profit": 43239000,
      "operating_income": 9613000,
      "net_income": 9505000,
      "opex": 33626000,
      "cogs": 10047000,
      "rd": 6003000,
      "sga": null,
      "fcf": 10347000,
      "ocf": 10703000,
      "capex": -356000,
      "gross_margin": 0.8114514131291521,
      "op_margin": 0.1804038584243516,
      "fcf_margin": 0.19417858349284992
    },
    {
      "date": "2021-03-31T00:00:00",
      "quarter_label": "2021-03 (Q1)",
      "revenue": 50099000,
      "gross_profit": 39405000,
      "operating_income": -2234000,
      "net_income": -2830000,
      "opex": 41639000,
      "cogs": 10694000,
      "rd": 7946000,
      "sga": null,
      "fcf": 3184000,
      "ocf": 3704000,
      "capex": -520000,
      "gross_margin": 0.7865426455617877,
      "op_margin": -0.04459170841733368,
      "fcf_margin": 0.06355416275773967,
      "fcf_margin_change": -0.13062442073511024
    },
    {
      "date": "2021-06-30T00:00:00",
      "quarter_label": "2021-06 (Q2)",
      "revenue": 52118000,
      "gross_profit": 40245000,
      "operating_income": -2482000,
      "net_income": -2517000,
      "opex": 42727000,
      "cogs": 11873000,
      "rd": 8162000,
      "sga": null,
      "fcf": 5657000,
      "ocf": 6871000,
      "capex": -1214000,
      "gross_margin": 0.7721900303158218,
      "op_margin": -0.0476227023293296,
      "fcf_margin": 0.10854215434206992,
      "op_leverage_ratio": 1.5423347984226525,
      "fcf_margin_change": 0.04498799158433024
    },
    {
      "date": "2021-09-30T00:00:00",
      "quarter_label": "2021-09 (Q3)",
      "revenue": 49362000,
      "gross_profit": 37295000,
      "operating_income": -9261000,
      "net_income": -9400000,
      "opex": 46556000,
      "cogs": 12067000,
      "rd": 9114000,
      "sga": null,
      "fcf": -1600000,
      "ocf": -894000,
      "capex": -706000,
      "gross_margin": 0.7555406993233662,
      "op_margin": -0.18761395405372555,
      "fcf_margin": -0.03241359750415299,
      "fcf_margin_change": -0.14095575184622292
    },
    {
      "date": "2021-12-31T00:00:00",
      "quarter_label": "2021-12 (Q4)",
      "revenue": 52034000,
      "gross_profit": 39303000,
      "operating_income": -9613000,
      "net_income": -9509000,
      "opex": 48916000,
      "cogs": 12731000,
      "rd": 9613000,
      "sga": null,
      "fcf": -5616000,
      "ocf": -4492000,
      "capex": -1124000,
      "gross_margin": 0.7553330514663489,
      "op_margin": -0.18474459007571972,
      "fcf_margin": -0.10792943075681286,
      "incr_op_margin_yoy": 15.356230031948881,
      "rev_growth_yoy": -0.023495852569155127,
      "op_leverage_ratio": 1.0678428956879615,
      "fcf_margin_change": -0.07551583325265987
    },
    {
      "date": "2022-03-31T00:00:00",
      "quarter_label": "2022-03 (Q1)",
      "revenue": 48492000,
      "gross_profit": 35548000,
      "operating_income": -15166000,
      "net_income": -15479000,
      "opex": 50714000,
      "cogs": 12944000,
      "rd": 10644000,
      "sga": null,
      "fcf": -7754000,
      "ocf": -6770000,
      "capex": -984000,
      "gross_margin": 0.7330693722675905,
      "op_margin": -0.31275261898869916,
      "fcf_margin": -0.15990266435700734,
      "incr_op_margin_yoy": 8.047293092719352,
      "rev_growth_yoy": -0.03207648855266572,
      "rev_growth_yoy_accel": -0.008580635983510592,
      "fcf_margin_change": -0.051973233600194485
    },
    {
      "date": "2022-06-30T00:00:00",
      "quarter_label": "2022-06 (Q2)",
      "revenue": 48238000,
      "gross_profit": 34937000,
      "operating_income": -16019000,
      "net_income": -16212000,
      "opex": 50956000,
      "cogs": 13301000,
      "rd": 10948000,
      "sga": null,
      "fcf": -3358000,
      "ocf": -2668000,
      "capex": -690000,
      "gross_margin": 0.7242630291471454,
      "op_margin": -0.3320825904888262,
      "fcf_margin": -0.06961316804179278,
      "incr_op_margin_yoy": 3.488917525773196,
      "rev_growth_yoy": -0.07444644844391574,
      "rev_growth_yoy_accel": -0.04236995989125002,
      "fcf_margin_change": 0.09028949631521456
    },
    {
      "date": "2022-09-30T00:00:00",
      "quarter_label": "2022-09 (Q3)",
      "revenue": 47575000,
      "gross_profit": 34273000,
      "operating_income": -14768000,
      "net_income": -14387000,
      "opex": 49041000,
      "cogs": 13302000,
      "rd": 11324000,
      "sga": null,
      "fcf": -4181000,
      "ocf": -3455000,
      "capex": -726000,
      "gross_margin": 0.7203993694167105,
      "op_margin": -0.31041513399894904,
      "fcf_margin": -0.08788229111928533,
      "incr_op_margin_yoy": 3.0817011751538894,
      "rev_growth_yoy": -0.03620193671245087,
      "rev_growth_yoy_accel": 0.03824451173146486,
      "fcf_margin_change": -0.018269123077492552
    },
    {
      "date": "2022-12-31T00:00:00",
      "quarter_label": "2022-12 (Q4)",
      "revenue": 46567000,
      "gross_profit": 33329000,
      "operating_income": -13630000,
      "net_income": -12130000,
      "opex": 46959000,
      "cogs": 13238000,
      "rd": 11186000,
      "sga": null,
      "fcf": -8865000,
      "ocf": -7568000,
      "capex": -1297000,
      "gross_margin": 0.7157214336332596,
      "op_margin": -0.2926965447634591,
      "fcf_margin": -0.1903708634870187,
      "incr_op_margin_yoy": 0.7347722699835376,
      "rev_growth_yoy": -0.10506591843794442,
      "rev_growth_yoy_accel": -0.06886398172549354,
      "fcf_margin_change": -0.10248857236773337
    },
    {
      "date": "2023-03-31T00:00:00",
      "quarter_label": "2023-03 (Q1)",
      "revenue": 43063000,
      "gross_profit": 29857000,
      "operating_income": -19937000,
      "net_income": -17590000,
      "opex": 49794000,
      "cogs": 13206000,
      "rd": 11099000,
      "sga": null,
      "fcf": -4345000,
      "ocf": -4167000,
      "capex": -178000,
      "gross_margin": 0.6933330237094489,
      "op_margin": -0.46297285372593644,
      "fcf_margin": -0.10089868332443165,
      "incr_op_margin_yoy": 0.8787990421808805,
      "rev_growth_yoy": -0.11195661139981852,
      "rev_growth_yoy_accel": -0.006890692961874098,
      "fcf_margin_change": 0.08947218016258705
    },
    {
      "date": "2023-06-30T00:00:00",
      "quarter_label": "2023-06 (Q2)",
      "revenue": 42086000,
      "gross_profit": 29886000,
      "operating_income": -15777000,
      "net_income": -12847000,
      "opex": 45663000,
      "cogs": 12200000,
      "rd": 10930000,
      "sga": null,
      "fcf": -4870000,
      "ocf": -4316000,
      "capex": -554000,
      "gross_margin": 0.7101173787007556,
      "op_margin": -0.37487525542935896,
      "fcf_margin": -0.11571543981371478,
      "incr_op_margin_yoy": -0.03933680104031209,
      "rev_growth_yoy": -0.12753430905095567,
      "rev_growth_yoy_accel": -0.015577697651137146,
      "fcf_margin_change": -0.014816756489283128
    },
    {
      "date": "2023-09-30T00:00:00",
      "quarter_label": "2023-09 (Q3)",
      "revenue": 39222000,
      "gross_profit": 28375000,
      "operating_income": -14065000,
      "net_income": -11474000,
      "opex": 42440000,
      "cogs": 10847000,
      "rd": 9730000,
      "sga": null,
      "fcf": -3204000,
      "ocf": -2860000,
      "capex": -344000,
      "gross_margin": 0.7234460251899444,
      "op_margin": -0.3585997654377645,
      "fcf_margin": -0.08168884809545664,
      "incr_op_margin_yoy": -0.08416137914521729,
      "rev_growth_yoy": -0.17557540725170784,
      "rev_growth_yoy_accel": -0.04804109820075217,
      "fcf_margin_change": 0.03402659171825814
    },
    {
      "date": "2023-12-31T00:00:00",
      "quarter_label": "2023-12 (Q4)",
      "revenue": 39337000,
      "gross_profit": 29327000,
      "operating_income": -12222000,
      "net_income": -9875000,
      "opex": 41549000,
      "cogs": 10010000,
      "rd": 9363000,
      "sga": null,
      "fcf": -1966000,
      "ocf": -859000,
      "capex": -1107000,
      "gross_margin": 0.7455321961512063,
      "op_margin": -0.31069985001398176,
      "fcf_margin": -0.049978391844828024,
      "incr_op_margin_yoy": -0.19474412171507607,
      "rev_growth_yoy": -0.1552601627762149,
      "rev_growth_yoy_accel": 0.020315244475492933,
      "fcf_margin_change": 0.03171045625062861
    },
    {
      "date": "2024-03-31T00:00:00",
      "quarter_label": "2024-03 (Q1)",
      "revenue": 37727000,
      "gross_profit": 27945000,
      "operating_income": -12474000,
      "net_income": -10703000,
      "opex": 40419000,
      "cogs": 9782000,
      "rd": 9109000,
      "sga": null,
      "fcf": 1100000,
      "ocf": 2138000,
      "capex": -1038000,
      "gross_margin": 0.7407161979484189,
      "op_margin": -0.3306385347363957,
      "fcf_margin": 0.02915683727834177,
      "incr_op_margin_yoy": -1.3986131934032984,
      "rev_growth_yoy": -0.12391147853145391,
      "rev_growth_yoy_accel": 0.03134868424476099,
      "fcf_margin_change": 0.0791352291231698
    },
    {
      "date": "2024-06-30T00:00:00",
      "quarter_label": "2024-06 (Q2)",
      "revenue": 37349000,
      "gross_profit": 27811000,
      "operating_income": -13059000,
      "net_income": -11175000,
      "opex": 40870000,
      "cogs": 9538000,
      "rd": 9081000,
      "sga": null,
      "fcf": 898000,
      "ocf": 1388000,
      "capex": -490000,
      "gross_margin": 0.7446250234276688,
      "op_margin": -0.34964791560684355,
      "fcf_margin": 0.024043481753192857,
      "incr_op_margin_yoy": -0.5737808739708676,
      "rev_growth_yoy": -0.11255524402414105,
      "rev_growth_yoy_accel": 0.011356234507312865,
      "fcf_margin_change": -0.005113355525148914
    },
    {
      "date": "2024-09-30T00:00:00",
      "quarter_label": "2024-09 (Q3)",
      "revenue": 36325000,
      "gross_profit": 26987000,
      "operating_income": -13345000,
      "net_income": -11406000,
      "opex": 40332000,
      "cogs": 9338000,
      "rd": 9180000,
      "sga": null,
      "fcf": 143000,
      "ocf": 295000,
      "capex": -152000,
      "gross_margin": 0.7429318651066759,
      "op_margin": -0.3673778389538885,
      "fcf_margin": 0.003936682725395733,
      "incr_op_margin_yoy": -0.24853296513634796,
      "rev_growth_yoy": -0.07386160828106675,
      "rev_growth_yoy_accel": 0.0386936357430743,
      "fcf_margin_change": -0.020106799027797124
    },
    {
      "date": "2024-12-31T00:00:00",
      "quarter_label": "2024-12 (Q4)",
      "revenue": 36680000,
      "gross_profit": 27326000,
      "operating_income": -11779000,
      "net_income": -8872000,
      "opex": 39105000,
      "cogs": 9354000,
      "rd": 8880000,
      "sga": null,
      "fcf": 424000,
      "ocf": 985000,
      "capex": -561000,
      "gross_margin": 0.7449836423118866,
      "op_margin": -0.3211286804798255,
      "fcf_margin": 0.011559432933478735,
      "incr_op_margin_yoy": -0.16672939405344372,
      "rev_growth_yoy": -0.06754455093169281,
      "rev_growth_yoy_accel": 0.0063170573493739335,
      "fcf_margin_change": 0.007622750208083002
    },
    {
      "date": "2025-03-31T00:00:00",
      "quarter_label": "2025-03 (Q1)",
      "revenue": 34733000,
      "gross_profit": 25630000,
      "operating_income": -10466000,
      "net_income": -8703000,
      "opex": 36096000,
      "cogs": 9103000,
      "rd": 8310000,
      "sga": null,
      "fcf": 1939000,
      "ocf": 3412000,
      "capex": -1473000,
      "gross_margin": 0.7379149511991477,
      "op_margin": -0.30132726801600784,
      "fcf_margin": 0.055825871649440015,
      "incr_op_margin_yoy": -0.6706746826987308,
      "rev_growth_yoy": -0.07935960982850479,
      "rev_growth_yoy_accel": -0.011815058896811975,
      "fcf_margin_change": 0.04426643871596128
    },
    {
      "date": "2025-06-30T00:00:00",
      "quarter_label": "2025-06 (Q2)",
      "revenue": 35333000,
      "gross_profit": 26532000,
      "operating_income": -9172000,
      "net_income": -7277000,
      "opex": 35704000,
      "cogs": 8801000,
      "rd": 8513000,
      "sga": null,
      "fcf": 2075000,
      "ocf": 2567000,
      "capex": -492000,
      "gross_margin": 0.7509127444598533,
      "op_margin": -0.2595873545976849,
      "fcf_margin": 0.05872696912235021,
      "incr_op_margin_yoy": -1.9280753968253967,
      "rev_growth_yoy": -0.05397734879113229,
      "rev_growth_yoy_accel": 0.025382261037372497,
      "op_leverage_ratio": Infinity,
      "fcf_margin_change": 0.0029010974729101954
    },
    {
      "date": "2025-09-30T00:00:00",
      "quarter_label": "2025-09 (Q3)",
      "revenue": 34602000,
      "gross_profit": 25863000,
      "operating_income": -7989000,
      "net_income": -6375000,
      "opex": 33852000,
      "cogs": 8739000,
      "rd": 8150000,
      "sga": null,
      "fcf": 2162000,
      "ocf": 2533000,
      "capex": -371000,
      "gross_margin": 0.7474423443731576,
      "op_margin": -0.23088260794173748,
      "fcf_margin": 0.06248193746026241,
      "incr_op_margin_yoy": -3.1085316308763784,
      "rev_growth_yoy": -0.04743289745354439,
      "rev_growth_yoy_accel": 0.006544451337587902,
      "fcf_margin_change": 0.0037549683379122026
    }
  ],
  "signals": [
    {
      "quarter": "2024-03 (Q1)",
      "signal": "FCF TURNED POSITIVE",
      "detail": "FCF margin: -5.0% -> +2.9%",
      "severity": "HIGH"
    },
    {
      "quarter": "2023-03 (Q1)",
      "signal": "FCF MARGIN EXPANSION",
      "detail": "FCF margin: -19.0% -> -10.1% (+8.9%)",
      "severity": "MEDIUM"
    },
    {
      "quarter": "2022-12 (Q4)",
      "signal": "YoY REVENUE GROWTH DECELERATION",
      "detail": "YoY growth: -10.5% vs prior quarter YoY: -3.6% (decel: -6.9%)",
      "severity": "WARNING"
    },
    {
      "quarter": "2022-06 (Q2)",
      "signal": "FCF MARGIN EXPANSION",
      "detail": "FCF margin: -16.0% -> -7.0% (+9.0%)",
      "severity": "MEDIUM"
    },
    {
      "quarter": "2021-06 (Q2)",
      "signal": "OPERATING LEVERAGE",
      "detail": "Rev growth +4.0% vs OpEx growth +2.6% (leverage: 1.5x)",
      "severity": "MEDIUM"
    }
  ],
  "data_quality": {
    "n_quarters": 20,
    "coverage": {
      "revenue": [
        20,
        20
      ],
      "gross_profit": [
        20,
        20
      ],
      "op_income": [
        20,
        20
      ],
      "fcf": [
        20,
        20
      ]
    },
    "gaps": [],
    "warnings": []
  },
  "market_cap": null,
  "source": "SEC EDGAR",
  "last_updated": "2026-02-02T22:41:34.232715"
}