{
  "ticker": "OPGN",
  "name": "OPGEN, INC.",
  "quarters": [
    {
      "date": "2020-03-31T00:00:00",
      "quarter_label": "2020-03 (Q1)",
      "revenue": 616933,
      "gross_profit": null,
      "operating_income": null,
      "net_income": null,
      "opex": null,
      "cogs": null,
      "rd": 1217556,
      "sga": null,
      "fcf": null,
      "ocf": null,
      "capex": -1057,
      "gross_margin": null,
      "op_margin": null,
      "fcf_margin": null
    },
    {
      "date": "2020-06-30T00:00:00",
      "quarter_label": "2020-06 (Q2)",
      "revenue": 1188385,
      "gross_profit": null,
      "operating_income": null,
      "net_income": null,
      "opex": null,
      "cogs": null,
      "rd": 2979025,
      "sga": null,
      "fcf": null,
      "ocf": null,
      "capex": null,
      "gross_margin": null,
      "op_margin": null,
      "fcf_margin": null
    },
    {
      "date": "2020-09-30T00:00:00",
      "quarter_label": "2020-09 (Q3)",
      "revenue": 1056765,
      "gross_profit": null,
      "operating_income": null,
      "net_income": null,
      "opex": null,
      "cogs": null,
      "rd": 2433553,
      "sga": null,
      "fcf": null,
      "ocf": null,
      "capex": -1398,
      "gross_margin": null,
      "op_margin": null,
      "fcf_margin": null
    },
    {
      "date": "2020-12-31T00:00:00",
      "quarter_label": "2020-12 (Q4)",
      "revenue": 1352358,
      "gross_profit": null,
      "operating_income": -6030217,
      "net_income": -7110317,
      "opex": 7382575,
      "cogs": null,
      "rd": 3334586,
      "sga": null,
      "fcf": -7066264,
      "ocf": -6938365,
      "capex": -127899,
      "gross_margin": null,
      "op_margin": -4.459038952703352,
      "fcf_margin": -5.225143046441844
    },
    {
      "date": "2021-03-31T00:00:00",
      "quarter_label": "2021-03 (Q1)",
      "revenue": 829716,
      "gross_profit": 275662,
      "operating_income": -6261218,
      "net_income": -14850591,
      "opex": 7090934,
      "cogs": 554054,
      "rd": 2813491,
      "sga": null,
      "fcf": -5816813,
      "ocf": -4965928,
      "capex": -850885,
      "gross_margin": 0.33223657251396865,
      "op_margin": -7.54621822406703,
      "fcf_margin": -7.010607243924428,
      "rev_growth_yoy": 0.34490455203401343,
      "fcf_margin_change": -1.7854641974825833
    },
    {
      "date": "2021-06-30T00:00:00",
      "quarter_label": "2021-06 (Q2)",
      "revenue": 811615,
      "gross_profit": 469035,
      "operating_income": -6138511,
      "net_income": -7086561,
      "opex": 6950126,
      "cogs": 342580,
      "rd": 2859590,
      "sga": null,
      "fcf": -8465461,
      "ocf": -7593282,
      "capex": -872179,
      "gross_margin": 0.5779033162275217,
      "op_margin": -7.563328671845641,
      "fcf_margin": -10.430390024827043,
      "rev_growth_yoy": -0.31704371899678974,
      "rev_growth_yoy_accel": -0.6619482710308031,
      "fcf_margin_change": -3.419782780902615
    },
    {
      "date": "2021-09-30T00:00:00",
      "quarter_label": "2021-09 (Q3)",
      "revenue": 1239132,
      "gross_profit": 590834,
      "operating_income": -5086586,
      "net_income": -6056696,
      "opex": 6325718,
      "cogs": 648298,
      "rd": 2382303,
      "sga": null,
      "fcf": -5232889,
      "ocf": -5131188,
      "capex": -101701,
      "gross_margin": 0.4768128012189178,
      "op_margin": -4.1049589551395655,
      "fcf_margin": -4.223027893719152,
      "rev_growth_yoy": 0.17257100679905182,
      "rev_growth_yoy_accel": 0.48961472579584153,
      "op_leverage_ratio": Infinity,
      "fcf_margin_change": 6.207362131107891
    },
    {
      "date": "2021-12-31T00:00:00",
      "quarter_label": "2021-12 (Q4)",
      "revenue": 1425568,
      "gross_profit": 674672,
      "operating_income": -5786721,
      "net_income": -6811864,
      "opex": 7212289,
      "cogs": 750896,
      "rd": 2855295,
      "sga": null,
      "fcf": -3947728,
      "ocf": -3788879,
      "capex": -158849,
      "gross_margin": 0.47326539316258504,
      "op_margin": -4.0592388437450895,
      "fcf_margin": -2.7692316325843453,
      "rev_growth_yoy": 0.05413507370089873,
      "rev_growth_yoy_accel": -0.11843593309815309,
      "op_leverage_ratio": 1.0735159708138435,
      "fcf_margin_change": 1.4537962611348068
    },
    {
      "date": "2022-03-31T00:00:00",
      "quarter_label": "2022-03 (Q1)",
      "revenue": 469745,
      "gross_profit": 177748,
      "operating_income": -5845740,
      "net_income": -6803716,
      "opex": 6315485,
      "cogs": 291997,
      "rd": 2316441,
      "sga": null,
      "fcf": -5080113,
      "ocf": -5041400,
      "capex": -38713,
      "gross_margin": 0.37839253211848983,
      "op_margin": -12.444496482133923,
      "fcf_margin": -10.814618569649491,
      "rev_growth_yoy": -0.43384844934893385,
      "rev_growth_yoy_accel": -0.48798352304983256,
      "fcf_margin_change": -8.045386937065146
    },
    {
      "date": "2022-06-30T00:00:00",
      "quarter_label": "2022-06 (Q2)",
      "revenue": 967205,
      "gross_profit": 320816,
      "operating_income": -5272205,
      "net_income": -5840415,
      "opex": 6239410,
      "cogs": 646389,
      "rd": 2273756,
      "sga": null,
      "fcf": -6704354,
      "ocf": -6659504,
      "capex": -44850,
      "gross_margin": 0.3316939014996821,
      "op_margin": -5.450969546269922,
      "fcf_margin": -6.931678392894991,
      "rev_growth_yoy": 0.19170419472286737,
      "rev_growth_yoy_accel": 0.6255526440718012,
      "op_leverage_ratio": Infinity,
      "fcf_margin_change": 3.8829401767545004
    },
    {
      "date": "2022-09-30T00:00:00",
      "quarter_label": "2022-09 (Q3)",
      "revenue": 448713,
      "gross_profit": -1437478,
      "operating_income": -13513298,
      "net_income": -14103982,
      "opex": 13962011,
      "cogs": 1886191,
      "rd": 2031113,
      "sga": null,
      "fcf": -4856943,
      "ocf": -4753950,
      "capex": -102993,
      "gross_margin": -3.203557730665258,
      "op_margin": -30.115681961521062,
      "fcf_margin": -10.824163775063347,
      "rev_growth_yoy": -0.6378811942553335,
      "rev_growth_yoy_accel": -0.8295853889782009,
      "fcf_margin_change": -3.8924853821683563
    },
    {
      "date": "2022-12-31T00:00:00",
      "quarter_label": "2022-12 (Q4)",
      "revenue": 721630,
      "gross_profit": 226621,
      "operating_income": -9935877,
      "net_income": -10535120,
      "opex": 10657507,
      "cogs": 495009,
      "rd": 1552125,
      "sga": null,
      "fcf": -4399060,
      "ocf": -3994844,
      "capex": -404216,
      "gross_margin": 0.31404043623463546,
      "op_margin": -13.768658453778253,
      "fcf_margin": -6.096004877845988,
      "rev_growth_yoy": -0.49379475409100093,
      "rev_growth_yoy_accel": 0.14408644016433259,
      "op_leverage_ratio": Infinity,
      "fcf_margin_change": 4.72815889721736
    },
    {
      "date": "2023-03-31T00:00:00",
      "quarter_label": "2023-03 (Q1)",
      "revenue": 913444,
      "gross_profit": 321066,
      "operating_income": -5070111,
      "net_income": -5736603,
      "opex": 5983555,
      "cogs": 592378,
      "rd": 1812831,
      "sga": null,
      "fcf": -5293064,
      "ocf": -4962618,
      "capex": -330446,
      "gross_margin": 0.3514895275462973,
      "op_margin": -5.550543875705571,
      "fcf_margin": -5.794623425190816,
      "rev_growth_yoy": 0.9445528957200183,
      "rev_growth_yoy_accel": 1.4383476498110193,
      "op_leverage_ratio": Infinity,
      "fcf_margin_change": 0.30138145265517124
    },
    {
      "date": "2023-06-30T00:00:00",
      "quarter_label": "2023-06 (Q2)",
      "revenue": 736137,
      "gross_profit": 21745,
      "operating_income": -5156356,
      "net_income": -5827323,
      "opex": 5892493,
      "cogs": 714392,
      "rd": 1388792,
      "sga": null,
      "fcf": -5119903,
      "ocf": -4752588,
      "capex": -367315,
      "gross_margin": 0.029539338465530193,
      "op_margin": -7.004614630157159,
      "fcf_margin": -6.955095315138351,
      "rev_growth_yoy": -0.23890281791347232,
      "rev_growth_yoy_accel": -1.1834557136334907,
      "fcf_margin_change": -1.1604718899475346
    },
    {
      "date": "2023-09-30T00:00:00",
      "quarter_label": "2023-09 (Q3)",
      "revenue": 699022,
      "gross_profit": 80226,
      "operating_income": -3565625,
      "net_income": -4062957,
      "opex": 4264647,
      "cogs": 618796,
      "rd": 1201865,
      "sga": null,
      "fcf": -3029630,
      "ocf": -2927893,
      "capex": -101737,
      "gross_margin": 0.11476892000537894,
      "op_margin": -5.100876653381438,
      "fcf_margin": -4.334098211501212,
      "rev_growth_yoy": 0.5578376378665205,
      "rev_growth_yoy_accel": 0.7967404557799929,
      "fcf_margin_change": 2.620997103637139
    },
    {
      "date": "2023-12-31T00:00:00",
      "quarter_label": "2023-12 (Q4)",
      "revenue": 1069719,
      "gross_profit": -88790,
      "operating_income": -16956561,
      "net_income": -17041647,
      "opex": 18026280,
      "cogs": 1158509,
      "rd": 329363,
      "sga": null,
      "fcf": -1677357,
      "ocf": -1676443,
      "capex": -914,
      "gross_margin": -0.08300310642327564,
      "op_margin": -15.85141611956037,
      "fcf_margin": -1.5680351568963438,
      "rev_growth_yoy": 0.48236492385294405,
      "rev_growth_yoy_accel": -0.07547271401357647,
      "op_leverage_ratio": 0.16433926647938796,
      "fcf_margin_change": 2.766063054604868
    },
    {
      "date": "2024-03-31T00:00:00",
      "quarter_label": "2024-03 (Q1)",
      "revenue": 168149,
      "gross_profit": 94913,
      "operating_income": -1703218,
      "net_income": 386033,
      "opex": 1871367,
      "cogs": 73236,
      "rd": 25856,
      "sga": null,
      "fcf": -1084050,
      "ocf": -1084050,
      "capex": null,
      "gross_margin": 0.5644577130996914,
      "op_margin": -10.129218728627587,
      "fcf_margin": -6.446960731256207,
      "rev_growth_yoy": -0.8159175603540009,
      "rev_growth_yoy_accel": -1.298282484206945,
      "fcf_margin_change": -4.878925574359863
    },
    {
      "date": "2024-06-30T00:00:00",
      "quarter_label": "2024-06 (Q2)",
      "revenue": 28000,
      "gross_profit": null,
      "operating_income": -1547310,
      "net_income": -1576349,
      "opex": 1575310,
      "cogs": null,
      "rd": 22964,
      "sga": null,
      "fcf": -720212,
      "ocf": -720212,
      "capex": null,
      "gross_margin": null,
      "op_margin": -55.26107142857143,
      "fcf_margin": -25.721857142857143,
      "rev_growth_yoy": -0.9619636018838884,
      "rev_growth_yoy_accel": -0.14604604152988754,
      "fcf_margin_change": -19.274896411600935
    },
    {
      "date": "2024-12-31T00:00:00",
      "quarter_label": "2024-12 (Q4)",
      "revenue": 5000000,
      "gross_profit": null,
      "operating_income": 4401227,
      "net_income": 4350084,
      "opex": 598773,
      "cogs": null,
      "rd": -488,
      "sga": null,
      "fcf": -232236,
      "ocf": -232236,
      "capex": null,
      "gross_margin": null,
      "op_margin": 0.8802454,
      "fcf_margin": -0.0464472,
      "incr_op_margin_yoy": 5.4341631043683645,
      "rev_growth_yoy": 3.6741247000380475,
      "rev_growth_yoy_accel": 4.636088301921935,
      "op_leverage_ratio": Infinity,
      "fcf_margin_change": 25.675409942857144
    },
    {
      "date": "2025-06-30T00:00:00",
      "quarter_label": "2025-06 (Q2)",
      "revenue": 4000000,
      "gross_profit": null,
      "operating_income": 3402775,
      "net_income": 3509992,
      "opex": 597225,
      "cogs": null,
      "rd": null,
      "sga": null,
      "fcf": -447465,
      "ocf": -447465,
      "capex": null,
      "gross_margin": null,
      "op_margin": 0.85069375,
      "fcf_margin": -0.11186625,
      "incr_op_margin_yoy": 1.246244964753273,
      "rev_growth_yoy": 141.85714285714286,
      "rev_growth_yoy_accel": 138.1830181571048,
      "fcf_margin_change": -0.06541905
    }
  ],
  "signals": [
    {
      "quarter": "2025-06 (Q2)",
      "signal": "YoY REVENUE GROWTH ACCELERATION",
      "detail": "YoY growth: +14185.7% vs prior quarter YoY: +367.4% (accel: +13818.3%)",
      "severity": "HIGH"
    },
    {
      "quarter": "2025-06 (Q2)",
      "signal": "OP MARGIN TURNED POSITIVE (YoY)",
      "detail": "Op margin: -5526.1% (year-ago) -> +85.1%",
      "severity": "HIGH"
    },
    {
      "quarter": "2024-12 (Q4)",
      "signal": "FCF MARGIN EXPANSION",
      "detail": "FCF margin: -2572.2% -> -4.6% (+2567.5%)",
      "severity": "MEDIUM"
    },
    {
      "quarter": "2024-12 (Q4)",
      "signal": "YoY REVENUE GROWTH ACCELERATION",
      "detail": "YoY growth: +367.4% vs prior quarter YoY: -96.2% (accel: +463.6%)",
      "severity": "HIGH"
    },
    {
      "quarter": "2024-12 (Q4)",
      "signal": "OP MARGIN TURNED POSITIVE (YoY)",
      "detail": "Op margin: -1585.1% (year-ago) -> +88.0%",
      "severity": "HIGH"
    },
    {
      "quarter": "2024-12 (Q4)",
      "signal": "OP MARGIN TURNED POSITIVE (QoQ)",
      "detail": "Op margin: -5526.1% -> +88.0%",
      "severity": "HIGH"
    },
    {
      "quarter": "2024-06 (Q2)",
      "signal": "YoY REVENUE GROWTH DECELERATION",
      "detail": "YoY growth: -96.2% vs prior quarter YoY: -81.6% (decel: -14.6%)",
      "severity": "WARNING"
    },
    {
      "quarter": "2024-03 (Q1)",
      "signal": "GROSS MARGIN INFLECTION",
      "detail": "GM: +11.5% -> -8.3% -> +56.4% (reversal +64.7%)",
      "severity": "HIGH"
    },
    {
      "quarter": "2024-03 (Q1)",
      "signal": "YoY REVENUE GROWTH DECELERATION",
      "detail": "YoY growth: -81.6% vs prior quarter YoY: +48.2% (decel: -129.8%)",
      "severity": "WARNING"
    },
    {
      "quarter": "2023-12 (Q4)",
      "signal": "FCF MARGIN EXPANSION",
      "detail": "FCF margin: -433.4% -> -156.8% (+276.6%)",
      "severity": "MEDIUM"
    },
    {
      "quarter": "2023-12 (Q4)",
      "signal": "YoY REVENUE GROWTH DECELERATION",
      "detail": "YoY growth: +48.2% vs prior quarter YoY: +55.8% (decel: -7.5%)",
      "severity": "WARNING"
    },
    {
      "quarter": "2023-09 (Q3)",
      "signal": "FCF MARGIN EXPANSION",
      "detail": "FCF margin: -695.5% -> -433.4% (+262.1%)",
      "severity": "MEDIUM"
    },
    {
      "quarter": "2023-09 (Q3)",
      "signal": "GROSS MARGIN INFLECTION",
      "detail": "GM: +35.1% -> +3.0% -> +11.5% (reversal +8.5%)",
      "severity": "HIGH"
    },
    {
      "quarter": "2023-09 (Q3)",
      "signal": "YoY REVENUE GROWTH ACCELERATION",
      "detail": "YoY growth: +55.8% vs prior quarter YoY: -23.9% (accel: +79.7%)",
      "severity": "HIGH"
    },
    {
      "quarter": "2023-06 (Q2)",
      "signal": "YoY REVENUE GROWTH DECELERATION",
      "detail": "YoY growth: -23.9% vs prior quarter YoY: +94.5% (decel: -118.3%)",
      "severity": "WARNING"
    },
    {
      "quarter": "2023-03 (Q1)",
      "signal": "FCF MARGIN EXPANSION",
      "detail": "FCF margin: -609.6% -> -579.5% (+30.1%)",
      "severity": "MEDIUM"
    },
    {
      "quarter": "2023-03 (Q1)",
      "signal": "YoY REVENUE GROWTH ACCELERATION",
      "detail": "YoY growth: +94.5% vs prior quarter YoY: -49.4% (accel: +143.8%)",
      "severity": "HIGH"
    },
    {
      "quarter": "2022-12 (Q4)",
      "signal": "FCF MARGIN EXPANSION",
      "detail": "FCF margin: -1082.4% -> -609.6% (+472.8%)",
      "severity": "MEDIUM"
    },
    {
      "quarter": "2022-12 (Q4)",
      "signal": "GROSS MARGIN INFLECTION",
      "detail": "GM: +33.2% -> -320.4% -> +31.4% (reversal +351.8%)",
      "severity": "HIGH"
    },
    {
      "quarter": "2022-12 (Q4)",
      "signal": "YoY REVENUE GROWTH ACCELERATION",
      "detail": "YoY growth: -49.4% vs prior quarter YoY: -63.8% (accel: +14.4%)",
      "severity": "MEDIUM"
    },
    {
      "quarter": "2022-09 (Q3)",
      "signal": "YoY REVENUE GROWTH DECELERATION",
      "detail": "YoY growth: -63.8% vs prior quarter YoY: +19.2% (decel: -83.0%)",
      "severity": "WARNING"
    },
    {
      "quarter": "2022-06 (Q2)",
      "signal": "FCF MARGIN EXPANSION",
      "detail": "FCF margin: -1081.5% -> -693.2% (+388.3%)",
      "severity": "MEDIUM"
    },
    {
      "quarter": "2022-06 (Q2)",
      "signal": "YoY REVENUE GROWTH ACCELERATION",
      "detail": "YoY growth: +19.2% vs prior quarter YoY: -43.4% (accel: +62.6%)",
      "severity": "HIGH"
    },
    {
      "quarter": "2022-03 (Q1)",
      "signal": "YoY REVENUE GROWTH DECELERATION",
      "detail": "YoY growth: -43.4% vs prior quarter YoY: +5.4% (decel: -48.8%)",
      "severity": "WARNING"
    },
    {
      "quarter": "2021-12 (Q4)",
      "signal": "FCF MARGIN EXPANSION",
      "detail": "FCF margin: -422.3% -> -276.9% (+145.4%)",
      "severity": "MEDIUM"
    },
    {
      "quarter": "2021-12 (Q4)",
      "signal": "YoY REVENUE GROWTH DECELERATION",
      "detail": "YoY growth: +5.4% vs prior quarter YoY: +17.3% (decel: -11.8%)",
      "severity": "WARNING"
    },
    {
      "quarter": "2021-09 (Q3)",
      "signal": "FCF MARGIN EXPANSION",
      "detail": "FCF margin: -1043.0% -> -422.3% (+620.7%)",
      "severity": "MEDIUM"
    },
    {
      "quarter": "2021-09 (Q3)",
      "signal": "YoY REVENUE GROWTH ACCELERATION",
      "detail": "YoY growth: +17.3% vs prior quarter YoY: -31.7% (accel: +49.0%)",
      "severity": "HIGH"
    },
    {
      "quarter": "2021-06 (Q2)",
      "signal": "YoY REVENUE GROWTH DECELERATION",
      "detail": "YoY growth: -31.7% vs prior quarter YoY: +34.5% (decel: -66.2%)",
      "severity": "WARNING"
    }
  ],
  "data_quality": {
    "n_quarters": 20,
    "coverage": {
      "revenue": [
        20,
        20
      ],
      "gross_profit": [
        13,
        20
      ],
      "op_income": [
        17,
        20
      ],
      "fcf": [
        17,
        20
      ]
    },
    "gaps": [
      [
        "2024-06 (Q2)",
        "2024-12 (Q4)",
        184
      ],
      [
        "2024-12 (Q4)",
        "2025-06 (Q2)",
        181
      ]
    ],
    "warnings": [
      "gross_profit: 13/20Q",
      "gap: 1Q missing between 2024-06 (Q2) and 2024-12 (Q4)",
      "gap: 1Q missing between 2024-12 (Q4) and 2025-06 (Q2)"
    ]
  },
  "market_cap": null,
  "source": "SEC EDGAR",
  "last_updated": "2026-02-03T00:58:05.291560"
}