{
  "ticker": "OPITQ",
  "name": "OFFICE PROPERTIES INCOME TRUST",
  "quarters": [
    {
      "date": "2018-03-31T00:00:00",
      "quarter_label": "2018-03 (Q1)",
      "revenue": 108717000,
      "gross_profit": null,
      "operating_income": 6300000,
      "net_income": null,
      "opex": null,
      "cogs": null,
      "rd": null,
      "sga": null,
      "fcf": null,
      "ocf": null,
      "capex": null,
      "gross_margin": null,
      "op_margin": 0.05794861889124976,
      "fcf_margin": null
    },
    {
      "date": "2018-06-30T00:00:00",
      "quarter_label": "2018-06 (Q2)",
      "revenue": 108085000,
      "gross_profit": null,
      "operating_income": 21299000,
      "net_income": null,
      "opex": null,
      "cogs": null,
      "rd": null,
      "sga": null,
      "fcf": null,
      "ocf": null,
      "capex": null,
      "gross_margin": null,
      "op_margin": 0.19705787111995188,
      "fcf_margin": null
    },
    {
      "date": "2018-09-30T00:00:00",
      "quarter_label": "2018-09 (Q3)",
      "revenue": 106102000,
      "gross_profit": null,
      "operating_income": -4303000,
      "net_income": null,
      "opex": null,
      "cogs": null,
      "rd": null,
      "sga": null,
      "fcf": null,
      "ocf": null,
      "capex": null,
      "gross_margin": null,
      "op_margin": -0.040555314697178185,
      "fcf_margin": null
    },
    {
      "date": "2018-12-31T00:00:00",
      "quarter_label": "2018-12 (Q4)",
      "revenue": 103656000,
      "gross_profit": null,
      "operating_income": null,
      "net_income": null,
      "opex": null,
      "cogs": null,
      "rd": null,
      "sga": null,
      "fcf": null,
      "ocf": null,
      "capex": null,
      "gross_margin": null,
      "op_margin": null,
      "fcf_margin": null
    },
    {
      "date": "2019-03-31T00:00:00",
      "quarter_label": "2019-03 (Q1)",
      "revenue": 174777000,
      "gross_profit": null,
      "operating_income": null,
      "net_income": null,
      "opex": null,
      "cogs": null,
      "rd": null,
      "sga": null,
      "fcf": null,
      "ocf": null,
      "capex": null,
      "gross_margin": null,
      "op_margin": null,
      "fcf_margin": null,
      "rev_growth_yoy": 0.6076326609453904
    },
    {
      "date": "2019-06-30T00:00:00",
      "quarter_label": "2019-06 (Q2)",
      "revenue": 176032000,
      "gross_profit": null,
      "operating_income": null,
      "net_income": null,
      "opex": null,
      "cogs": null,
      "rd": null,
      "sga": null,
      "fcf": null,
      "ocf": null,
      "capex": null,
      "gross_margin": null,
      "op_margin": null,
      "fcf_margin": null,
      "rev_growth_yoy": 0.6286441226812232,
      "rev_growth_yoy_accel": 0.021011461735832793
    },
    {
      "date": "2019-09-30T00:00:00",
      "quarter_label": "2019-09 (Q3)",
      "revenue": 167411000,
      "gross_profit": null,
      "operating_income": null,
      "net_income": null,
      "opex": null,
      "cogs": null,
      "rd": null,
      "sga": null,
      "fcf": null,
      "ocf": null,
      "capex": null,
      "gross_margin": null,
      "op_margin": null,
      "fcf_margin": null,
      "rev_growth_yoy": 0.5778307666207989,
      "rev_growth_yoy_accel": -0.05081335606042425
    },
    {
      "date": "2019-12-31T00:00:00",
      "quarter_label": "2019-12 (Q4)",
      "revenue": 160184000,
      "gross_profit": null,
      "operating_income": null,
      "net_income": null,
      "opex": null,
      "cogs": null,
      "rd": null,
      "sga": null,
      "fcf": null,
      "ocf": null,
      "capex": null,
      "gross_margin": null,
      "op_margin": null,
      "fcf_margin": null,
      "rev_growth_yoy": 0.5453422860229992,
      "rev_growth_yoy_accel": -0.03248848059779974
    },
    {
      "date": "2024-03-31T00:00:00",
      "quarter_label": "2024-03 (Q1)",
      "revenue": 139435000,
      "gross_profit": null,
      "operating_income": null,
      "net_income": -5184000,
      "opex": 107405000,
      "cogs": null,
      "rd": null,
      "sga": null,
      "fcf": 26632000,
      "ocf": 26632000,
      "capex": null,
      "gross_margin": null,
      "op_margin": null,
      "fcf_margin": 0.19099939039695915
    },
    {
      "date": "2024-06-30T00:00:00",
      "quarter_label": "2024-06 (Q2)",
      "revenue": 123686000,
      "gross_profit": null,
      "operating_income": null,
      "net_income": 76171000,
      "opex": 235053000,
      "cogs": null,
      "rd": null,
      "sga": null,
      "fcf": 31867000,
      "ocf": 31867000,
      "capex": null,
      "gross_margin": null,
      "op_margin": null,
      "fcf_margin": 0.2576443574858917,
      "fcf_margin_change": 0.06664496708893256
    },
    {
      "date": "2025-03-31T00:00:00",
      "quarter_label": "2025-03 (Q1)",
      "revenue": 113615000,
      "gross_profit": null,
      "operating_income": null,
      "net_income": -45867000,
      "opex": 101897000,
      "cogs": null,
      "rd": null,
      "sga": null,
      "fcf": -28588000,
      "ocf": -28588000,
      "capex": null,
      "gross_margin": null,
      "op_margin": null,
      "fcf_margin": -0.25162170488051755,
      "rev_growth_yoy": -0.18517588840678453,
      "fcf_margin_change": -0.5092660623664093
    },
    {
      "date": "2025-06-30T00:00:00",
      "quarter_label": "2025-06 (Q2)",
      "revenue": 114499000,
      "gross_profit": null,
      "operating_income": null,
      "net_income": -41186000,
      "opex": 104051000,
      "cogs": null,
      "rd": null,
      "sga": null,
      "fcf": 32399000,
      "ocf": 32399000,
      "capex": null,
      "gross_margin": null,
      "op_margin": null,
      "fcf_margin": 0.2829631699840173,
      "rev_growth_yoy": -0.07427679769739502,
      "rev_growth_yoy_accel": 0.11089909070938951,
      "fcf_margin_change": 0.5345848748645349
    }
  ],
  "signals": [
    {
      "quarter": "2025-06 (Q2)",
      "signal": "FCF TURNED POSITIVE",
      "detail": "FCF margin: -25.2% -> +28.3%",
      "severity": "HIGH"
    },
    {
      "quarter": "2025-06 (Q2)",
      "signal": "YoY REVENUE GROWTH ACCELERATION",
      "detail": "YoY growth: -7.4% vs prior quarter YoY: -18.5% (accel: +11.1%)",
      "severity": "MEDIUM"
    },
    {
      "quarter": "2024-06 (Q2)",
      "signal": "FCF MARGIN EXPANSION",
      "detail": "FCF margin: +19.1% -> +25.8% (+6.7%)",
      "severity": "MEDIUM"
    },
    {
      "quarter": "2019-09 (Q3)",
      "signal": "YoY REVENUE GROWTH DECELERATION",
      "detail": "YoY growth: +57.8% vs prior quarter YoY: +62.9% (decel: -5.1%)",
      "severity": "WARNING"
    }
  ],
  "data_quality": {
    "n_quarters": 12,
    "coverage": {
      "revenue": [
        12,
        12
      ],
      "gross_profit": [
        0,
        12
      ],
      "op_income": [
        3,
        12
      ],
      "fcf": [
        4,
        12
      ]
    },
    "gaps": [
      [
        "2019-12 (Q4)",
        "2024-03 (Q1)",
        1552
      ],
      [
        "2024-06 (Q2)",
        "2025-03 (Q1)",
        274
      ]
    ],
    "warnings": [
      "gross_profit: no data",
      "op_income: 3/12Q",
      "fcf: 4/12Q",
      "gap: 16Q missing between 2019-12 (Q4) and 2024-03 (Q1)",
      "gap: 2Q missing between 2024-06 (Q2) and 2025-03 (Q1)"
    ]
  },
  "market_cap": null,
  "source": "SEC EDGAR",
  "last_updated": "2026-02-03T00:39:44.318153"
}