{
  "ticker": "OPK",
  "name": "OPKO Health, Inc.",
  "quarters": [
    {
      "date": "2020-12-31T00:00:00",
      "quarter_label": "2020-12 (Q4)",
      "revenue": 494676000,
      "gross_profit": null,
      "operating_income": 49356000,
      "net_income": 32298000,
      "opex": 445318000,
      "cogs": null,
      "rd": 17454000,
      "sga": 101824000,
      "fcf": 34258000,
      "ocf": 34258000,
      "capex": null,
      "gross_margin": null,
      "op_margin": 0.09977439778764283,
      "fcf_margin": 0.06925341031301296
    },
    {
      "date": "2021-03-31T00:00:00",
      "quarter_label": "2021-03 (Q1)",
      "revenue": 545165000,
      "gross_profit": null,
      "operating_income": 38437000,
      "net_income": 31078000,
      "opex": 506728000,
      "cogs": null,
      "rd": 19315000,
      "sga": 112286000,
      "fcf": 26037000,
      "ocf": 26037000,
      "capex": null,
      "gross_margin": null,
      "op_margin": 0.07050525987545055,
      "fcf_margin": 0.04775985252171361,
      "op_leverage_ratio": 0.7401284204612933,
      "fcf_margin_change": -0.021493557791299356
    },
    {
      "date": "2021-06-30T00:00:00",
      "quarter_label": "2021-06 (Q2)",
      "revenue": 442408000,
      "gross_profit": null,
      "operating_income": 5571000,
      "net_income": -16186000,
      "opex": 436837000,
      "cogs": null,
      "rd": 18222000,
      "sga": 113236000,
      "fcf": -15452000,
      "ocf": -15452000,
      "capex": null,
      "gross_margin": null,
      "op_margin": 0.01259244859948283,
      "fcf_margin": -0.03492703567747419,
      "fcf_margin_change": -0.08268688819918779
    },
    {
      "date": "2021-09-30T00:00:00",
      "quarter_label": "2021-09 (Q3)",
      "revenue": 385813000,
      "gross_profit": null,
      "operating_income": 37826000,
      "net_income": 28739000,
      "opex": 347987000,
      "cogs": null,
      "rd": 18306000,
      "sga": 105120000,
      "fcf": 33395000,
      "ocf": 33395000,
      "capex": null,
      "gross_margin": null,
      "op_margin": 0.09804231583694692,
      "fcf_margin": 0.08655747732709888,
      "fcf_margin_change": 0.12148451300457308
    },
    {
      "date": "2021-12-31T00:00:00",
      "quarter_label": "2021-12 (Q4)",
      "revenue": 401332000,
      "gross_profit": null,
      "operating_income": -63084000,
      "net_income": -73774000,
      "opex": 464416000,
      "cogs": null,
      "rd": 21007000,
      "sga": 138214000,
      "fcf": -5643000,
      "ocf": -5643000,
      "capex": null,
      "gross_margin": null,
      "op_margin": -0.15718656872614195,
      "fcf_margin": -0.014060677942451636,
      "incr_op_margin_yoy": 1.2045766198148784,
      "rev_growth_yoy": -0.1886972482998973,
      "op_leverage_ratio": 0.12022332323155245,
      "fcf_margin_change": -0.10061815526955052
    },
    {
      "date": "2022-03-31T00:00:00",
      "quarter_label": "2022-03 (Q1)",
      "revenue": 329219000,
      "gross_profit": null,
      "operating_income": -72424000,
      "net_income": -55433000,
      "opex": 401643000,
      "cogs": null,
      "rd": 18312000,
      "sga": 117537000,
      "fcf": -19856000,
      "ocf": -19856000,
      "capex": null,
      "gross_margin": null,
      "op_margin": -0.21998730328443983,
      "fcf_margin": -0.06031243640251626,
      "incr_op_margin_yoy": 0.5133737137988201,
      "rev_growth_yoy": -0.39611126906532884,
      "rev_growth_yoy_accel": -0.20741402076543153,
      "fcf_margin_change": -0.04625175846006462
    },
    {
      "date": "2022-06-30T00:00:00",
      "quarter_label": "2022-06 (Q2)",
      "revenue": 309893000,
      "gross_profit": null,
      "operating_income": -10739000,
      "net_income": -101650000,
      "opex": 320632000,
      "cogs": null,
      "rd": 17254000,
      "sga": 101464000,
      "fcf": -11477000,
      "ocf": -11477000,
      "capex": null,
      "gross_margin": null,
      "op_margin": -0.03465389666755945,
      "fcf_margin": -0.037035363819124666,
      "incr_op_margin_yoy": 0.12308040599177451,
      "rev_growth_yoy": -0.2995312019674147,
      "rev_growth_yoy_accel": 0.09658006709791417,
      "fcf_margin_change": 0.023277072583391595
    },
    {
      "date": "2022-09-30T00:00:00",
      "quarter_label": "2022-09 (Q3)",
      "revenue": 179744000,
      "gross_profit": null,
      "operating_income": -87820000,
      "net_income": -86091000,
      "opex": 267564000,
      "cogs": null,
      "rd": 18792000,
      "sga": 79674000,
      "fcf": -32236000,
      "ocf": -32236000,
      "capex": null,
      "gross_margin": null,
      "op_margin": -0.48858376357486205,
      "fcf_margin": -0.1793439558483176,
      "incr_op_margin_yoy": 0.6097278096171671,
      "rev_growth_yoy": -0.5341162687623279,
      "rev_growth_yoy_accel": -0.2345850667949132,
      "fcf_margin_change": -0.14230859202919294
    },
    {
      "date": "2022-12-31T00:00:00",
      "quarter_label": "2022-12 (Q4)",
      "revenue": 185340000,
      "gross_profit": null,
      "operating_income": -55269000,
      "net_income": -85231000,
      "opex": 240610000,
      "cogs": null,
      "rd": 19528000,
      "sga": 73997000,
      "fcf": -31620000,
      "ocf": -31620000,
      "capex": null,
      "gross_margin": null,
      "op_margin": -0.29820330203949497,
      "fcf_margin": -0.1706053739074134,
      "incr_op_margin_yoy": -0.03618189562576392,
      "rev_growth_yoy": -0.5381878345110781,
      "rev_growth_yoy_accel": -0.004071565748750228,
      "op_leverage_ratio": Infinity,
      "fcf_margin_change": 0.008738581940904211
    },
    {
      "date": "2023-03-31T00:00:00",
      "quarter_label": "2023-03 (Q1)",
      "revenue": 237577000,
      "gross_profit": null,
      "operating_income": -30594000,
      "net_income": -18267000,
      "opex": 268171000,
      "cogs": null,
      "rd": 32605000,
      "sga": 75642000,
      "fcf": -22647000,
      "ocf": -22647000,
      "capex": null,
      "gross_margin": null,
      "op_margin": -0.12877509186495326,
      "fcf_margin": -0.09532488414282528,
      "incr_op_margin_yoy": -0.45645009929944785,
      "rev_growth_yoy": -0.2783618199435634,
      "rev_growth_yoy_accel": 0.2598260145675147,
      "op_leverage_ratio": 2.46052493497389,
      "fcf_margin_change": 0.07528048976458812
    },
    {
      "date": "2023-06-30T00:00:00",
      "quarter_label": "2023-06 (Q2)",
      "revenue": 265418000,
      "gross_profit": null,
      "operating_income": 7025000,
      "net_income": -19640000,
      "opex": 258393000,
      "cogs": null,
      "rd": 18159000,
      "sga": 79794000,
      "fcf": -365000,
      "ocf": -365000,
      "capex": null,
      "gross_margin": null,
      "op_margin": 0.026467684934706765,
      "fcf_margin": -0.0013751893240096754,
      "incr_op_margin_yoy": -0.3994154019111861,
      "rev_growth_yoy": -0.1435172785445299,
      "rev_growth_yoy_accel": 0.1348445413990335,
      "op_leverage_ratio": Infinity,
      "fcf_margin_change": 0.0939496948188156
    },
    {
      "date": "2023-09-30T00:00:00",
      "quarter_label": "2023-09 (Q3)",
      "revenue": 178595000,
      "gross_profit": null,
      "operating_income": -64407000,
      "net_income": -84473000,
      "opex": 243002000,
      "cogs": null,
      "rd": 19435000,
      "sga": 72240000,
      "fcf": 33109000,
      "ocf": 33109000,
      "capex": null,
      "gross_margin": null,
      "op_margin": -0.36063159662924493,
      "fcf_margin": 0.18538592905736442,
      "incr_op_margin_yoy": -20.376849434290687,
      "rev_growth_yoy": -0.006392424781912052,
      "rev_growth_yoy_accel": 0.13712485376261785,
      "fcf_margin_change": 0.1867611183813741
    },
    {
      "date": "2023-12-31T00:00:00",
      "quarter_label": "2023-12 (Q4)",
      "revenue": 181905000,
      "gross_profit": null,
      "operating_income": -69046000,
      "net_income": -66483000,
      "opex": 250949000,
      "cogs": null,
      "rd": 19394000,
      "sga": 72883000,
      "fcf": -38294000,
      "ocf": -38294000,
      "capex": null,
      "gross_margin": null,
      "op_margin": -0.37957175448723235,
      "fcf_margin": -0.2105164783815728,
      "incr_op_margin_yoy": 4.010771470160116,
      "rev_growth_yoy": -0.018533505988993202,
      "rev_growth_yoy_accel": -0.012141081207081149,
      "op_leverage_ratio": 0.5667158153822576,
      "fcf_margin_change": -0.39590240743893723
    },
    {
      "date": "2024-03-31T00:00:00",
      "quarter_label": "2024-03 (Q1)",
      "revenue": 173686000,
      "gross_profit": 42069000,
      "operating_income": -71472000,
      "net_income": -81836000,
      "opex": 245158000,
      "cogs": 131617000,
      "rd": 21937000,
      "sga": 70167000,
      "fcf": -35566000,
      "ocf": -35566000,
      "capex": null,
      "gross_margin": 0.242212959017998,
      "op_margin": -0.41150121483596835,
      "fcf_margin": -0.20477182962357357,
      "incr_op_margin_yoy": 0.6398084237216509,
      "rev_growth_yoy": -0.2689275477003245,
      "rev_growth_yoy_accel": -0.2503940417113313,
      "fcf_margin_change": 0.005744648757999238
    },
    {
      "date": "2024-06-30T00:00:00",
      "quarter_label": "2024-06 (Q2)",
      "revenue": 182186000,
      "gross_profit": 51653000,
      "operating_income": -61670000,
      "net_income": -10305000,
      "opex": 243856000,
      "cogs": 130533000,
      "rd": 24082000,
      "sga": 68821000,
      "fcf": -26435000,
      "ocf": -26435000,
      "capex": null,
      "gross_margin": 0.28351794320090457,
      "op_margin": -0.3385002140669426,
      "fcf_margin": -0.1450989647942213,
      "incr_op_margin_yoy": 0.8253436178392926,
      "rev_growth_yoy": -0.313588377578009,
      "rev_growth_yoy_accel": -0.044660829877684494,
      "op_leverage_ratio": Infinity,
      "fcf_margin_change": 0.05967286482935227
    },
    {
      "date": "2024-09-30T00:00:00",
      "quarter_label": "2024-09 (Q3)",
      "revenue": 173632000,
      "gross_profit": 40129000,
      "operating_income": 14216000,
      "net_income": 24890000,
      "opex": 159416000,
      "cogs": 133503000,
      "rd": 28770000,
      "sga": 98203000,
      "fcf": -77079000,
      "ocf": -77079000,
      "capex": null,
      "gross_margin": 0.23111523221525987,
      "op_margin": 0.08187430888315518,
      "fcf_margin": -0.4439216273497973,
      "incr_op_margin_yoy": -15.841829538585532,
      "rev_growth_yoy": -0.027789131834597833,
      "rev_growth_yoy_accel": 0.28579924574341115,
      "fcf_margin_change": -0.298822662555576
    },
    {
      "date": "2024-12-31T00:00:00",
      "quarter_label": "2024-12 (Q4)",
      "revenue": 183638000,
      "gross_profit": 84660000,
      "operating_income": -33139000,
      "net_income": 14027000,
      "opex": 216777000,
      "cogs": 98979000,
      "rd": 30425000,
      "sga": 67029000,
      "fcf": -44409000,
      "ocf": -44409000,
      "capex": null,
      "gross_margin": 0.46101569391955916,
      "op_margin": -0.18045829294590443,
      "fcf_margin": -0.2418290332066348,
      "incr_op_margin_yoy": 20.71956145412579,
      "rev_growth_yoy": 0.009526950880954344,
      "rev_growth_yoy_accel": 0.037316082715552173,
      "op_leverage_ratio": 0.16015699979629275,
      "fcf_margin_change": 0.2020925941431625
    },
    {
      "date": "2025-03-31T00:00:00",
      "quarter_label": "2025-03 (Q1)",
      "revenue": 149952000,
      "gross_profit": 42620000,
      "operating_income": -67168000,
      "net_income": -67613000,
      "opex": 217120000,
      "cogs": 107332000,
      "rd": 30841000,
      "sga": 59086000,
      "fcf": -34554000,
      "ocf": -34554000,
      "capex": null,
      "gross_margin": 0.2842242851045668,
      "op_margin": -0.4479300042680324,
      "fcf_margin": -0.23043373879641485,
      "incr_op_margin_yoy": -0.18134322069604786,
      "rev_growth_yoy": -0.1366488951325956,
      "rev_growth_yoy_accel": -0.14617584601354994,
      "fcf_margin_change": 0.011395294410219942
    },
    {
      "date": "2025-06-30T00:00:00",
      "quarter_label": "2025-06 (Q2)",
      "revenue": 156807000,
      "gross_profit": 49402000,
      "operating_income": -59981000,
      "net_income": -148441000,
      "opex": 216788000,
      "cogs": 107405000,
      "rd": 30342000,
      "sga": 59597000,
      "fcf": -83420000,
      "ocf": -83420000,
      "capex": null,
      "gross_margin": 0.3150497107909723,
      "op_margin": -0.3825148112010306,
      "fcf_margin": -0.531991556499391,
      "incr_op_margin_yoy": -0.0665510855431656,
      "rev_growth_yoy": -0.1393026906568013,
      "rev_growth_yoy_accel": -0.002653795524205693,
      "op_leverage_ratio": Infinity,
      "fcf_margin_change": -0.3015578177029762
    },
    {
      "date": "2025-09-30T00:00:00",
      "quarter_label": "2025-09 (Q3)",
      "revenue": 151669000,
      "gross_profit": 49894000,
      "operating_income": 48056000,
      "net_income": 21631000,
      "opex": 103613000,
      "cogs": 101776000,
      "rd": 30078000,
      "sga": 53804000,
      "fcf": -34647000,
      "ocf": -34647000,
      "capex": null,
      "gross_margin": 0.3289663675503893,
      "op_margin": 0.3168478726700908,
      "fcf_margin": -0.22843824380723812,
      "incr_op_margin_yoy": -1.5407731184264444,
      "rev_growth_yoy": -0.12649166052340582,
      "rev_growth_yoy_accel": 0.012811030133395462,
      "fcf_margin_change": 0.3035533126921529
    }
  ],
  "signals": [
    {
      "quarter": "2025-09 (Q3)",
      "signal": "FCF MARGIN EXPANSION",
      "detail": "FCF margin: -53.2% -> -22.8% (+30.4%)",
      "severity": "MEDIUM"
    },
    {
      "quarter": "2025-09 (Q3)",
      "signal": "OP MARGIN TURNED POSITIVE (QoQ)",
      "detail": "Op margin: -38.3% -> +31.7%",
      "severity": "HIGH"
    },
    {
      "quarter": "2025-06 (Q2)",
      "signal": "GROSS MARGIN INFLECTION",
      "detail": "GM: +46.1% -> +28.4% -> +31.5% (reversal +3.1%)",
      "severity": "MEDIUM"
    },
    {
      "quarter": "2025-03 (Q1)",
      "signal": "YoY REVENUE GROWTH DECELERATION",
      "detail": "YoY growth: -13.7% vs prior quarter YoY: +1.0% (decel: -14.6%)",
      "severity": "WARNING"
    },
    {
      "quarter": "2024-12 (Q4)",
      "signal": "FCF MARGIN EXPANSION",
      "detail": "FCF margin: -44.4% -> -24.2% (+20.2%)",
      "severity": "MEDIUM"
    },
    {
      "quarter": "2024-12 (Q4)",
      "signal": "GROSS MARGIN INFLECTION",
      "detail": "GM: +28.4% -> +23.1% -> +46.1% (reversal +23.0%)",
      "severity": "HIGH"
    },
    {
      "quarter": "2024-09 (Q3)",
      "signal": "YoY REVENUE GROWTH ACCELERATION",
      "detail": "YoY growth: -2.8% vs prior quarter YoY: -31.4% (accel: +28.6%)",
      "severity": "HIGH"
    },
    {
      "quarter": "2024-09 (Q3)",
      "signal": "OP MARGIN TURNED POSITIVE (YoY)",
      "detail": "Op margin: -36.1% (year-ago) -> +8.2%",
      "severity": "HIGH"
    },
    {
      "quarter": "2024-09 (Q3)",
      "signal": "OP MARGIN TURNED POSITIVE (QoQ)",
      "detail": "Op margin: -33.9% -> +8.2%",
      "severity": "HIGH"
    },
    {
      "quarter": "2024-06 (Q2)",
      "signal": "FCF MARGIN EXPANSION",
      "detail": "FCF margin: -20.5% -> -14.5% (+6.0%)",
      "severity": "MEDIUM"
    },
    {
      "quarter": "2024-03 (Q1)",
      "signal": "YoY REVENUE GROWTH DECELERATION",
      "detail": "YoY growth: -26.9% vs prior quarter YoY: -1.9% (decel: -25.0%)",
      "severity": "WARNING"
    },
    {
      "quarter": "2023-09 (Q3)",
      "signal": "FCF TURNED POSITIVE",
      "detail": "FCF margin: -0.1% -> +18.5%",
      "severity": "HIGH"
    },
    {
      "quarter": "2023-09 (Q3)",
      "signal": "YoY REVENUE GROWTH ACCELERATION",
      "detail": "YoY growth: -0.6% vs prior quarter YoY: -14.4% (accel: +13.7%)",
      "severity": "MEDIUM"
    },
    {
      "quarter": "2023-06 (Q2)",
      "signal": "FCF MARGIN EXPANSION",
      "detail": "FCF margin: -9.5% -> -0.1% (+9.4%)",
      "severity": "MEDIUM"
    },
    {
      "quarter": "2023-06 (Q2)",
      "signal": "YoY REVENUE GROWTH ACCELERATION",
      "detail": "YoY growth: -14.4% vs prior quarter YoY: -27.8% (accel: +13.5%)",
      "severity": "MEDIUM"
    },
    {
      "quarter": "2023-06 (Q2)",
      "signal": "OP MARGIN TURNED POSITIVE (YoY)",
      "detail": "Op margin: -3.5% (year-ago) -> +2.6%",
      "severity": "HIGH"
    },
    {
      "quarter": "2023-06 (Q2)",
      "signal": "OP MARGIN TURNED POSITIVE (QoQ)",
      "detail": "Op margin: -12.9% -> +2.6%",
      "severity": "HIGH"
    },
    {
      "quarter": "2023-03 (Q1)",
      "signal": "FCF MARGIN EXPANSION",
      "detail": "FCF margin: -17.1% -> -9.5% (+7.5%)",
      "severity": "MEDIUM"
    },
    {
      "quarter": "2023-03 (Q1)",
      "signal": "OPERATING LEVERAGE",
      "detail": "Rev growth +28.2% vs OpEx growth +11.5% (leverage: 2.5x)",
      "severity": "MEDIUM"
    },
    {
      "quarter": "2023-03 (Q1)",
      "signal": "YoY REVENUE GROWTH ACCELERATION",
      "detail": "YoY growth: -27.8% vs prior quarter YoY: -53.8% (accel: +26.0%)",
      "severity": "HIGH"
    },
    {
      "quarter": "2022-09 (Q3)",
      "signal": "YoY REVENUE GROWTH DECELERATION",
      "detail": "YoY growth: -53.4% vs prior quarter YoY: -30.0% (decel: -23.5%)",
      "severity": "WARNING"
    },
    {
      "quarter": "2022-06 (Q2)",
      "signal": "YoY REVENUE GROWTH ACCELERATION",
      "detail": "YoY growth: -30.0% vs prior quarter YoY: -39.6% (accel: +9.7%)",
      "severity": "MEDIUM"
    },
    {
      "quarter": "2022-03 (Q1)",
      "signal": "YoY REVENUE GROWTH DECELERATION",
      "detail": "YoY growth: -39.6% vs prior quarter YoY: -18.9% (decel: -20.7%)",
      "severity": "WARNING"
    },
    {
      "quarter": "2021-09 (Q3)",
      "signal": "FCF TURNED POSITIVE",
      "detail": "FCF margin: -3.5% -> +8.7%",
      "severity": "HIGH"
    }
  ],
  "data_quality": {
    "n_quarters": 20,
    "coverage": {
      "revenue": [
        20,
        20
      ],
      "gross_profit": [
        7,
        20
      ],
      "op_income": [
        20,
        20
      ],
      "fcf": [
        20,
        20
      ]
    },
    "gaps": [],
    "warnings": [
      "gross_profit: 7/20Q"
    ]
  },
  "market_cap": null,
  "source": "SEC EDGAR",
  "last_updated": "2026-02-02T22:00:37.948102"
}