{
  "ticker": "OPLN",
  "name": "OPENLANE, Inc.",
  "quarters": [
    {
      "date": "2020-12-31T00:00:00",
      "quarter_label": "2020-12 (Q4)",
      "revenue": 529600000,
      "gross_profit": 204200000,
      "operating_income": 13900000,
      "net_income": -17100000,
      "opex": 515700000,
      "cogs": 325400000,
      "rd": null,
      "sga": 139700000,
      "fcf": null,
      "ocf": null,
      "capex": null,
      "gross_margin": 0.38557401812688824,
      "op_margin": 0.026246223564954683,
      "fcf_margin": null
    },
    {
      "date": "2021-03-31T00:00:00",
      "quarter_label": "2021-03 (Q1)",
      "revenue": 581600000,
      "gross_profit": 251200000,
      "operating_income": 55200000,
      "net_income": 50900000,
      "opex": 526400000,
      "cogs": 330400000,
      "rd": null,
      "sga": 149000000,
      "fcf": 164500000,
      "ocf": 164500000,
      "capex": null,
      "gross_margin": 0.43191196698762035,
      "op_margin": 0.09491059147180192,
      "fcf_margin": 0.2828404401650619,
      "op_leverage_ratio": 4.73226134342265
    },
    {
      "date": "2021-06-30T00:00:00",
      "quarter_label": "2021-06 (Q2)",
      "revenue": 585400000,
      "gross_profit": 252200000,
      "operating_income": 66600000,
      "net_income": 11500000,
      "opex": 518800000,
      "cogs": 333200000,
      "rd": null,
      "sga": 140200000,
      "fcf": 131200000,
      "ocf": 131200000,
      "capex": null,
      "gross_margin": 0.43081653570208406,
      "op_margin": 0.11376836351212846,
      "fcf_margin": 0.22412025965152033,
      "fcf_margin_change": -0.05872018051354155
    },
    {
      "date": "2021-09-30T00:00:00",
      "quarter_label": "2021-09 (Q3)",
      "revenue": 535200000,
      "gross_profit": 222100000,
      "operating_income": 43300000,
      "net_income": -1000000,
      "opex": 491900000,
      "cogs": 313100000,
      "rd": null,
      "sga": 134100000,
      "fcf": 56900000,
      "ocf": 56900000,
      "capex": null,
      "gross_margin": 0.41498505231689087,
      "op_margin": 0.08090433482810165,
      "fcf_margin": 0.1063153961136024,
      "fcf_margin_change": -0.11780486353791793
    },
    {
      "date": "2021-12-31T00:00:00",
      "quarter_label": "2021-12 (Q4)",
      "revenue": 549400000,
      "gross_profit": 226200000,
      "operating_income": 45500000,
      "net_income": 5100000,
      "opex": 503900000,
      "cogs": 323200000,
      "rd": null,
      "sga": 134800000,
      "fcf": null,
      "ocf": null,
      "capex": null,
      "gross_margin": 0.411721878412814,
      "op_margin": 0.08281761922096834,
      "fcf_margin": null,
      "incr_op_margin_yoy": 1.595959595959596,
      "rev_growth_yoy": 0.037386706948640484,
      "op_leverage_ratio": 1.0875965371200795
    },
    {
      "date": "2022-03-31T00:00:00",
      "quarter_label": "2022-03 (Q1)",
      "revenue": 369400000,
      "gross_profit": 158600000,
      "operating_income": 13700000,
      "net_income": -300000,
      "opex": 355700000,
      "cogs": 210800000,
      "rd": null,
      "sga": 118900000,
      "fcf": null,
      "ocf": null,
      "capex": null,
      "gross_margin": 0.42934488359501893,
      "op_margin": 0.037087168381158636,
      "fcf_margin": null,
      "incr_op_margin_yoy": 0.19557021677662584,
      "rev_growth_yoy": -0.36485557083906467,
      "rev_growth_yoy_accel": -0.40224227778770516
    },
    {
      "date": "2022-06-30T00:00:00",
      "quarter_label": "2022-06 (Q2)",
      "revenue": 384200000,
      "gross_profit": 172300000,
      "operating_income": 22300000,
      "net_income": 210200000,
      "opex": 361900000,
      "cogs": 211900000,
      "rd": null,
      "sga": 124100000,
      "fcf": null,
      "ocf": null,
      "capex": null,
      "gross_margin": 0.4484643414888079,
      "op_margin": 0.05804268610098907,
      "fcf_margin": null,
      "incr_op_margin_yoy": 0.2201789264413519,
      "rev_growth_yoy": -0.343696617697301,
      "rev_growth_yoy_accel": 0.021158953141763692,
      "op_leverage_ratio": 2.298566114186912
    },
    {
      "date": "2022-09-30T00:00:00",
      "quarter_label": "2022-09 (Q3)",
      "revenue": 393000000,
      "gross_profit": 183400000,
      "operating_income": 50000000,
      "net_income": -5800000,
      "opex": 343000000,
      "cogs": 209600000,
      "rd": null,
      "sga": 109100000,
      "fcf": null,
      "ocf": null,
      "capex": null,
      "gross_margin": 0.4666666666666667,
      "op_margin": 0.1272264631043257,
      "fcf_margin": null,
      "incr_op_margin_yoy": -0.047116736990154715,
      "rev_growth_yoy": -0.265695067264574,
      "rev_growth_yoy_accel": 0.078001550432727,
      "op_leverage_ratio": Infinity
    },
    {
      "date": "2022-12-31T00:00:00",
      "quarter_label": "2022-12 (Q4)",
      "revenue": 372800000,
      "gross_profit": 170800000,
      "operating_income": 87700000,
      "net_income": 37100000,
      "opex": 285100000,
      "cogs": 202000000,
      "rd": null,
      "sga": 93000000,
      "fcf": null,
      "ocf": null,
      "capex": null,
      "gross_margin": 0.4581545064377682,
      "op_margin": 0.23524678111587982,
      "fcf_margin": null,
      "incr_op_margin_yoy": -0.23895809739524349,
      "rev_growth_yoy": -0.3214415726246815,
      "rev_growth_yoy_accel": -0.0557465053601075
    },
    {
      "date": "2023-03-31T00:00:00",
      "quarter_label": "2023-03 (Q1)",
      "revenue": 420600000,
      "gross_profit": 196400000,
      "operating_income": 65400000,
      "net_income": 12700000,
      "opex": 355200000,
      "cogs": 224200000,
      "rd": null,
      "sga": 108000000,
      "fcf": null,
      "ocf": null,
      "capex": null,
      "gross_margin": 0.46695197337137423,
      "op_margin": 0.15549215406562053,
      "fcf_margin": null,
      "incr_op_margin_yoy": 1.009765625,
      "rev_growth_yoy": 0.13860314022739578,
      "rev_growth_yoy_accel": 0.46004471285207726,
      "op_leverage_ratio": 0.5214722376984443
    },
    {
      "date": "2023-06-30T00:00:00",
      "quarter_label": "2023-06 (Q2)",
      "revenue": 416900000,
      "gross_profit": 194300000,
      "operating_income": -194500000,
      "net_income": -193800000,
      "opex": 611400000,
      "cogs": 222600000,
      "rd": null,
      "sga": 111200000,
      "fcf": null,
      "ocf": null,
      "capex": null,
      "gross_margin": 0.4660590069561046,
      "op_margin": -0.46653873830654835,
      "fcf_margin": null,
      "incr_op_margin_yoy": -6.629969418960244,
      "rev_growth_yoy": 0.08511192087454451,
      "rev_growth_yoy_accel": -0.05349121935285127
    },
    {
      "date": "2023-09-30T00:00:00",
      "quarter_label": "2023-09 (Q3)",
      "revenue": 416300000,
      "gross_profit": 200300000,
      "operating_income": 66500000,
      "net_income": 12700000,
      "opex": 349800000,
      "cogs": 216000000,
      "rd": null,
      "sga": 107400000,
      "fcf": null,
      "ocf": null,
      "capex": null,
      "gross_margin": 0.48114340619745377,
      "op_margin": 0.15974057170309872,
      "fcf_margin": null,
      "incr_op_margin_yoy": 0.7081545064377682,
      "rev_growth_yoy": 0.05928753180661578,
      "rev_growth_yoy_accel": -0.025824389067928735
    },
    {
      "date": "2023-12-31T00:00:00",
      "quarter_label": "2023-12 (Q4)",
      "revenue": 391300000,
      "gross_profit": 186500000,
      "operating_income": 57400000,
      "net_income": 14300000,
      "opex": 333900000,
      "cogs": 204800000,
      "rd": null,
      "sga": 103800000,
      "fcf": null,
      "ocf": null,
      "capex": null,
      "gross_margin": 0.476616406848965,
      "op_margin": 0.14669051878354203,
      "fcf_margin": null,
      "incr_op_margin_yoy": -1.6378378378378378,
      "rev_growth_yoy": 0.0496244635193133,
      "rev_growth_yoy_accel": -0.009663068287302477
    },
    {
      "date": "2024-03-31T00:00:00",
      "quarter_label": "2024-03 (Q1)",
      "revenue": 416300000,
      "gross_profit": 202400000,
      "operating_income": 69400000,
      "net_income": 18500000,
      "opex": 346900000,
      "cogs": 213900000,
      "rd": null,
      "sga": 108700000,
      "fcf": null,
      "ocf": null,
      "capex": null,
      "gross_margin": 0.4861878453038674,
      "op_margin": 0.16670670189766995,
      "fcf_margin": null,
      "incr_op_margin_yoy": -0.9302325581395349,
      "rev_growth_yoy": -0.010223490252020923,
      "rev_growth_yoy_accel": -0.05984795377133423,
      "op_leverage_ratio": 1.6409797715701115
    },
    {
      "date": "2024-06-30T00:00:00",
      "quarter_label": "2024-06 (Q2)",
      "revenue": 431800000,
      "gross_profit": 185900000,
      "operating_income": 55800000,
      "net_income": 10700000,
      "opex": 376000000,
      "cogs": 245900000,
      "rd": null,
      "sga": 106000000,
      "fcf": null,
      "ocf": null,
      "capex": null,
      "gross_margin": 0.4305233904585456,
      "op_margin": 0.12922649374710515,
      "fcf_margin": null,
      "incr_op_margin_yoy": 16.798657718120804,
      "rev_growth_yoy": 0.03573998560805949,
      "rev_growth_yoy_accel": 0.04596347586008041,
      "op_leverage_ratio": 0.44385038215072564
    },
    {
      "date": "2024-09-30T00:00:00",
      "quarter_label": "2024-09 (Q3)",
      "revenue": 448400000,
      "gross_profit": 196400000,
      "operating_income": 73200000,
      "net_income": 28400000,
      "opex": 375200000,
      "cogs": 252000000,
      "rd": null,
      "sga": 99400000,
      "fcf": null,
      "ocf": null,
      "capex": null,
      "gross_margin": 0.43800178412132024,
      "op_margin": 0.1632471008028546,
      "fcf_margin": null,
      "incr_op_margin_yoy": 0.2087227414330218,
      "rev_growth_yoy": 0.07710785491232285,
      "rev_growth_yoy_accel": 0.04136786930426336,
      "op_leverage_ratio": Infinity
    },
    {
      "date": "2024-12-31T00:00:00",
      "quarter_label": "2024-12 (Q4)",
      "revenue": 455000000,
      "gross_profit": 210500000,
      "operating_income": 79000000,
      "net_income": 52300000,
      "opex": 376000000,
      "cogs": 244500000,
      "rd": null,
      "sga": 99700000,
      "fcf": null,
      "ocf": null,
      "capex": null,
      "gross_margin": 0.46263736263736266,
      "op_margin": 0.17362637362637362,
      "fcf_margin": null,
      "incr_op_margin_yoy": 0.3390894819466248,
      "rev_growth_yoy": 0.16279069767441862,
      "rev_growth_yoy_accel": 0.08568284276209577,
      "op_leverage_ratio": 6.90321141837645
    },
    {
      "date": "2025-03-31T00:00:00",
      "quarter_label": "2025-03 (Q1)",
      "revenue": 460100000,
      "gross_profit": 218500000,
      "operating_income": 51700000,
      "net_income": 36900000,
      "opex": 408400000,
      "cogs": 241600000,
      "rd": null,
      "sga": 107200000,
      "fcf": null,
      "ocf": null,
      "capex": null,
      "gross_margin": 0.47489676157357097,
      "op_margin": 0.11236687676592046,
      "fcf_margin": null,
      "incr_op_margin_yoy": -0.4041095890410959,
      "rev_growth_yoy": 0.10521258707662744,
      "rev_growth_yoy_accel": -0.05757811059779118,
      "op_leverage_ratio": 0.13007733007733008
    },
    {
      "date": "2025-06-30T00:00:00",
      "quarter_label": "2025-06 (Q2)",
      "revenue": 481700000,
      "gross_profit": 227300000,
      "operating_income": 47400000,
      "net_income": 33400000,
      "opex": 434300000,
      "cogs": 254400000,
      "rd": null,
      "sga": 114300000,
      "fcf": null,
      "ocf": null,
      "capex": null,
      "gross_margin": 0.47187045879177913,
      "op_margin": 0.0984014947062487,
      "fcf_margin": null,
      "incr_op_margin_yoy": -0.1683366733466934,
      "rev_growth_yoy": 0.11556276053728579,
      "rev_growth_yoy_accel": 0.010350173460658349,
      "op_leverage_ratio": 0.7402654618477266
    },
    {
      "date": "2025-09-30T00:00:00",
      "quarter_label": "2025-09 (Q3)",
      "revenue": 498400000,
      "gross_profit": 228200000,
      "operating_income": 55000000,
      "net_income": 47900000,
      "opex": 443400000,
      "cogs": 270200000,
      "rd": null,
      "sga": 110900000,
      "fcf": null,
      "ocf": null,
      "capex": null,
      "gross_margin": 0.45786516853932585,
      "op_margin": 0.11035313001605136,
      "fcf_margin": null,
      "incr_op_margin_yoy": -0.364,
      "rev_growth_yoy": 0.11150758251561106,
      "rev_growth_yoy_accel": -0.004055178021674724,
      "op_leverage_ratio": 1.654581872352269
    }
  ],
  "signals": [
    {
      "quarter": "2025-09 (Q3)",
      "signal": "OPERATING LEVERAGE",
      "detail": "Rev growth +3.5% vs OpEx growth +2.1% (leverage: 1.7x)",
      "severity": "MEDIUM"
    },
    {
      "quarter": "2025-03 (Q1)",
      "signal": "YoY REVENUE GROWTH DECELERATION",
      "detail": "YoY growth: +10.5% vs prior quarter YoY: +16.3% (decel: -5.8%)",
      "severity": "WARNING"
    },
    {
      "quarter": "2024-12 (Q4)",
      "signal": "OPERATING LEVERAGE",
      "detail": "Rev growth +1.5% vs OpEx growth +0.2% (leverage: 6.9x)",
      "severity": "MEDIUM"
    },
    {
      "quarter": "2024-12 (Q4)",
      "signal": "YoY REVENUE GROWTH ACCELERATION",
      "detail": "YoY growth: +16.3% vs prior quarter YoY: +7.7% (accel: +8.6%)",
      "severity": "MEDIUM"
    },
    {
      "quarter": "2024-12 (Q4)",
      "signal": "INCREMENTAL MARGIN (YoY)",
      "detail": "YoY Incr OPM: +33.9% vs year-ago OPM: +14.7%",
      "severity": "MEDIUM"
    },
    {
      "quarter": "2024-06 (Q2)",
      "signal": "OP MARGIN TURNED POSITIVE (YoY)",
      "detail": "Op margin: -46.7% (year-ago) -> +12.9%",
      "severity": "HIGH"
    },
    {
      "quarter": "2024-03 (Q1)",
      "signal": "OPERATING LEVERAGE",
      "detail": "Rev growth +6.4% vs OpEx growth +3.9% (leverage: 1.6x)",
      "severity": "MEDIUM"
    },
    {
      "quarter": "2024-03 (Q1)",
      "signal": "YoY REVENUE GROWTH DECELERATION",
      "detail": "YoY growth: -1.0% vs prior quarter YoY: +5.0% (decel: -6.0%)",
      "severity": "WARNING"
    },
    {
      "quarter": "2023-09 (Q3)",
      "signal": "INCREMENTAL MARGIN (YoY)",
      "detail": "YoY Incr OPM: +70.8% vs year-ago OPM: +12.7%",
      "severity": "HIGH"
    },
    {
      "quarter": "2023-09 (Q3)",
      "signal": "OP MARGIN TURNED POSITIVE (QoQ)",
      "detail": "Op margin: -46.7% -> +16.0%",
      "severity": "HIGH"
    },
    {
      "quarter": "2023-06 (Q2)",
      "signal": "YoY REVENUE GROWTH DECELERATION",
      "detail": "YoY growth: +8.5% vs prior quarter YoY: +13.9% (decel: -5.3%)",
      "severity": "WARNING"
    },
    {
      "quarter": "2023-03 (Q1)",
      "signal": "YoY REVENUE GROWTH ACCELERATION",
      "detail": "YoY growth: +13.9% vs prior quarter YoY: -32.1% (accel: +46.0%)",
      "severity": "HIGH"
    },
    {
      "quarter": "2023-03 (Q1)",
      "signal": "INCREMENTAL MARGIN (YoY)",
      "detail": "YoY Incr OPM: +101.0% vs year-ago OPM: +3.7%",
      "severity": "HIGH"
    },
    {
      "quarter": "2022-12 (Q4)",
      "signal": "YoY REVENUE GROWTH DECELERATION",
      "detail": "YoY growth: -32.1% vs prior quarter YoY: -26.6% (decel: -5.6%)",
      "severity": "WARNING"
    },
    {
      "quarter": "2022-09 (Q3)",
      "signal": "YoY REVENUE GROWTH ACCELERATION",
      "detail": "YoY growth: -26.6% vs prior quarter YoY: -34.4% (accel: +7.8%)",
      "severity": "MEDIUM"
    },
    {
      "quarter": "2022-06 (Q2)",
      "signal": "OPERATING LEVERAGE",
      "detail": "Rev growth +4.0% vs OpEx growth +1.7% (leverage: 2.3x)",
      "severity": "MEDIUM"
    },
    {
      "quarter": "2022-06 (Q2)",
      "signal": "INCREMENTAL MARGIN (YoY)",
      "detail": "YoY Incr OPM: +22.0% vs year-ago OPM: +11.4%",
      "severity": "MEDIUM"
    },
    {
      "quarter": "2022-03 (Q1)",
      "signal": "YoY REVENUE GROWTH DECELERATION",
      "detail": "YoY growth: -36.5% vs prior quarter YoY: +3.7% (decel: -40.2%)",
      "severity": "WARNING"
    },
    {
      "quarter": "2022-03 (Q1)",
      "signal": "INCREMENTAL MARGIN (YoY)",
      "detail": "YoY Incr OPM: +19.6% vs year-ago OPM: +9.5%",
      "severity": "MEDIUM"
    },
    {
      "quarter": "2021-12 (Q4)",
      "signal": "INCREMENTAL MARGIN (YoY)",
      "detail": "YoY Incr OPM: +159.6% vs year-ago OPM: +2.6%",
      "severity": "HIGH"
    },
    {
      "quarter": "2021-03 (Q1)",
      "signal": "OPERATING LEVERAGE",
      "detail": "Rev growth +9.8% vs OpEx growth +2.1% (leverage: 4.7x)",
      "severity": "MEDIUM"
    }
  ],
  "data_quality": {
    "n_quarters": 20,
    "coverage": {
      "revenue": [
        20,
        20
      ],
      "gross_profit": [
        20,
        20
      ],
      "op_income": [
        20,
        20
      ],
      "fcf": [
        3,
        20
      ]
    },
    "gaps": [],
    "warnings": [
      "fcf: 3/20Q"
    ]
  },
  "market_cap": null,
  "source": "SEC EDGAR",
  "last_updated": "2026-02-02T21:20:12.338747"
}