{
  "ticker": "OPRT",
  "name": "Oportun Financial Corp",
  "quarters": [
    {
      "date": "2020-12-31T00:00:00",
      "quarter_label": "2020-12 (Q4)",
      "revenue": 140832000,
      "gross_profit": null,
      "operating_income": null,
      "net_income": 8513000,
      "opex": null,
      "cogs": null,
      "rd": null,
      "sga": 2880000,
      "fcf": 12247000,
      "ocf": 13462000,
      "capex": -1215000,
      "gross_margin": null,
      "op_margin": null,
      "fcf_margin": 0.08696177005226086
    },
    {
      "date": "2021-03-31T00:00:00",
      "quarter_label": "2021-03 (Q1)",
      "revenue": 135313000,
      "gross_profit": null,
      "operating_income": null,
      "net_income": 3019000,
      "opex": null,
      "cogs": null,
      "rd": null,
      "sga": 9997000,
      "fcf": 17283000,
      "ocf": 18156000,
      "capex": -873000,
      "gross_margin": null,
      "op_margin": null,
      "fcf_margin": 0.1277260869243901,
      "fcf_margin_change": 0.04076431687212925
    },
    {
      "date": "2021-06-30T00:00:00",
      "quarter_label": "2021-06 (Q2)",
      "revenue": 138254000,
      "gross_profit": null,
      "operating_income": null,
      "net_income": 7250000,
      "opex": null,
      "cogs": null,
      "rd": null,
      "sga": 10179000,
      "fcf": 34710000,
      "ocf": 35682000,
      "capex": -972000,
      "gross_margin": null,
      "op_margin": null,
      "fcf_margin": 0.2510596438439394,
      "fcf_margin_change": 0.12333355691954931
    },
    {
      "date": "2021-09-30T00:00:00",
      "quarter_label": "2021-09 (Q3)",
      "revenue": 159084000,
      "gross_profit": null,
      "operating_income": null,
      "net_income": 22979000,
      "opex": null,
      "cogs": null,
      "rd": null,
      "sga": 2686000,
      "fcf": 49174000,
      "ocf": 49890000,
      "capex": -716000,
      "gross_margin": null,
      "op_margin": null,
      "fcf_margin": 0.3091071383671519,
      "fcf_margin_change": 0.058047494523212506
    },
    {
      "date": "2021-12-31T00:00:00",
      "quarter_label": "2021-12 (Q4)",
      "revenue": 194131000,
      "gross_profit": null,
      "operating_income": null,
      "net_income": 14166000,
      "opex": null,
      "cogs": null,
      "rd": null,
      "sga": 14618000,
      "fcf": 49984000,
      "ocf": 59719000,
      "capex": -9735000,
      "gross_margin": null,
      "op_margin": null,
      "fcf_margin": 0.2574756221314473,
      "rev_growth_yoy": 0.37845802090433994,
      "fcf_margin_change": -0.05163151623570461
    },
    {
      "date": "2022-03-31T00:00:00",
      "quarter_label": "2022-03 (Q1)",
      "revenue": 214720000,
      "gross_profit": null,
      "operating_income": null,
      "net_income": 45663000,
      "opex": 147344000,
      "cogs": null,
      "rd": null,
      "sga": 13361000,
      "fcf": 38565000,
      "ocf": 38565000,
      "capex": null,
      "gross_margin": null,
      "op_margin": null,
      "fcf_margin": 0.17960599850968703,
      "rev_growth_yoy": 0.5868394019791151,
      "rev_growth_yoy_accel": 0.20838138107477516,
      "fcf_margin_change": -0.07786962362176028
    },
    {
      "date": "2022-06-30T00:00:00",
      "quarter_label": "2022-06 (Q2)",
      "revenue": 225802000,
      "gross_profit": null,
      "operating_income": null,
      "net_income": -9157000,
      "opex": 157886000,
      "cogs": null,
      "rd": null,
      "sga": 16936000,
      "fcf": 53077000,
      "ocf": 53077000,
      "capex": null,
      "gross_margin": null,
      "op_margin": null,
      "fcf_margin": 0.23505991975270368,
      "rev_growth_yoy": 0.6332402679126825,
      "rev_growth_yoy_accel": 0.0464008659335674,
      "op_leverage_ratio": 0.7213650401587179,
      "fcf_margin_change": 0.05545392124301665
    },
    {
      "date": "2022-09-30T00:00:00",
      "quarter_label": "2022-09 (Q3)",
      "revenue": 250076000,
      "gross_profit": null,
      "operating_income": null,
      "net_income": -105827000,
      "opex": 259346000,
      "cogs": null,
      "rd": null,
      "sga": 14401000,
      "fcf": 67701000,
      "ocf": 67701000,
      "capex": null,
      "gross_margin": null,
      "op_margin": null,
      "fcf_margin": 0.2707217006030167,
      "rev_growth_yoy": 0.5719745543235021,
      "rev_growth_yoy_accel": -0.061265713589180426,
      "op_leverage_ratio": 0.16728705182944786,
      "fcf_margin_change": 0.03566178085031302
    },
    {
      "date": "2022-12-31T00:00:00",
      "quarter_label": "2022-12 (Q4)",
      "revenue": 261947000,
      "gross_profit": null,
      "operating_income": null,
      "net_income": -8423000,
      "opex": 151367000,
      "cogs": null,
      "rd": null,
      "sga": 14140000,
      "fcf": 88532000,
      "ocf": 88532000,
      "capex": null,
      "gross_margin": null,
      "op_margin": null,
      "fcf_margin": 0.3379767662924179,
      "rev_growth_yoy": 0.3493311217682905,
      "rev_growth_yoy_accel": -0.22264343255521157,
      "op_leverage_ratio": Infinity,
      "fcf_margin_change": 0.0672550656894012
    },
    {
      "date": "2023-03-31T00:00:00",
      "quarter_label": "2023-03 (Q1)",
      "revenue": 259512000,
      "gross_profit": null,
      "operating_income": null,
      "net_income": -102090000,
      "opex": 146338000,
      "cogs": null,
      "rd": null,
      "sga": 19162000,
      "fcf": 76814000,
      "ocf": 76814000,
      "capex": null,
      "gross_margin": null,
      "op_margin": null,
      "fcf_margin": 0.2959940195443756,
      "rev_growth_yoy": 0.20860655737704917,
      "rev_growth_yoy_accel": -0.14072456439124134,
      "fcf_margin_change": -0.04198274674804231
    },
    {
      "date": "2023-06-30T00:00:00",
      "quarter_label": "2023-06 (Q2)",
      "revenue": 266563000,
      "gross_profit": null,
      "operating_income": null,
      "net_income": -14899000,
      "opex": 136096000,
      "cogs": null,
      "rd": null,
      "sga": 21123000,
      "fcf": 102543000,
      "ocf": 102543000,
      "capex": null,
      "gross_margin": null,
      "op_margin": null,
      "fcf_margin": 0.3846857966034296,
      "rev_growth_yoy": 0.18051655875501546,
      "rev_growth_yoy_accel": -0.028089998622033707,
      "op_leverage_ratio": Infinity,
      "fcf_margin_change": 0.08869177705905401
    },
    {
      "date": "2023-09-30T00:00:00",
      "quarter_label": "2023-09 (Q3)",
      "revenue": 268220000,
      "gross_profit": null,
      "operating_income": null,
      "net_income": -21138000,
      "opex": 122506000,
      "cogs": null,
      "rd": null,
      "sga": 11862000,
      "fcf": 107097000,
      "ocf": 107097000,
      "capex": null,
      "gross_margin": null,
      "op_margin": null,
      "fcf_margin": 0.3992878979941839,
      "rev_growth_yoy": 0.07255394360114525,
      "rev_growth_yoy_accel": -0.1079626151538702,
      "fcf_margin_change": 0.014602101390754296
    },
    {
      "date": "2023-12-31T00:00:00",
      "quarter_label": "2023-12 (Q4)",
      "revenue": 262624000,
      "gross_profit": null,
      "operating_income": null,
      "net_income": -41824000,
      "opex": 129379000,
      "cogs": null,
      "rd": null,
      "sga": 20238000,
      "fcf": 106311000,
      "ocf": 106311000,
      "capex": null,
      "gross_margin": null,
      "op_margin": null,
      "fcf_margin": 0.4048030644571707,
      "rev_growth_yoy": 0.00258449228279003,
      "rev_growth_yoy_accel": -0.06996945131835522,
      "fcf_margin_change": 0.005515166462986776
    },
    {
      "date": "2024-03-31T00:00:00",
      "quarter_label": "2024-03 (Q1)",
      "revenue": 250482000,
      "gross_profit": null,
      "operating_income": null,
      "net_income": -26439000,
      "opex": 109642000,
      "cogs": null,
      "rd": null,
      "sga": 11777000,
      "fcf": 85882000,
      "ocf": 85882000,
      "capex": null,
      "gross_margin": null,
      "op_margin": null,
      "fcf_margin": 0.34286695251555,
      "rev_growth_yoy": -0.034796078794044207,
      "rev_growth_yoy_accel": -0.037380571076834235,
      "fcf_margin_change": -0.061936111941620686
    },
    {
      "date": "2024-06-30T00:00:00",
      "quarter_label": "2024-06 (Q2)",
      "revenue": 250396000,
      "gross_profit": null,
      "operating_income": null,
      "net_income": -31025000,
      "opex": 109182000,
      "cogs": null,
      "rd": null,
      "sga": 22016000,
      "fcf": 107727000,
      "ocf": 107727000,
      "capex": null,
      "gross_margin": null,
      "op_margin": null,
      "fcf_margin": 0.43022652119043436,
      "rev_growth_yoy": -0.06064982762048746,
      "rev_growth_yoy_accel": -0.025853748826443257,
      "fcf_margin_change": 0.08735956867488437
    },
    {
      "date": "2024-09-30T00:00:00",
      "quarter_label": "2024-09 (Q3)",
      "revenue": 249951000,
      "gross_profit": null,
      "operating_income": null,
      "net_income": -29956000,
      "opex": 102081000,
      "cogs": null,
      "rd": null,
      "sga": 12991000,
      "fcf": 108468000,
      "ocf": 108468000,
      "capex": null,
      "gross_margin": null,
      "op_margin": null,
      "fcf_margin": 0.43395705558289427,
      "rev_growth_yoy": -0.06811199761389904,
      "rev_growth_yoy_accel": -0.007462169993411573,
      "fcf_margin_change": 0.0037305343924599055
    },
    {
      "date": "2024-12-31T00:00:00",
      "quarter_label": "2024-12 (Q4)",
      "revenue": 250946000,
      "gross_profit": null,
      "operating_income": null,
      "net_income": 8738000,
      "opex": 89476000,
      "cogs": null,
      "rd": null,
      "sga": 6434000,
      "fcf": 91445000,
      "ocf": 91445000,
      "capex": null,
      "gross_margin": null,
      "op_margin": null,
      "fcf_margin": 0.3644011062140859,
      "rev_growth_yoy": -0.04446661386621177,
      "rev_growth_yoy_accel": 0.023645383747687265,
      "fcf_margin_change": -0.06955594936880838
    },
    {
      "date": "2025-03-31T00:00:00",
      "quarter_label": "2025-03 (Q1)",
      "revenue": 235904000,
      "gross_profit": null,
      "operating_income": null,
      "net_income": 9767000,
      "opex": 92670000,
      "cogs": null,
      "rd": null,
      "sga": 7374000,
      "fcf": 100977000,
      "ocf": 100977000,
      "capex": null,
      "gross_margin": null,
      "op_margin": null,
      "fcf_margin": 0.42804276315789475,
      "rev_growth_yoy": -0.05819979080333118,
      "rev_growth_yoy_accel": -0.01373317693711941,
      "fcf_margin_change": 0.06364165694380886
    },
    {
      "date": "2025-06-30T00:00:00",
      "quarter_label": "2025-06 (Q2)",
      "revenue": 234346000,
      "gross_profit": null,
      "operating_income": null,
      "net_income": 6877000,
      "opex": 94443000,
      "cogs": null,
      "rd": null,
      "sga": 9769000,
      "fcf": 104528000,
      "ocf": 104528000,
      "capex": null,
      "gross_margin": null,
      "op_margin": null,
      "fcf_margin": 0.446041323513096,
      "rev_growth_yoy": -0.06409846802664579,
      "rev_growth_yoy_accel": -0.005898677223314608,
      "fcf_margin_change": 0.017998560355201254
    },
    {
      "date": "2025-09-30T00:00:00",
      "quarter_label": "2025-09 (Q3)",
      "revenue": 238688000,
      "gross_profit": null,
      "operating_income": null,
      "net_income": 5198000,
      "opex": 90806000,
      "cogs": null,
      "rd": null,
      "sga": 10504000,
      "fcf": 99041000,
      "ocf": 99041000,
      "capex": null,
      "gross_margin": null,
      "op_margin": null,
      "fcf_margin": 0.41493916744871967,
      "rev_growth_yoy": -0.04506083192305692,
      "rev_growth_yoy_accel": 0.01903763610358887,
      "op_leverage_ratio": Infinity,
      "fcf_margin_change": -0.03110215606437633
    }
  ],
  "signals": [
    {
      "quarter": "2025-03 (Q1)",
      "signal": "FCF MARGIN EXPANSION",
      "detail": "FCF margin: +36.4% -> +42.8% (+6.4%)",
      "severity": "MEDIUM"
    },
    {
      "quarter": "2024-06 (Q2)",
      "signal": "FCF MARGIN EXPANSION",
      "detail": "FCF margin: +34.3% -> +43.0% (+8.7%)",
      "severity": "MEDIUM"
    },
    {
      "quarter": "2023-12 (Q4)",
      "signal": "YoY REVENUE GROWTH DECELERATION",
      "detail": "YoY growth: +0.3% vs prior quarter YoY: +7.3% (decel: -7.0%)",
      "severity": "WARNING"
    },
    {
      "quarter": "2023-09 (Q3)",
      "signal": "YoY REVENUE GROWTH DECELERATION",
      "detail": "YoY growth: +7.3% vs prior quarter YoY: +18.1% (decel: -10.8%)",
      "severity": "WARNING"
    },
    {
      "quarter": "2023-06 (Q2)",
      "signal": "FCF MARGIN EXPANSION",
      "detail": "FCF margin: +29.6% -> +38.5% (+8.9%)",
      "severity": "MEDIUM"
    },
    {
      "quarter": "2023-03 (Q1)",
      "signal": "YoY REVENUE GROWTH DECELERATION",
      "detail": "YoY growth: +20.9% vs prior quarter YoY: +34.9% (decel: -14.1%)",
      "severity": "WARNING"
    },
    {
      "quarter": "2022-12 (Q4)",
      "signal": "FCF MARGIN EXPANSION",
      "detail": "FCF margin: +27.1% -> +33.8% (+6.7%)",
      "severity": "MEDIUM"
    },
    {
      "quarter": "2022-12 (Q4)",
      "signal": "YoY REVENUE GROWTH DECELERATION",
      "detail": "YoY growth: +34.9% vs prior quarter YoY: +57.2% (decel: -22.3%)",
      "severity": "WARNING"
    },
    {
      "quarter": "2022-09 (Q3)",
      "signal": "YoY REVENUE GROWTH DECELERATION",
      "detail": "YoY growth: +57.2% vs prior quarter YoY: +63.3% (decel: -6.1%)",
      "severity": "WARNING"
    },
    {
      "quarter": "2022-06 (Q2)",
      "signal": "FCF MARGIN EXPANSION",
      "detail": "FCF margin: +18.0% -> +23.5% (+5.5%)",
      "severity": "MEDIUM"
    },
    {
      "quarter": "2022-03 (Q1)",
      "signal": "YoY REVENUE GROWTH ACCELERATION",
      "detail": "YoY growth: +58.7% vs prior quarter YoY: +37.8% (accel: +20.8%)",
      "severity": "HIGH"
    },
    {
      "quarter": "2021-09 (Q3)",
      "signal": "FCF MARGIN EXPANSION",
      "detail": "FCF margin: +25.1% -> +30.9% (+5.8%)",
      "severity": "MEDIUM"
    },
    {
      "quarter": "2021-06 (Q2)",
      "signal": "FCF MARGIN EXPANSION",
      "detail": "FCF margin: +12.8% -> +25.1% (+12.3%)",
      "severity": "MEDIUM"
    }
  ],
  "data_quality": {
    "n_quarters": 20,
    "coverage": {
      "revenue": [
        20,
        20
      ],
      "gross_profit": [
        0,
        20
      ],
      "op_income": [
        0,
        20
      ],
      "fcf": [
        20,
        20
      ]
    },
    "gaps": [],
    "warnings": [
      "gross_profit: no data",
      "op_income: no data"
    ]
  },
  "market_cap": null,
  "source": "SEC EDGAR",
  "last_updated": "2026-02-02T22:52:35.580822"
}