{
  "ticker": "OPTU",
  "name": "Optimum Communications, Inc.",
  "quarters": [
    {
      "date": "2020-12-31T00:00:00",
      "quarter_label": "2020-12 (Q4)",
      "revenue": 2535421000,
      "gross_profit": 1704302000,
      "operating_income": 608719000,
      "net_income": 330472000,
      "opex": 1926702000,
      "cogs": 831119000,
      "rd": null,
      "sga": null,
      "fcf": 446925000,
      "ocf": 791503000,
      "capex": -344578000,
      "gross_margin": 0.6721968462042398,
      "op_margin": 0.24008596599933502,
      "fcf_margin": 0.176272500701067
    },
    {
      "date": "2021-03-31T00:00:00",
      "quarter_label": "2021-03 (Q1)",
      "revenue": 2478821000,
      "gross_profit": 1626957000,
      "operating_income": 608458000,
      "net_income": 274136000,
      "opex": 1870363000,
      "cogs": 851864000,
      "rd": null,
      "sga": null,
      "fcf": 536831000,
      "ocf": 749622000,
      "capex": -212791000,
      "gross_margin": 0.6563430760026642,
      "op_margin": 0.24546266148301954,
      "fcf_margin": 0.2165670695867108,
      "fcf_margin_change": 0.04029456888564378
    },
    {
      "date": "2021-06-30T00:00:00",
      "quarter_label": "2021-06 (Q2)",
      "revenue": 2516008000,
      "gross_profit": 1666136000,
      "operating_income": 626765000,
      "net_income": 197660000,
      "opex": 1889243000,
      "cogs": 849872000,
      "rd": null,
      "sga": null,
      "fcf": 406439000,
      "ocf": 729543000,
      "capex": -323104000,
      "gross_margin": 0.6622141106069616,
      "op_margin": 0.24911089312911563,
      "fcf_margin": 0.1615412192648036,
      "op_leverage_ratio": 1.4861747885291818,
      "fcf_margin_change": -0.05502585032190718
    },
    {
      "date": "2021-09-30T00:00:00",
      "quarter_label": "2021-09 (Q3)",
      "revenue": 2574882000,
      "gross_profit": 1730973000,
      "operating_income": 690611000,
      "net_income": 266853000,
      "opex": 1884271000,
      "cogs": 843909000,
      "rd": null,
      "sga": null,
      "fcf": 389142000,
      "ocf": 698314000,
      "capex": -309172000,
      "gross_margin": 0.6722533304438806,
      "op_margin": 0.2682107374240839,
      "fcf_margin": 0.15113003236653175,
      "op_leverage_ratio": Infinity,
      "fcf_margin_change": -0.010411186898271862
    },
    {
      "date": "2021-12-31T00:00:00",
      "quarter_label": "2021-12 (Q4)",
      "revenue": 2521138000,
      "gross_profit": 1684654000,
      "operating_income": 598793000,
      "net_income": 251662000,
      "opex": 1922345000,
      "cogs": 836484000,
      "rd": null,
      "sga": null,
      "fcf": 289951000,
      "ocf": 676599000,
      "capex": -386648000,
      "gross_margin": 0.6682117361286848,
      "op_margin": 0.23750901378663128,
      "fcf_margin": 0.11500798448954401,
      "incr_op_margin_yoy": 0.6949520408877686,
      "rev_growth_yoy": -0.0056333839626634,
      "fcf_margin_change": -0.03612204787698774
    },
    {
      "date": "2022-03-31T00:00:00",
      "quarter_label": "2022-03 (Q1)",
      "revenue": 2421897000,
      "gross_profit": 1593104000,
      "operating_income": 512471000,
      "net_income": 196551000,
      "opex": 1909426000,
      "cogs": 828793000,
      "rd": null,
      "sga": null,
      "fcf": 207848000,
      "ocf": 600219000,
      "capex": -392371000,
      "gross_margin": 0.6577918053492778,
      "op_margin": 0.21159900689418254,
      "fcf_margin": 0.08582033009661434,
      "incr_op_margin_yoy": 1.6862307638254515,
      "rev_growth_yoy": -0.02296414303412792,
      "rev_growth_yoy_accel": -0.01733075907146452,
      "fcf_margin_change": -0.02918765439292967
    },
    {
      "date": "2022-06-30T00:00:00",
      "quarter_label": "2022-06 (Q2)",
      "revenue": 2463014000,
      "gross_profit": 1644003000,
      "operating_income": 521741000,
      "net_income": 106174000,
      "opex": 1941273000,
      "cogs": 819011000,
      "rd": null,
      "sga": null,
      "fcf": 191209000,
      "ocf": 676335000,
      "capex": -485126000,
      "gross_margin": 0.6674761085401869,
      "op_margin": 0.2118303022232111,
      "fcf_margin": 0.07763212064568045,
      "incr_op_margin_yoy": 1.9818092614258218,
      "rev_growth_yoy": -0.021062731120091827,
      "rev_growth_yoy_accel": 0.001901411914036092,
      "op_leverage_ratio": 1.0178881412230947,
      "fcf_margin_change": -0.00818820945093389
    },
    {
      "date": "2022-09-30T00:00:00",
      "quarter_label": "2022-09 (Q3)",
      "revenue": 2393552000,
      "gross_profit": 1611431000,
      "operating_income": 467265000,
      "net_income": 84951000,
      "opex": 1926287000,
      "cogs": 782121000,
      "rd": null,
      "sga": null,
      "fcf": 135603000,
      "ocf": 629162000,
      "capex": -493559000,
      "gross_margin": 0.6732383503679886,
      "op_margin": 0.19521823632826862,
      "fcf_margin": 0.0566534589597385,
      "incr_op_margin_yoy": 1.2317101417305465,
      "rev_growth_yoy": -0.0704226446105103,
      "rev_growth_yoy_accel": -0.049359913490418475,
      "fcf_margin_change": -0.02097866168594195
    },
    {
      "date": "2022-12-31T00:00:00",
      "quarter_label": "2022-12 (Q4)",
      "revenue": 2369196000,
      "gross_profit": 1593483000,
      "operating_income": 301117000,
      "net_income": -193113000,
      "opex": 2068079000,
      "cogs": 775713000,
      "rd": null,
      "sga": null,
      "fcf": -82041000,
      "ocf": 461185000,
      "capex": -543226000,
      "gross_margin": 0.6725838638930676,
      "op_margin": 0.12709670284771712,
      "fcf_margin": -0.03462820298531654,
      "incr_op_margin_yoy": 1.959142304300325,
      "rev_growth_yoy": -0.06026722852933874,
      "rev_growth_yoy_accel": 0.010155416081171563,
      "fcf_margin_change": -0.09128166194505505
    },
    {
      "date": "2023-03-31T00:00:00",
      "quarter_label": "2023-03 (Q1)",
      "revenue": 2293978000,
      "gross_profit": 1522259000,
      "operating_income": 425130000,
      "net_income": 25865000,
      "opex": 1868848000,
      "cogs": 771719000,
      "rd": null,
      "sga": null,
      "fcf": -166051000,
      "ocf": 416846000,
      "capex": -582897000,
      "gross_margin": 0.6635891887367708,
      "op_margin": 0.18532435794937877,
      "fcf_margin": -0.07238561137029213,
      "incr_op_margin_yoy": 0.6827836365199853,
      "rev_growth_yoy": -0.0528176879528733,
      "rev_growth_yoy_accel": 0.0074495405764654354,
      "fcf_margin_change": -0.03775740838497559
    },
    {
      "date": "2023-06-30T00:00:00",
      "quarter_label": "2023-06 (Q2)",
      "revenue": 2324274000,
      "gross_profit": 1561994000,
      "operating_income": 481983000,
      "net_income": 78300000,
      "opex": 1842291000,
      "cogs": 762280000,
      "rd": null,
      "sga": null,
      "fcf": -34604000,
      "ocf": 438841000,
      "capex": -473445000,
      "gross_margin": 0.6720352247626571,
      "op_margin": 0.20736926885556523,
      "fcf_margin": -0.014888089786316071,
      "incr_op_margin_yoy": 0.2865647974628802,
      "rev_growth_yoy": -0.05632935906982258,
      "rev_growth_yoy_accel": -0.0035116711169492776,
      "op_leverage_ratio": Infinity,
      "fcf_margin_change": 0.05749752158397606
    },
    {
      "date": "2023-09-30T00:00:00",
      "quarter_label": "2023-09 (Q3)",
      "revenue": 2317200000,
      "gross_profit": 1566662000,
      "operating_income": 492565000,
      "net_income": 66839000,
      "opex": 1824635000,
      "cogs": 750538000,
      "rd": null,
      "sga": null,
      "fcf": 121279000,
      "ocf": 474498000,
      "capex": -353219000,
      "gross_margin": 0.6761013291904022,
      "op_margin": 0.21256904885206285,
      "fcf_margin": 0.052338598308303126,
      "incr_op_margin_yoy": -0.33136001676445936,
      "rev_growth_yoy": -0.031899035408464074,
      "rev_growth_yoy_accel": 0.024430323661358506,
      "fcf_margin_change": 0.0672266880946192
    },
    {
      "date": "2023-12-31T00:00:00",
      "quarter_label": "2023-12 (Q4)",
      "revenue": 2301612000,
      "gross_profit": 1556307000,
      "operating_income": 302262000,
      "net_income": -117806000,
      "opex": 1999350000,
      "cogs": 745305000,
      "rd": null,
      "sga": null,
      "fcf": 200963000,
      "ocf": 496213000,
      "capex": -295250000,
      "gross_margin": 0.676181302495816,
      "op_margin": 0.1313262183200296,
      "fcf_margin": 0.0873140216509125,
      "incr_op_margin_yoy": -0.016941879734848484,
      "rev_growth_yoy": -0.028526132915976558,
      "rev_growth_yoy_accel": 0.0033729024924875166,
      "fcf_margin_change": 0.03497542334260937
    },
    {
      "date": "2024-03-31T00:00:00",
      "quarter_label": "2024-03 (Q1)",
      "revenue": 2250935000,
      "gross_profit": 1507048000,
      "operating_income": 393154000,
      "net_income": -21193000,
      "opex": 1857781000,
      "cogs": 743887000,
      "rd": null,
      "sga": null,
      "fcf": 63566000,
      "ocf": 399661000,
      "capex": -336095000,
      "gross_margin": 0.6695208879865479,
      "op_margin": 0.1746625291267851,
      "fcf_margin": 0.02823982034132483,
      "incr_op_margin_yoy": 0.7428850219547894,
      "rev_growth_yoy": -0.018763475499765037,
      "rev_growth_yoy_accel": 0.009762657416211521,
      "fcf_margin_change": -0.05907420130958767
    },
    {
      "date": "2024-06-30T00:00:00",
      "quarter_label": "2024-06 (Q2)",
      "revenue": 2240755000,
      "gross_profit": 1521295000,
      "operating_income": 501582000,
      "net_income": 15361000,
      "opex": 1739173000,
      "cogs": 719460000,
      "rd": null,
      "sga": null,
      "fcf": -40927000,
      "ocf": 306794000,
      "capex": -347721000,
      "gross_margin": 0.6789207209177264,
      "op_margin": 0.22384508792795285,
      "fcf_margin": -0.018264825918049944,
      "incr_op_margin_yoy": -0.23466516601012943,
      "rev_growth_yoy": -0.03593337102252144,
      "rev_growth_yoy_accel": -0.017169895522756405,
      "fcf_margin_change": -0.04650464625937477
    },
    {
      "date": "2024-09-30T00:00:00",
      "quarter_label": "2024-09 (Q3)",
      "revenue": 2227700000,
      "gross_profit": 1516370000,
      "operating_income": 444593000,
      "net_income": -42970000,
      "opex": 1783107000,
      "cogs": 711330000,
      "rd": null,
      "sga": null,
      "fcf": 76865000,
      "ocf": 436024000,
      "capex": -359159000,
      "gross_margin": 0.6806886025946043,
      "op_margin": 0.19957489787673385,
      "fcf_margin": 0.03450419715401535,
      "incr_op_margin_yoy": 0.536,
      "rev_growth_yoy": -0.03862420162264802,
      "rev_growth_yoy_accel": -0.0026908306001265786,
      "fcf_margin_change": 0.052769023072065296
    },
    {
      "date": "2024-12-31T00:00:00",
      "quarter_label": "2024-12 (Q4)",
      "revenue": 2235027000,
      "gross_profit": 1513134000,
      "operating_income": 340763000,
      "net_income": -54116000,
      "opex": 1894264000,
      "cogs": 721893000,
      "rd": null,
      "sga": null,
      "fcf": 49884000,
      "ocf": 439922000,
      "capex": -390038000,
      "gross_margin": 0.6770092710289406,
      "op_margin": 0.15246482480972265,
      "fcf_margin": 0.022319193459407874,
      "incr_op_margin_yoy": -0.578223323571375,
      "rev_growth_yoy": -0.028929724036892403,
      "rev_growth_yoy_accel": 0.009694477585755618,
      "fcf_margin_change": -0.012185003694607476
    },
    {
      "date": "2025-03-31T00:00:00",
      "quarter_label": "2025-03 (Q1)",
      "revenue": 2152282000,
      "gross_profit": 1481751000,
      "operating_income": 343458000,
      "net_income": -75676000,
      "opex": 1808824000,
      "cogs": 670531000,
      "rd": null,
      "sga": null,
      "fcf": -168641000,
      "ocf": 187483000,
      "capex": -356124000,
      "gross_margin": 0.6884557878567957,
      "op_margin": 0.15957853106609635,
      "fcf_margin": -0.07835450930686592,
      "incr_op_margin_yoy": 0.5037454512280417,
      "rev_growth_yoy": -0.043827564989659853,
      "rev_growth_yoy_accel": -0.01489784095276745,
      "fcf_margin_change": -0.1006737027662738
    },
    {
      "date": "2025-06-30T00:00:00",
      "quarter_label": "2025-06 (Q2)",
      "revenue": 2147203000,
      "gross_profit": 1484513000,
      "operating_income": 311123000,
      "net_income": -96251000,
      "opex": 1836080000,
      "cogs": 662690000,
      "rd": null,
      "sga": null,
      "fcf": 28446000,
      "ocf": 411965000,
      "capex": -383519000,
      "gross_margin": 0.6913705876901253,
      "op_margin": 0.14489687281547203,
      "fcf_margin": 0.01324793231007967,
      "incr_op_margin_yoy": 2.0358624080725156,
      "rev_growth_yoy": -0.04175021365566517,
      "rev_growth_yoy_accel": 0.002077351333994684,
      "fcf_margin_change": 0.0916024416169456
    },
    {
      "date": "2025-09-30T00:00:00",
      "quarter_label": "2025-09 (Q3)",
      "revenue": 2108110000,
      "gross_profit": 1469098000,
      "operating_income": -1164784000,
      "net_income": -1625899000,
      "opex": 3272894000,
      "cogs": 639012000,
      "rd": null,
      "sga": null,
      "fcf": -178072000,
      "ocf": 147448000,
      "capex": -325520000,
      "gross_margin": 0.6968791951084147,
      "op_margin": -0.552525247733752,
      "fcf_margin": -0.08446997547566304,
      "incr_op_margin_yoy": 13.457454636675307,
      "rev_growth_yoy": -0.05368317098352561,
      "rev_growth_yoy_accel": -0.011932957327860441,
      "fcf_margin_change": -0.09771790778574271
    }
  ],
  "signals": [
    {
      "quarter": "2025-06 (Q2)",
      "signal": "FCF TURNED POSITIVE",
      "detail": "FCF margin: -7.8% -> +1.3%",
      "severity": "HIGH"
    },
    {
      "quarter": "2025-06 (Q2)",
      "signal": "INCREMENTAL MARGIN (YoY)",
      "detail": "YoY Incr OPM: +203.6% vs year-ago OPM: +22.4%",
      "severity": "HIGH"
    },
    {
      "quarter": "2025-03 (Q1)",
      "signal": "INCREMENTAL MARGIN (YoY)",
      "detail": "YoY Incr OPM: +50.4% vs year-ago OPM: +17.5%",
      "severity": "HIGH"
    },
    {
      "quarter": "2024-09 (Q3)",
      "signal": "FCF TURNED POSITIVE",
      "detail": "FCF margin: -1.8% -> +3.5%",
      "severity": "HIGH"
    },
    {
      "quarter": "2024-09 (Q3)",
      "signal": "INCREMENTAL MARGIN (YoY)",
      "detail": "YoY Incr OPM: +53.6% vs year-ago OPM: +21.3%",
      "severity": "HIGH"
    },
    {
      "quarter": "2024-03 (Q1)",
      "signal": "INCREMENTAL MARGIN (YoY)",
      "detail": "YoY Incr OPM: +74.3% vs year-ago OPM: +18.5%",
      "severity": "HIGH"
    },
    {
      "quarter": "2023-09 (Q3)",
      "signal": "FCF TURNED POSITIVE",
      "detail": "FCF margin: -1.5% -> +5.2%",
      "severity": "HIGH"
    },
    {
      "quarter": "2023-06 (Q2)",
      "signal": "FCF MARGIN EXPANSION",
      "detail": "FCF margin: -7.2% -> -1.5% (+5.7%)",
      "severity": "MEDIUM"
    },
    {
      "quarter": "2023-03 (Q1)",
      "signal": "INCREMENTAL MARGIN (YoY)",
      "detail": "YoY Incr OPM: +68.3% vs year-ago OPM: +21.2%",
      "severity": "HIGH"
    },
    {
      "quarter": "2022-12 (Q4)",
      "signal": "INCREMENTAL MARGIN (YoY)",
      "detail": "YoY Incr OPM: +195.9% vs year-ago OPM: +23.8%",
      "severity": "HIGH"
    },
    {
      "quarter": "2022-09 (Q3)",
      "signal": "INCREMENTAL MARGIN (YoY)",
      "detail": "YoY Incr OPM: +123.2% vs year-ago OPM: +26.8%",
      "severity": "HIGH"
    },
    {
      "quarter": "2022-06 (Q2)",
      "signal": "INCREMENTAL MARGIN (YoY)",
      "detail": "YoY Incr OPM: +198.2% vs year-ago OPM: +24.9%",
      "severity": "HIGH"
    },
    {
      "quarter": "2022-03 (Q1)",
      "signal": "INCREMENTAL MARGIN (YoY)",
      "detail": "YoY Incr OPM: +168.6% vs year-ago OPM: +24.5%",
      "severity": "HIGH"
    },
    {
      "quarter": "2021-12 (Q4)",
      "signal": "INCREMENTAL MARGIN (YoY)",
      "detail": "YoY Incr OPM: +69.5% vs year-ago OPM: +24.0%",
      "severity": "HIGH"
    }
  ],
  "data_quality": {
    "n_quarters": 20,
    "coverage": {
      "revenue": [
        20,
        20
      ],
      "gross_profit": [
        20,
        20
      ],
      "op_income": [
        20,
        20
      ],
      "fcf": [
        20,
        20
      ]
    },
    "gaps": [],
    "warnings": []
  },
  "market_cap": null,
  "source": "SEC EDGAR",
  "last_updated": "2026-02-03T00:50:32.741404"
}