{
  "ticker": "OPY",
  "name": "OPPENHEIMER HOLDINGS INC.",
  "quarters": [
    {
      "date": "2020-12-31T00:00:00",
      "quarter_label": "2020-12 (Q4)",
      "revenue": 422908000,
      "gross_profit": null,
      "operating_income": 113795000,
      "net_income": 81880000,
      "opex": 309113000,
      "cogs": null,
      "rd": null,
      "sga": null,
      "fcf": 93504000,
      "ocf": 94324000,
      "capex": -820000,
      "gross_margin": null,
      "op_margin": 0.26907743528143235,
      "fcf_margin": 0.22109773284023948
    },
    {
      "date": "2021-03-31T00:00:00",
      "quarter_label": "2021-03 (Q1)",
      "revenue": 373282000,
      "gross_profit": null,
      "operating_income": 52127000,
      "net_income": 38658000,
      "opex": 321155000,
      "cogs": null,
      "rd": null,
      "sga": null,
      "fcf": 6269000,
      "ocf": 7268000,
      "capex": -999000,
      "gross_margin": null,
      "op_margin": 0.13964509405757577,
      "fcf_margin": 0.016794273498320304,
      "fcf_margin_change": -0.20430345934191918
    },
    {
      "date": "2021-06-30T00:00:00",
      "quarter_label": "2021-06 (Q2)",
      "revenue": 340293000,
      "gross_profit": null,
      "operating_income": 43168000,
      "net_income": 31159000,
      "opex": 297125000,
      "cogs": null,
      "rd": null,
      "sga": null,
      "fcf": 7132000,
      "ocf": 12872000,
      "capex": -5740000,
      "gross_margin": null,
      "op_margin": 0.12685538638761304,
      "fcf_margin": 0.020958409370748148,
      "fcf_margin_change": 0.004164135872427845
    },
    {
      "date": "2021-09-30T00:00:00",
      "quarter_label": "2021-09 (Q3)",
      "revenue": 315342000,
      "gross_profit": null,
      "operating_income": 37394000,
      "net_income": 26250000,
      "opex": 277948000,
      "cogs": null,
      "rd": null,
      "sga": null,
      "fcf": 114274000,
      "ocf": 115048000,
      "capex": -774000,
      "gross_margin": null,
      "op_margin": 0.11858236454389202,
      "fcf_margin": 0.36238116077147986,
      "fcf_margin_change": 0.3414227514007317
    },
    {
      "date": "2021-12-31T00:00:00",
      "quarter_label": "2021-12 (Q4)",
      "revenue": 365118000,
      "gross_profit": null,
      "operating_income": 91952000,
      "net_income": 62897000,
      "opex": 273166000,
      "cogs": null,
      "rd": null,
      "sga": null,
      "fcf": 91843000,
      "ocf": 92598000,
      "capex": -755000,
      "gross_margin": null,
      "op_margin": 0.2518418702994648,
      "fcf_margin": 0.25154333667471884,
      "incr_op_margin_yoy": 0.37797196746842016,
      "rev_growth_yoy": -0.13664910571566394,
      "op_leverage_ratio": Infinity,
      "fcf_margin_change": -0.11083782409676102
    },
    {
      "date": "2022-03-31T00:00:00",
      "quarter_label": "2022-03 (Q1)",
      "revenue": 266028000,
      "gross_profit": null,
      "operating_income": 14213000,
      "net_income": 9292000,
      "opex": 251815000,
      "cogs": null,
      "rd": null,
      "sga": null,
      "fcf": -154636000,
      "ocf": -152146000,
      "capex": -2490000,
      "gross_margin": null,
      "op_margin": 0.05342670696317681,
      "fcf_margin": -0.5812771587953148,
      "incr_op_margin_yoy": 0.35349730546180097,
      "rev_growth_yoy": -0.28732700746352624,
      "rev_growth_yoy_accel": -0.1506779017478623,
      "fcf_margin_change": -0.8328204954700337
    },
    {
      "date": "2022-06-30T00:00:00",
      "quarter_label": "2022-06 (Q2)",
      "revenue": 237222000,
      "gross_profit": null,
      "operating_income": -6169000,
      "net_income": -3874000,
      "opex": 243391000,
      "cogs": null,
      "rd": null,
      "sga": null,
      "fcf": -79042000,
      "ocf": -79225000,
      "capex": 183000,
      "gross_margin": null,
      "op_margin": -0.026005176585645513,
      "fcf_margin": -0.3331984385933851,
      "incr_op_margin_yoy": 0.4786700429800817,
      "rev_growth_yoy": -0.3028889809664025,
      "rev_growth_yoy_accel": -0.015561973502876247,
      "fcf_margin_change": 0.24807872020192973
    },
    {
      "date": "2022-09-30T00:00:00",
      "quarter_label": "2022-09 (Q3)",
      "revenue": 294111000,
      "gross_profit": null,
      "operating_income": 7238000,
      "net_income": 4520000,
      "opex": 286873000,
      "cogs": null,
      "rd": null,
      "sga": null,
      "fcf": 138947000,
      "ocf": 148267000,
      "capex": -9320000,
      "gross_margin": null,
      "op_margin": 0.02460975618048968,
      "fcf_margin": 0.4724304769287786,
      "incr_op_margin_yoy": 1.420375865479723,
      "rev_growth_yoy": -0.06732690222044638,
      "rev_growth_yoy_accel": 0.2355620787459561,
      "op_leverage_ratio": 1.3423579525040428,
      "fcf_margin_change": 0.8056289155221636
    },
    {
      "date": "2022-12-31T00:00:00",
      "quarter_label": "2022-12 (Q4)",
      "revenue": 313580000,
      "gross_profit": null,
      "operating_income": 30272000,
      "net_income": 22413000,
      "opex": 283308000,
      "cogs": null,
      "rd": null,
      "sga": null,
      "fcf": 142912000,
      "ocf": 147596000,
      "capex": -4684000,
      "gross_margin": null,
      "op_margin": 0.0965367689265897,
      "fcf_margin": 0.4557433509790165,
      "incr_op_margin_yoy": 1.196786836897047,
      "rev_growth_yoy": -0.141154366533559,
      "rev_growth_yoy_accel": -0.07382746431311263,
      "op_leverage_ratio": Infinity,
      "fcf_margin_change": -0.01668712594976207
    },
    {
      "date": "2023-03-31T00:00:00",
      "quarter_label": "2023-03 (Q1)",
      "revenue": 321679000,
      "gross_profit": null,
      "operating_income": 19049000,
      "net_income": 14617000,
      "opex": 302630000,
      "cogs": null,
      "rd": null,
      "sga": null,
      "fcf": -89654000,
      "ocf": -86123000,
      "capex": -3531000,
      "gross_margin": null,
      "op_margin": 0.05921741860674772,
      "fcf_margin": -0.27870641229300014,
      "incr_op_margin_yoy": 0.0868987080196223,
      "rev_growth_yoy": 0.20919226547581457,
      "rev_growth_yoy_accel": 0.35034663200937355,
      "op_leverage_ratio": 0.3786952027980307,
      "fcf_margin_change": -0.7344497632720166
    },
    {
      "date": "2023-06-30T00:00:00",
      "quarter_label": "2023-06 (Q2)",
      "revenue": 306189000,
      "gross_profit": null,
      "operating_income": -11699000,
      "net_income": -9400000,
      "opex": 317888000,
      "cogs": null,
      "rd": null,
      "sga": null,
      "fcf": -70891000,
      "ocf": -64688000,
      "capex": -6203000,
      "gross_margin": null,
      "op_margin": -0.03820842682134237,
      "fcf_margin": -0.2315269327114952,
      "incr_op_margin_yoy": -0.08018327605956473,
      "rev_growth_yoy": 0.29072767281280826,
      "rev_growth_yoy_accel": 0.08153540733699369,
      "fcf_margin_change": 0.04717947958150495
    },
    {
      "date": "2023-09-30T00:00:00",
      "quarter_label": "2023-09 (Q3)",
      "revenue": 312667000,
      "gross_profit": null,
      "operating_income": 21587000,
      "net_income": 13861000,
      "opex": 291080000,
      "cogs": null,
      "rd": null,
      "sga": null,
      "fcf": 63849000,
      "ocf": 66585000,
      "capex": -2736000,
      "gross_margin": null,
      "op_margin": 0.06904150422014475,
      "fcf_margin": 0.20420767142039295,
      "incr_op_margin_yoy": 0.7732808794998922,
      "rev_growth_yoy": 0.06309182587526478,
      "rev_growth_yoy_accel": -0.22763584693754346,
      "op_leverage_ratio": Infinity,
      "fcf_margin_change": 0.43573460413188814
    },
    {
      "date": "2023-12-31T00:00:00",
      "quarter_label": "2023-12 (Q4)",
      "revenue": 308289000,
      "gross_profit": null,
      "operating_income": 17832000,
      "net_income": 11100000,
      "opex": 290457000,
      "cogs": null,
      "rd": null,
      "sga": null,
      "fcf": 60830000,
      "ocf": 65416000,
      "capex": -4586000,
      "gross_margin": null,
      "op_margin": 0.05784183023072507,
      "fcf_margin": 0.19731485716324618,
      "incr_op_margin_yoy": 2.351162351162351,
      "rev_growth_yoy": -0.016872887301486065,
      "rev_growth_yoy_accel": -0.07996471317675084,
      "fcf_margin_change": -0.006892814257146773
    },
    {
      "date": "2024-03-31T00:00:00",
      "quarter_label": "2024-03 (Q1)",
      "revenue": 353138000,
      "gross_profit": null,
      "operating_income": 37455000,
      "net_income": 26054000,
      "opex": 315683000,
      "cogs": null,
      "rd": null,
      "sga": null,
      "fcf": -79306000,
      "ocf": -79048000,
      "capex": -258000,
      "gross_margin": null,
      "op_margin": 0.10606335200403241,
      "fcf_margin": -0.22457509528852743,
      "incr_op_margin_yoy": 0.5850789917034871,
      "rev_growth_yoy": 0.09779625029921132,
      "rev_growth_yoy_accel": 0.11466913760069739,
      "op_leverage_ratio": 1.6750516037414653,
      "fcf_margin_change": -0.42188995245177363
    },
    {
      "date": "2024-06-30T00:00:00",
      "quarter_label": "2024-06 (Q2)",
      "revenue": 330589000,
      "gross_profit": null,
      "operating_income": 15865000,
      "net_income": 10266000,
      "opex": 314724000,
      "cogs": null,
      "rd": null,
      "sga": null,
      "fcf": -116675000,
      "ocf": -115266000,
      "capex": -1409000,
      "gross_margin": null,
      "op_margin": 0.04799010251399774,
      "fcf_margin": -0.35293067827423175,
      "incr_op_margin_yoy": 1.129672131147541,
      "rev_growth_yoy": 0.07968934220367159,
      "rev_growth_yoy_accel": -0.018106908095539734,
      "fcf_margin_change": -0.12835558298570432
    },
    {
      "date": "2024-09-30T00:00:00",
      "quarter_label": "2024-09 (Q3)",
      "revenue": 373352000,
      "gross_profit": null,
      "operating_income": 35370000,
      "net_income": 24508000,
      "opex": 337982000,
      "cogs": null,
      "rd": null,
      "sga": null,
      "fcf": 11214000,
      "ocf": 11434000,
      "capex": -220000,
      "gross_margin": null,
      "op_margin": 0.09473633461184083,
      "fcf_margin": 0.030035998200089994,
      "incr_op_margin_yoy": 0.2271236714179781,
      "rev_growth_yoy": 0.1940882792235829,
      "rev_growth_yoy_accel": 0.11439893701991131,
      "op_leverage_ratio": 1.750399830002318,
      "fcf_margin_change": 0.38296667647432175
    },
    {
      "date": "2024-12-31T00:00:00",
      "quarter_label": "2024-12 (Q4)",
      "revenue": 375417000,
      "gross_profit": null,
      "operating_income": 17067000,
      "net_income": 10729000,
      "opex": 358350000,
      "cogs": null,
      "rd": null,
      "sga": null,
      "fcf": 71451000,
      "ocf": 74712000,
      "capex": -3261000,
      "gross_margin": null,
      "op_margin": 0.04546144687107936,
      "fcf_margin": 0.19032435931244457,
      "incr_op_margin_yoy": -0.011396138720057205,
      "rev_growth_yoy": 0.21774374045132977,
      "rev_growth_yoy_accel": 0.023655461227746866,
      "fcf_margin_change": 0.16028836111235456
    },
    {
      "date": "2025-03-31T00:00:00",
      "quarter_label": "2025-03 (Q1)",
      "revenue": 367825000,
      "gross_profit": null,
      "operating_income": 41376000,
      "net_income": 30655000,
      "opex": 326449000,
      "cogs": null,
      "rd": null,
      "sga": null,
      "fcf": -93421000,
      "ocf": -91740000,
      "capex": -1681000,
      "gross_margin": null,
      "op_margin": 0.1124882756745735,
      "fcf_margin": -0.25398219261877253,
      "incr_op_margin_yoy": 0.26697079049499556,
      "rev_growth_yoy": 0.04158997332487583,
      "rev_growth_yoy_accel": -0.17615376712645395,
      "fcf_margin_change": -0.4443065519312171
    },
    {
      "date": "2025-06-30T00:00:00",
      "quarter_label": "2025-06 (Q2)",
      "revenue": 373178000,
      "gross_profit": null,
      "operating_income": 32210000,
      "net_income": 21674000,
      "opex": 340968000,
      "cogs": null,
      "rd": null,
      "sga": null,
      "fcf": 38942000,
      "ocf": 40069000,
      "capex": -1127000,
      "gross_margin": null,
      "op_margin": 0.08631269796183055,
      "fcf_margin": 0.10435234660135377,
      "incr_op_margin_yoy": 0.38378454530512573,
      "rev_growth_yoy": 0.12882763794318625,
      "rev_growth_yoy_accel": 0.08723766461831042,
      "op_leverage_ratio": 0.3272160796414359,
      "fcf_margin_change": 0.3583345392201263
    },
    {
      "date": "2025-09-30T00:00:00",
      "quarter_label": "2025-09 (Q3)",
      "revenue": 424438000,
      "gross_profit": null,
      "operating_income": 31635000,
      "net_income": 21712000,
      "opex": 392803000,
      "cogs": null,
      "rd": null,
      "sga": null,
      "fcf": 62217000,
      "ocf": 63423000,
      "capex": -1206000,
      "gross_margin": null,
      "op_margin": 0.07453385417893779,
      "fcf_margin": 0.1465867806369835,
      "incr_op_margin_yoy": -0.07311200720353914,
      "rev_growth_yoy": 0.13683065846707665,
      "rev_growth_yoy_accel": 0.008003020523890403,
      "op_leverage_ratio": 0.9035518684764459,
      "fcf_margin_change": 0.04223443403562972
    }
  ],
  "signals": [
    {
      "quarter": "2025-06 (Q2)",
      "signal": "FCF TURNED POSITIVE",
      "detail": "FCF margin: -25.4% -> +10.4%",
      "severity": "HIGH"
    },
    {
      "quarter": "2025-06 (Q2)",
      "signal": "YoY REVENUE GROWTH ACCELERATION",
      "detail": "YoY growth: +12.9% vs prior quarter YoY: +4.2% (accel: +8.7%)",
      "severity": "MEDIUM"
    },
    {
      "quarter": "2025-06 (Q2)",
      "signal": "INCREMENTAL MARGIN (YoY)",
      "detail": "YoY Incr OPM: +38.4% vs year-ago OPM: +4.8%",
      "severity": "HIGH"
    },
    {
      "quarter": "2025-03 (Q1)",
      "signal": "YoY REVENUE GROWTH DECELERATION",
      "detail": "YoY growth: +4.2% vs prior quarter YoY: +21.8% (decel: -17.6%)",
      "severity": "WARNING"
    },
    {
      "quarter": "2025-03 (Q1)",
      "signal": "INCREMENTAL MARGIN (YoY)",
      "detail": "YoY Incr OPM: +26.7% vs year-ago OPM: +10.6%",
      "severity": "MEDIUM"
    },
    {
      "quarter": "2024-12 (Q4)",
      "signal": "FCF MARGIN EXPANSION",
      "detail": "FCF margin: +3.0% -> +19.0% (+16.0%)",
      "severity": "MEDIUM"
    },
    {
      "quarter": "2024-09 (Q3)",
      "signal": "FCF TURNED POSITIVE",
      "detail": "FCF margin: -35.3% -> +3.0%",
      "severity": "HIGH"
    },
    {
      "quarter": "2024-09 (Q3)",
      "signal": "OPERATING LEVERAGE",
      "detail": "Rev growth +12.9% vs OpEx growth +7.4% (leverage: 1.8x)",
      "severity": "MEDIUM"
    },
    {
      "quarter": "2024-09 (Q3)",
      "signal": "YoY REVENUE GROWTH ACCELERATION",
      "detail": "YoY growth: +19.4% vs prior quarter YoY: +8.0% (accel: +11.4%)",
      "severity": "MEDIUM"
    },
    {
      "quarter": "2024-09 (Q3)",
      "signal": "INCREMENTAL MARGIN (YoY)",
      "detail": "YoY Incr OPM: +22.7% vs year-ago OPM: +6.9%",
      "severity": "MEDIUM"
    },
    {
      "quarter": "2024-06 (Q2)",
      "signal": "OP MARGIN TURNED POSITIVE (YoY)",
      "detail": "Op margin: -3.8% (year-ago) -> +4.8%",
      "severity": "HIGH"
    },
    {
      "quarter": "2024-03 (Q1)",
      "signal": "OPERATING LEVERAGE",
      "detail": "Rev growth +14.5% vs OpEx growth +8.7% (leverage: 1.7x)",
      "severity": "MEDIUM"
    },
    {
      "quarter": "2024-03 (Q1)",
      "signal": "YoY REVENUE GROWTH ACCELERATION",
      "detail": "YoY growth: +9.8% vs prior quarter YoY: -1.7% (accel: +11.5%)",
      "severity": "MEDIUM"
    },
    {
      "quarter": "2024-03 (Q1)",
      "signal": "INCREMENTAL MARGIN (YoY)",
      "detail": "YoY Incr OPM: +58.5% vs year-ago OPM: +5.9%",
      "severity": "HIGH"
    },
    {
      "quarter": "2023-12 (Q4)",
      "signal": "YoY REVENUE GROWTH DECELERATION",
      "detail": "YoY growth: -1.7% vs prior quarter YoY: +6.3% (decel: -8.0%)",
      "severity": "WARNING"
    },
    {
      "quarter": "2023-12 (Q4)",
      "signal": "INCREMENTAL MARGIN (YoY)",
      "detail": "YoY Incr OPM: +235.1% vs year-ago OPM: +9.7%",
      "severity": "HIGH"
    },
    {
      "quarter": "2023-09 (Q3)",
      "signal": "FCF TURNED POSITIVE",
      "detail": "FCF margin: -23.2% -> +20.4%",
      "severity": "HIGH"
    },
    {
      "quarter": "2023-09 (Q3)",
      "signal": "YoY REVENUE GROWTH DECELERATION",
      "detail": "YoY growth: +6.3% vs prior quarter YoY: +29.1% (decel: -22.8%)",
      "severity": "WARNING"
    },
    {
      "quarter": "2023-09 (Q3)",
      "signal": "INCREMENTAL MARGIN (YoY)",
      "detail": "YoY Incr OPM: +77.3% vs year-ago OPM: +2.5%",
      "severity": "HIGH"
    },
    {
      "quarter": "2023-09 (Q3)",
      "signal": "OP MARGIN TURNED POSITIVE (QoQ)",
      "detail": "Op margin: -3.8% -> +6.9%",
      "severity": "HIGH"
    },
    {
      "quarter": "2023-06 (Q2)",
      "signal": "YoY REVENUE GROWTH ACCELERATION",
      "detail": "YoY growth: +29.1% vs prior quarter YoY: +20.9% (accel: +8.2%)",
      "severity": "MEDIUM"
    },
    {
      "quarter": "2023-03 (Q1)",
      "signal": "YoY REVENUE GROWTH ACCELERATION",
      "detail": "YoY growth: +20.9% vs prior quarter YoY: -14.1% (accel: +35.0%)",
      "severity": "HIGH"
    },
    {
      "quarter": "2022-12 (Q4)",
      "signal": "YoY REVENUE GROWTH DECELERATION",
      "detail": "YoY growth: -14.1% vs prior quarter YoY: -6.7% (decel: -7.4%)",
      "severity": "WARNING"
    },
    {
      "quarter": "2022-12 (Q4)",
      "signal": "INCREMENTAL MARGIN (YoY)",
      "detail": "YoY Incr OPM: +119.7% vs year-ago OPM: +25.2%",
      "severity": "HIGH"
    },
    {
      "quarter": "2022-09 (Q3)",
      "signal": "FCF TURNED POSITIVE",
      "detail": "FCF margin: -33.3% -> +47.2%",
      "severity": "HIGH"
    },
    {
      "quarter": "2022-09 (Q3)",
      "signal": "YoY REVENUE GROWTH ACCELERATION",
      "detail": "YoY growth: -6.7% vs prior quarter YoY: -30.3% (accel: +23.6%)",
      "severity": "HIGH"
    },
    {
      "quarter": "2022-09 (Q3)",
      "signal": "INCREMENTAL MARGIN (YoY)",
      "detail": "YoY Incr OPM: +142.0% vs year-ago OPM: +11.9%",
      "severity": "HIGH"
    },
    {
      "quarter": "2022-09 (Q3)",
      "signal": "OP MARGIN TURNED POSITIVE (QoQ)",
      "detail": "Op margin: -2.6% -> +2.5%",
      "severity": "HIGH"
    },
    {
      "quarter": "2022-06 (Q2)",
      "signal": "FCF MARGIN EXPANSION",
      "detail": "FCF margin: -58.1% -> -33.3% (+24.8%)",
      "severity": "MEDIUM"
    },
    {
      "quarter": "2022-03 (Q1)",
      "signal": "YoY REVENUE GROWTH DECELERATION",
      "detail": "YoY growth: -28.7% vs prior quarter YoY: -13.7% (decel: -15.1%)",
      "severity": "WARNING"
    },
    {
      "quarter": "2022-03 (Q1)",
      "signal": "INCREMENTAL MARGIN (YoY)",
      "detail": "YoY Incr OPM: +35.3% vs year-ago OPM: +14.0%",
      "severity": "HIGH"
    },
    {
      "quarter": "2021-12 (Q4)",
      "signal": "INCREMENTAL MARGIN (YoY)",
      "detail": "YoY Incr OPM: +37.8% vs year-ago OPM: +26.9%",
      "severity": "MEDIUM"
    },
    {
      "quarter": "2021-09 (Q3)",
      "signal": "FCF MARGIN EXPANSION",
      "detail": "FCF margin: +2.1% -> +36.2% (+34.1%)",
      "severity": "MEDIUM"
    }
  ],
  "data_quality": {
    "n_quarters": 20,
    "coverage": {
      "revenue": [
        20,
        20
      ],
      "gross_profit": [
        0,
        20
      ],
      "op_income": [
        20,
        20
      ],
      "fcf": [
        20,
        20
      ]
    },
    "gaps": [],
    "warnings": [
      "gross_profit: no data"
    ]
  },
  "market_cap": null,
  "source": "SEC EDGAR",
  "last_updated": "2026-02-02T22:09:21.084642"
}