{
  "ticker": "ORCL",
  "name": "ORACLE CORP",
  "quarters": [
    {
      "date": "2021-02-28T00:00:00",
      "quarter_label": "2021-02 (Q1)",
      "revenue": 10085000000,
      "gross_profit": null,
      "operating_income": 3878000000,
      "net_income": 5021000000,
      "opex": 6207000000,
      "cogs": null,
      "rd": 1621000000,
      "sga": null,
      "fcf": 3290000000,
      "ocf": 3704000000,
      "capex": -414000000,
      "gross_margin": null,
      "op_margin": 0.3845314823996034,
      "fcf_margin": 0.3262270699058007
    },
    {
      "date": "2021-05-31T00:00:00",
      "quarter_label": "2021-05 (Q2)",
      "revenue": 40479000000,
      "gross_profit": null,
      "operating_income": 4541000000,
      "net_income": 4032000000,
      "opex": 6686000000,
      "cogs": null,
      "rd": 1715000000,
      "sga": null,
      "fcf": 4125000000,
      "ocf": 4842000000,
      "capex": -717000000,
      "gross_margin": null,
      "op_margin": 0.11218162504014427,
      "fcf_margin": 0.10190469132142592,
      "op_leverage_ratio": 39.05334055103644,
      "fcf_margin_change": -0.22432237858437476
    },
    {
      "date": "2021-08-31T00:00:00",
      "quarter_label": "2021-08 (Q3)",
      "revenue": 9728000000,
      "gross_profit": null,
      "operating_income": 3427000000,
      "net_income": 2457000000,
      "opex": 6301000000,
      "cogs": null,
      "rd": 1684000000,
      "sga": null,
      "fcf": 4329000000,
      "ocf": 5391000000,
      "capex": -1062000000,
      "gross_margin": null,
      "op_margin": 0.3522820723684211,
      "fcf_margin": 0.44500411184210525,
      "fcf_margin_change": 0.3430994205206793
    },
    {
      "date": "2021-11-30T00:00:00",
      "quarter_label": "2021-11 (Q4)",
      "revenue": 10360000000,
      "gross_profit": null,
      "operating_income": -824000000,
      "net_income": -1247000000,
      "opex": 11184000000,
      "cogs": null,
      "rd": 1754000000,
      "sga": null,
      "fcf": -4607000000,
      "ocf": -3682000000,
      "capex": -925000000,
      "gross_margin": null,
      "op_margin": -0.07953667953667953,
      "fcf_margin": -0.4446911196911197,
      "op_leverage_ratio": 0.08383324396132663,
      "fcf_margin_change": -0.8896952315332249
    },
    {
      "date": "2022-02-28T00:00:00",
      "quarter_label": "2022-02 (Q1)",
      "revenue": 10513000000,
      "gross_profit": null,
      "operating_income": 3822000000,
      "net_income": 2319000000,
      "opex": 6691000000,
      "cogs": null,
      "rd": 1816000000,
      "sga": null,
      "fcf": 2744000000,
      "ocf": 3845000000,
      "capex": -1101000000,
      "gross_margin": null,
      "op_margin": 0.3635498906116237,
      "fcf_margin": 0.2610101778750119,
      "incr_op_margin_yoy": -0.1308411214953271,
      "rev_growth_yoy": 0.04243926623698562,
      "op_leverage_ratio": Infinity,
      "fcf_margin_change": 0.7057012975661316
    },
    {
      "date": "2022-05-31T00:00:00",
      "quarter_label": "2022-05 (Q2)",
      "revenue": 42440000000,
      "gross_profit": null,
      "operating_income": 4502000000,
      "net_income": 3189000000,
      "opex": 7338000000,
      "cogs": null,
      "rd": 1965000000,
      "sga": null,
      "fcf": 2562000000,
      "ocf": 3985000000,
      "capex": -1423000000,
      "gross_margin": null,
      "op_margin": 0.10607917059377946,
      "fcf_margin": 0.06036757775683318,
      "incr_op_margin_yoy": -0.01988781234064253,
      "rev_growth_yoy": 0.048444872650016055,
      "rev_growth_yoy_accel": 0.006005606413030433,
      "op_leverage_ratio": 31.40640284767031,
      "fcf_margin_change": -0.20064260011817872
    },
    {
      "date": "2022-08-31T00:00:00",
      "quarter_label": "2022-08 (Q3)",
      "revenue": 11445000000,
      "gross_profit": null,
      "operating_income": 2623000000,
      "net_income": 1548000000,
      "opex": 8822000000,
      "cogs": null,
      "rd": 2093000000,
      "sga": null,
      "fcf": 4675000000,
      "ocf": 6394000000,
      "capex": -1719000000,
      "gross_margin": null,
      "op_margin": 0.2291830493665356,
      "fcf_margin": 0.40847531673219745,
      "incr_op_margin_yoy": -0.46825859056493885,
      "rev_growth_yoy": 0.17650082236842105,
      "rev_growth_yoy_accel": 0.128055949718405,
      "fcf_margin_change": 0.3481077389753643
    },
    {
      "date": "2022-11-30T00:00:00",
      "quarter_label": "2022-11 (Q4)",
      "revenue": 12275000000,
      "gross_profit": null,
      "operating_income": 3071000000,
      "net_income": 1741000000,
      "opex": 9204000000,
      "cogs": null,
      "rd": 2158000000,
      "sga": null,
      "fcf": -1586000000,
      "ocf": 849000000,
      "capex": -2435000000,
      "gross_margin": null,
      "op_margin": 0.250183299389002,
      "fcf_margin": -0.12920570264765785,
      "incr_op_margin_yoy": 2.033942558746736,
      "rev_growth_yoy": 0.18484555984555984,
      "rev_growth_yoy_accel": 0.008344737477138792,
      "op_leverage_ratio": 1.6748116990203545,
      "fcf_margin_change": -0.5376810193798554
    },
    {
      "date": "2023-02-28T00:00:00",
      "quarter_label": "2023-02 (Q1)",
      "revenue": 12398000000,
      "gross_profit": null,
      "operating_income": 3260000000,
      "net_income": 1896000000,
      "opex": 9138000000,
      "cogs": null,
      "rd": 2146000000,
      "sga": null,
      "fcf": 1647000000,
      "ocf": 4275000000,
      "capex": -2628000000,
      "gross_margin": null,
      "op_margin": 0.2629456363929666,
      "fcf_margin": 0.13284400709791902,
      "incr_op_margin_yoy": -0.29814323607427057,
      "rev_growth_yoy": 0.17930181679824977,
      "rev_growth_yoy_accel": -0.005543743047310062,
      "op_leverage_ratio": Infinity,
      "fcf_margin_change": 0.26204970974557684
    },
    {
      "date": "2023-05-31T00:00:00",
      "quarter_label": "2023-05 (Q2)",
      "revenue": 13836000000,
      "gross_profit": null,
      "operating_income": 4140000000,
      "net_income": 3319000000,
      "opex": 9696000000,
      "cogs": null,
      "rd": 2226000000,
      "sga": null,
      "fcf": 3734000000,
      "ocf": 5647000000,
      "capex": -1913000000,
      "gross_margin": null,
      "op_margin": 0.2992194275802255,
      "fcf_margin": 0.2698756866146285,
      "incr_op_margin_yoy": 0.012655572647182213,
      "rev_growth_yoy": -0.6739868049010368,
      "rev_growth_yoy_accel": -0.8532886216992865,
      "op_leverage_ratio": 1.8994340051378387,
      "fcf_margin_change": 0.1370316795167095
    },
    {
      "date": "2023-08-31T00:00:00",
      "quarter_label": "2023-08 (Q3)",
      "revenue": 12453000000,
      "gross_profit": null,
      "operating_income": 3296000000,
      "net_income": 2420000000,
      "opex": 9157000000,
      "cogs": null,
      "rd": 2216000000,
      "sga": null,
      "fcf": 5660000000,
      "ocf": 6974000000,
      "capex": -1314000000,
      "gross_margin": null,
      "op_margin": 0.264675178671806,
      "fcf_margin": 0.45450895366578337,
      "incr_op_margin_yoy": 0.6676587301587301,
      "rev_growth_yoy": 0.08807339449541285,
      "rev_growth_yoy_accel": 0.7620601993964496,
      "fcf_margin_change": 0.18463326705115485
    },
    {
      "date": "2023-11-30T00:00:00",
      "quarter_label": "2023-11 (Q4)",
      "revenue": 12941000000,
      "gross_profit": null,
      "operating_income": 3622000000,
      "net_income": 2503000000,
      "opex": 9319000000,
      "cogs": null,
      "rd": 2226000000,
      "sga": null,
      "fcf": -937000000,
      "ocf": 143000000,
      "capex": -1080000000,
      "gross_margin": null,
      "op_margin": 0.27988563480411094,
      "fcf_margin": -0.07240553280272004,
      "incr_op_margin_yoy": 0.8273273273273273,
      "rev_growth_yoy": 0.05425661914460285,
      "rev_growth_yoy_accel": -0.03381677535081,
      "op_leverage_ratio": 2.2150525481985106,
      "fcf_margin_change": -0.5269144864685034
    },
    {
      "date": "2024-02-29T00:00:00",
      "quarter_label": "2024-02 (Q1)",
      "revenue": 13280000000,
      "gross_profit": null,
      "operating_income": 3750000000,
      "net_income": 2401000000,
      "opex": 9530000000,
      "cogs": null,
      "rd": 2248000000,
      "sga": null,
      "fcf": 3801000000,
      "ocf": 5475000000,
      "capex": -1674000000,
      "gross_margin": null,
      "op_margin": 0.28237951807228917,
      "fcf_margin": 0.28621987951807226,
      "incr_op_margin_yoy": 0.5555555555555556,
      "rev_growth_yoy": 0.07114050653331183,
      "rev_growth_yoy_accel": 0.016883887388708982,
      "op_leverage_ratio": 1.1569609943194616,
      "fcf_margin_change": 0.3586254123207923
    },
    {
      "date": "2024-05-31T00:00:00",
      "quarter_label": "2024-05 (Q2)",
      "revenue": 14287000000,
      "gross_profit": null,
      "operating_income": 4686000000,
      "net_income": 3144000000,
      "opex": 9601000000,
      "cogs": null,
      "rd": 2226000000,
      "sga": null,
      "fcf": 3283000000,
      "ocf": 6081000000,
      "capex": -2798000000,
      "gross_margin": null,
      "op_margin": 0.3279904808567229,
      "fcf_margin": 0.22978931896129348,
      "incr_op_margin_yoy": 1.2106430155210643,
      "rev_growth_yoy": 0.032596126047990746,
      "rev_growth_yoy_accel": -0.038544380485321085,
      "op_leverage_ratio": 10.178082046495843,
      "fcf_margin_change": -0.05643056055677878
    },
    {
      "date": "2024-08-31T00:00:00",
      "quarter_label": "2024-08 (Q3)",
      "revenue": 13307000000,
      "gross_profit": null,
      "operating_income": 3991000000,
      "net_income": 2929000000,
      "opex": 9316000000,
      "cogs": null,
      "rd": 2306000000,
      "sga": null,
      "fcf": 5124000000,
      "ocf": 7427000000,
      "capex": -2303000000,
      "gross_margin": null,
      "op_margin": 0.2999173367400616,
      "fcf_margin": 0.38506049447659124,
      "incr_op_margin_yoy": 0.8138173302107728,
      "rev_growth_yoy": 0.06857785272625071,
      "rev_growth_yoy_accel": 0.03598172667825996,
      "fcf_margin_change": 0.15527117551529776
    },
    {
      "date": "2024-11-30T00:00:00",
      "quarter_label": "2024-11 (Q4)",
      "revenue": 14059000000,
      "gross_profit": null,
      "operating_income": 4220000000,
      "net_income": 3151000000,
      "opex": 9839000000,
      "cogs": null,
      "rd": 2471000000,
      "sga": null,
      "fcf": -2666000000,
      "ocf": 1304000000,
      "capex": -3970000000,
      "gross_margin": null,
      "op_margin": 0.3001635962728501,
      "fcf_margin": -0.1896294188775873,
      "incr_op_margin_yoy": 0.5348837209302325,
      "rev_growth_yoy": 0.08639208716482498,
      "rev_growth_yoy_accel": 0.017814234438574272,
      "op_leverage_ratio": 1.0066198140945959,
      "fcf_margin_change": -0.5746899133541785
    },
    {
      "date": "2025-02-28T00:00:00",
      "quarter_label": "2025-02 (Q1)",
      "revenue": 14130000000,
      "gross_profit": null,
      "operating_income": 4358000000,
      "net_income": 2936000000,
      "opex": 9772000000,
      "cogs": null,
      "rd": 2429000000,
      "sga": null,
      "fcf": 71000000,
      "ocf": 5933000000,
      "capex": -5862000000,
      "gross_margin": null,
      "op_margin": 0.30842179759377214,
      "fcf_margin": 0.0050247699929228595,
      "incr_op_margin_yoy": 0.7152941176470589,
      "rev_growth_yoy": 0.06400602409638555,
      "rev_growth_yoy_accel": -0.022386063068439432,
      "fcf_margin_change": 0.19465418887051017
    },
    {
      "date": "2025-05-31T00:00:00",
      "quarter_label": "2025-05 (Q2)",
      "revenue": 15903000000,
      "gross_profit": null,
      "operating_income": 5109000000,
      "net_income": 3427000000,
      "opex": 10794000000,
      "cogs": null,
      "rd": 2654000000,
      "sga": null,
      "fcf": -2923000000,
      "ocf": 6157000000,
      "capex": -9080000000,
      "gross_margin": null,
      "op_margin": 0.32126013959630256,
      "fcf_margin": -0.18380179840281707,
      "incr_op_margin_yoy": 0.26175742574257427,
      "rev_growth_yoy": 0.11310982011618954,
      "rev_growth_yoy_accel": 0.049103796019804,
      "op_leverage_ratio": 1.1997731437047379,
      "fcf_margin_change": -0.18882656839573994
    },
    {
      "date": "2025-08-31T00:00:00",
      "quarter_label": "2025-08 (Q3)",
      "revenue": 14926000000,
      "gross_profit": null,
      "operating_income": 4277000000,
      "net_income": 2927000000,
      "opex": 10649000000,
      "cogs": null,
      "rd": 2491000000,
      "sga": null,
      "fcf": -362000000,
      "ocf": 8140000000,
      "capex": -8502000000,
      "gross_margin": null,
      "op_margin": 0.28654696502746885,
      "fcf_margin": -0.02425298137478226,
      "incr_op_margin_yoy": 0.1766522544780729,
      "rev_growth_yoy": 0.1216652889456677,
      "rev_growth_yoy_accel": 0.00855546882947815,
      "fcf_margin_change": 0.1595488170280348
    },
    {
      "date": "2025-11-30T00:00:00",
      "quarter_label": "2025-11 (Q4)",
      "revenue": 16058000000,
      "gross_profit": null,
      "operating_income": 4731000000,
      "net_income": 6135000000,
      "opex": 11327000000,
      "cogs": null,
      "rd": 2561000000,
      "sga": null,
      "fcf": -9967000000,
      "ocf": 2066000000,
      "capex": -12033000000,
      "gross_margin": null,
      "op_margin": 0.29461950429692363,
      "fcf_margin": -0.6206875077842819,
      "incr_op_margin_yoy": 0.2556278139069535,
      "rev_growth_yoy": 0.14218649975104916,
      "rev_growth_yoy_accel": 0.020521210805381468,
      "op_leverage_ratio": 1.191192972844993,
      "fcf_margin_change": -0.5964345264094997
    }
  ],
  "signals": [
    {
      "quarter": "2025-08 (Q3)",
      "signal": "FCF MARGIN EXPANSION",
      "detail": "FCF margin: -18.4% -> -2.4% (+16.0%)",
      "severity": "MEDIUM"
    },
    {
      "quarter": "2025-02 (Q1)",
      "signal": "FCF TURNED POSITIVE",
      "detail": "FCF margin: -19.0% -> +0.5%",
      "severity": "HIGH"
    },
    {
      "quarter": "2025-02 (Q1)",
      "signal": "INCREMENTAL MARGIN (YoY)",
      "detail": "YoY Incr OPM: +71.5% vs year-ago OPM: +28.2%",
      "severity": "HIGH"
    },
    {
      "quarter": "2024-11 (Q4)",
      "signal": "INCREMENTAL MARGIN (YoY)",
      "detail": "YoY Incr OPM: +53.5% vs year-ago OPM: +28.0%",
      "severity": "HIGH"
    },
    {
      "quarter": "2024-08 (Q3)",
      "signal": "FCF MARGIN EXPANSION",
      "detail": "FCF margin: +23.0% -> +38.5% (+15.5%)",
      "severity": "MEDIUM"
    },
    {
      "quarter": "2024-08 (Q3)",
      "signal": "INCREMENTAL MARGIN (YoY)",
      "detail": "YoY Incr OPM: +81.4% vs year-ago OPM: +26.5%",
      "severity": "HIGH"
    },
    {
      "quarter": "2024-05 (Q2)",
      "signal": "OPERATING LEVERAGE",
      "detail": "Rev growth +7.6% vs OpEx growth +0.7% (leverage: 10.2x)",
      "severity": "MEDIUM"
    },
    {
      "quarter": "2024-05 (Q2)",
      "signal": "INCREMENTAL MARGIN (YoY)",
      "detail": "YoY Incr OPM: +121.1% vs year-ago OPM: +29.9%",
      "severity": "HIGH"
    },
    {
      "quarter": "2024-02 (Q1)",
      "signal": "FCF TURNED POSITIVE",
      "detail": "FCF margin: -7.2% -> +28.6%",
      "severity": "HIGH"
    },
    {
      "quarter": "2024-02 (Q1)",
      "signal": "INCREMENTAL MARGIN (YoY)",
      "detail": "YoY Incr OPM: +55.6% vs year-ago OPM: +26.3%",
      "severity": "HIGH"
    },
    {
      "quarter": "2023-11 (Q4)",
      "signal": "OPERATING LEVERAGE",
      "detail": "Rev growth +3.9% vs OpEx growth +1.8% (leverage: 2.2x)",
      "severity": "MEDIUM"
    },
    {
      "quarter": "2023-11 (Q4)",
      "signal": "INCREMENTAL MARGIN (YoY)",
      "detail": "YoY Incr OPM: +82.7% vs year-ago OPM: +25.0%",
      "severity": "HIGH"
    },
    {
      "quarter": "2023-08 (Q3)",
      "signal": "FCF MARGIN EXPANSION",
      "detail": "FCF margin: +27.0% -> +45.5% (+18.5%)",
      "severity": "MEDIUM"
    },
    {
      "quarter": "2023-08 (Q3)",
      "signal": "YoY REVENUE GROWTH ACCELERATION",
      "detail": "YoY growth: +8.8% vs prior quarter YoY: -67.4% (accel: +76.2%)",
      "severity": "HIGH"
    },
    {
      "quarter": "2023-08 (Q3)",
      "signal": "INCREMENTAL MARGIN (YoY)",
      "detail": "YoY Incr OPM: +66.8% vs year-ago OPM: +22.9%",
      "severity": "HIGH"
    },
    {
      "quarter": "2023-05 (Q2)",
      "signal": "FCF MARGIN EXPANSION",
      "detail": "FCF margin: +13.3% -> +27.0% (+13.7%)",
      "severity": "MEDIUM"
    },
    {
      "quarter": "2023-05 (Q2)",
      "signal": "OPERATING LEVERAGE",
      "detail": "Rev growth +11.6% vs OpEx growth +6.1% (leverage: 1.9x)",
      "severity": "MEDIUM"
    },
    {
      "quarter": "2023-05 (Q2)",
      "signal": "YoY REVENUE GROWTH DECELERATION",
      "detail": "YoY growth: -67.4% vs prior quarter YoY: +17.9% (decel: -85.3%)",
      "severity": "WARNING"
    },
    {
      "quarter": "2023-02 (Q1)",
      "signal": "FCF TURNED POSITIVE",
      "detail": "FCF margin: -12.9% -> +13.3%",
      "severity": "HIGH"
    },
    {
      "quarter": "2022-11 (Q4)",
      "signal": "OPERATING LEVERAGE",
      "detail": "Rev growth +7.3% vs OpEx growth +4.3% (leverage: 1.7x)",
      "severity": "MEDIUM"
    },
    {
      "quarter": "2022-11 (Q4)",
      "signal": "OP MARGIN TURNED POSITIVE (YoY)",
      "detail": "Op margin: -8.0% (year-ago) -> +25.0%",
      "severity": "HIGH"
    },
    {
      "quarter": "2022-08 (Q3)",
      "signal": "FCF MARGIN EXPANSION",
      "detail": "FCF margin: +6.0% -> +40.8% (+34.8%)",
      "severity": "MEDIUM"
    },
    {
      "quarter": "2022-08 (Q3)",
      "signal": "YoY REVENUE GROWTH ACCELERATION",
      "detail": "YoY growth: +17.7% vs prior quarter YoY: +4.8% (accel: +12.8%)",
      "severity": "MEDIUM"
    },
    {
      "quarter": "2022-05 (Q2)",
      "signal": "OPERATING LEVERAGE",
      "detail": "Rev growth +303.7% vs OpEx growth +9.7% (leverage: 31.4x)",
      "severity": "MEDIUM"
    },
    {
      "quarter": "2022-02 (Q1)",
      "signal": "FCF TURNED POSITIVE",
      "detail": "FCF margin: -44.5% -> +26.1%",
      "severity": "HIGH"
    },
    {
      "quarter": "2022-02 (Q1)",
      "signal": "OP MARGIN TURNED POSITIVE (QoQ)",
      "detail": "Op margin: -8.0% -> +36.4%",
      "severity": "HIGH"
    },
    {
      "quarter": "2021-08 (Q3)",
      "signal": "FCF MARGIN EXPANSION",
      "detail": "FCF margin: +10.2% -> +44.5% (+34.3%)",
      "severity": "MEDIUM"
    },
    {
      "quarter": "2021-05 (Q2)",
      "signal": "OPERATING LEVERAGE",
      "detail": "Rev growth +301.4% vs OpEx growth +7.7% (leverage: 39.1x)",
      "severity": "MEDIUM"
    }
  ],
  "data_quality": {
    "n_quarters": 20,
    "coverage": {
      "revenue": [
        20,
        20
      ],
      "gross_profit": [
        0,
        20
      ],
      "op_income": [
        20,
        20
      ],
      "fcf": [
        20,
        20
      ]
    },
    "gaps": [],
    "warnings": [
      "gross_profit: no data"
    ]
  },
  "market_cap": null,
  "source": "SEC EDGAR",
  "last_updated": "2026-02-02T19:46:04.744551"
}