{
  "ticker": "ORI",
  "name": "OLD REPUBLIC INTERNATIONAL CORPORATION",
  "quarters": [
    {
      "date": "2020-12-31T00:00:00",
      "quarter_label": "2020-12 (Q4)",
      "revenue": 2423200000,
      "gross_profit": null,
      "operating_income": null,
      "net_income": 519700000,
      "opex": null,
      "cogs": null,
      "rd": null,
      "sga": null,
      "fcf": 376100000,
      "ocf": 376100000,
      "capex": null,
      "gross_margin": null,
      "op_margin": null,
      "fcf_margin": 0.15520798943545724
    },
    {
      "date": "2021-03-31T00:00:00",
      "quarter_label": "2021-03 (Q1)",
      "revenue": 2355000000,
      "gross_profit": null,
      "operating_income": null,
      "net_income": 502100000,
      "opex": null,
      "cogs": null,
      "rd": null,
      "sga": null,
      "fcf": 296000000,
      "ocf": 296000000,
      "capex": null,
      "gross_margin": null,
      "op_margin": null,
      "fcf_margin": 0.1256900212314225,
      "fcf_margin_change": -0.02951796820403474
    },
    {
      "date": "2021-06-30T00:00:00",
      "quarter_label": "2021-06 (Q2)",
      "revenue": 2253700000,
      "gross_profit": null,
      "operating_income": null,
      "net_income": 316400000,
      "opex": null,
      "cogs": null,
      "rd": null,
      "sga": null,
      "fcf": 219400000,
      "ocf": 219400000,
      "capex": null,
      "gross_margin": null,
      "op_margin": null,
      "fcf_margin": 0.09735102276256823,
      "fcf_margin_change": -0.02833899846885428
    },
    {
      "date": "2021-09-30T00:00:00",
      "quarter_label": "2021-09 (Q3)",
      "revenue": 2012200000,
      "gross_profit": null,
      "operating_income": null,
      "net_income": 88700000,
      "opex": null,
      "cogs": null,
      "rd": null,
      "sga": null,
      "fcf": 455200000,
      "ocf": 455200000,
      "capex": null,
      "gross_margin": null,
      "op_margin": null,
      "fcf_margin": 0.2262200576483451,
      "fcf_margin_change": 0.1288690348857769
    },
    {
      "date": "2021-12-31T00:00:00",
      "quarter_label": "2021-12 (Q4)",
      "revenue": 2720500000,
      "gross_profit": null,
      "operating_income": null,
      "net_income": 627000000,
      "opex": null,
      "cogs": null,
      "rd": null,
      "sga": null,
      "fcf": 341100000,
      "ocf": 341100000,
      "capex": null,
      "gross_margin": null,
      "op_margin": null,
      "fcf_margin": 0.12538136371990444,
      "rev_growth_yoy": 0.12268900627269726,
      "fcf_margin_change": -0.10083869392844066
    },
    {
      "date": "2022-03-31T00:00:00",
      "quarter_label": "2022-03 (Q1)",
      "revenue": 2206600000,
      "gross_profit": null,
      "operating_income": null,
      "net_income": 306300000,
      "opex": null,
      "cogs": null,
      "rd": null,
      "sga": null,
      "fcf": 278400000,
      "ocf": 278400000,
      "capex": null,
      "gross_margin": null,
      "op_margin": null,
      "fcf_margin": 0.12616695368440134,
      "rev_growth_yoy": -0.06301486199575372,
      "rev_growth_yoy_accel": -0.18570386826845098,
      "fcf_margin_change": 0.0007855899644969022
    },
    {
      "date": "2022-06-30T00:00:00",
      "quarter_label": "2022-06 (Q2)",
      "revenue": 1810300000,
      "gross_profit": null,
      "operating_income": null,
      "net_income": -40100000,
      "opex": null,
      "cogs": null,
      "rd": null,
      "sga": null,
      "fcf": 124800000,
      "ocf": 124800000,
      "capex": null,
      "gross_margin": null,
      "op_margin": null,
      "fcf_margin": 0.06893884991437883,
      "rev_growth_yoy": -0.19674313351377734,
      "rev_growth_yoy_accel": -0.13372827151802363,
      "fcf_margin_change": -0.057228103770022506
    },
    {
      "date": "2022-09-30T00:00:00",
      "quarter_label": "2022-09 (Q3)",
      "revenue": 1721000000,
      "gross_profit": null,
      "operating_income": null,
      "net_income": -91700000,
      "opex": null,
      "cogs": null,
      "rd": null,
      "sga": null,
      "fcf": 500200000,
      "ocf": 500200000,
      "capex": null,
      "gross_margin": null,
      "op_margin": null,
      "fcf_margin": 0.2906449738524114,
      "rev_growth_yoy": -0.14471722492793956,
      "rev_growth_yoy_accel": 0.05202590858583778,
      "fcf_margin_change": 0.22170612393803257
    },
    {
      "date": "2022-12-31T00:00:00",
      "quarter_label": "2022-12 (Q4)",
      "revenue": 2345500000,
      "gross_profit": null,
      "operating_income": null,
      "net_income": 512100000,
      "opex": null,
      "cogs": null,
      "rd": null,
      "sga": null,
      "fcf": 267200000,
      "ocf": 267200000,
      "capex": null,
      "gross_margin": null,
      "op_margin": null,
      "fcf_margin": 0.11392027286292901,
      "rev_growth_yoy": -0.13784230839919132,
      "rev_growth_yoy_accel": 0.006874916528748248,
      "fcf_margin_change": -0.1767247009894824
    },
    {
      "date": "2023-03-31T00:00:00",
      "quarter_label": "2023-03 (Q1)",
      "revenue": 1758700000,
      "gross_profit": null,
      "operating_income": null,
      "net_income": 199800000,
      "opex": null,
      "cogs": null,
      "rd": null,
      "sga": null,
      "fcf": 156600000,
      "ocf": 156600000,
      "capex": null,
      "gross_margin": null,
      "op_margin": null,
      "fcf_margin": 0.08904304315687724,
      "rev_growth_yoy": -0.20298196320130518,
      "rev_growth_yoy_accel": -0.06513965480211387,
      "fcf_margin_change": -0.024877229706051773
    },
    {
      "date": "2023-06-30T00:00:00",
      "quarter_label": "2023-06 (Q2)",
      "revenue": 1798300000,
      "gross_profit": null,
      "operating_income": null,
      "net_income": 155500000,
      "opex": null,
      "cogs": null,
      "rd": null,
      "sga": null,
      "fcf": 90600000,
      "ocf": 90600000,
      "capex": null,
      "gross_margin": null,
      "op_margin": null,
      "fcf_margin": 0.05038091530890285,
      "rev_growth_yoy": -0.006628735568690272,
      "rev_growth_yoy_accel": 0.19635322763261492,
      "fcf_margin_change": -0.03866212784797438
    },
    {
      "date": "2023-09-30T00:00:00",
      "quarter_label": "2023-09 (Q3)",
      "revenue": 1760100000,
      "gross_profit": null,
      "operating_income": null,
      "net_income": 52600000,
      "opex": null,
      "cogs": null,
      "rd": null,
      "sga": null,
      "fcf": 349800000,
      "ocf": 349800000,
      "capex": null,
      "gross_margin": null,
      "op_margin": null,
      "fcf_margin": 0.19873870802795296,
      "rev_growth_yoy": 0.02271934921557234,
      "rev_growth_yoy_accel": 0.029348084784262613,
      "fcf_margin_change": 0.1483577927190501
    },
    {
      "date": "2023-12-31T00:00:00",
      "quarter_label": "2023-12 (Q4)",
      "revenue": 1941100000,
      "gross_profit": null,
      "operating_income": null,
      "net_income": 190600000,
      "opex": null,
      "cogs": null,
      "rd": null,
      "sga": null,
      "fcf": 283400000,
      "ocf": 283400000,
      "capex": null,
      "gross_margin": null,
      "op_margin": null,
      "fcf_margin": 0.1459996908969141,
      "rev_growth_yoy": -0.17241526327009166,
      "rev_growth_yoy_accel": -0.195134612485664,
      "fcf_margin_change": -0.052739017131038846
    },
    {
      "date": "2024-03-31T00:00:00",
      "quarter_label": "2024-03 (Q1)",
      "revenue": 2015900000,
      "gross_profit": null,
      "operating_income": null,
      "net_income": 316700000,
      "opex": null,
      "cogs": null,
      "rd": null,
      "sga": null,
      "fcf": 160400000,
      "ocf": 160400000,
      "capex": null,
      "gross_margin": null,
      "op_margin": null,
      "fcf_margin": 0.07956743886105462,
      "rev_growth_yoy": 0.1462443850571445,
      "rev_growth_yoy_accel": 0.31865964832723614,
      "fcf_margin_change": -0.0664322520358595
    },
    {
      "date": "2024-06-30T00:00:00",
      "quarter_label": "2024-06 (Q2)",
      "revenue": 1871700000,
      "gross_profit": null,
      "operating_income": null,
      "net_income": 91800000,
      "opex": null,
      "cogs": null,
      "rd": null,
      "sga": null,
      "fcf": 236500000,
      "ocf": 236500000,
      "capex": null,
      "gross_margin": null,
      "op_margin": null,
      "fcf_margin": 0.1263557193994764,
      "rev_growth_yoy": 0.04081632653061224,
      "rev_growth_yoy_accel": -0.10542805852653225,
      "fcf_margin_change": 0.04678828053842178
    },
    {
      "date": "2024-09-30T00:00:00",
      "quarter_label": "2024-09 (Q3)",
      "revenue": 2341700000,
      "gross_profit": null,
      "operating_income": null,
      "net_income": 338900000,
      "opex": null,
      "cogs": null,
      "rd": null,
      "sga": null,
      "fcf": 474800000,
      "ocf": 474800000,
      "capex": null,
      "gross_margin": null,
      "op_margin": null,
      "fcf_margin": 0.2027586795917496,
      "rev_growth_yoy": 0.33043577069484686,
      "rev_growth_yoy_accel": 0.28961944416423463,
      "fcf_margin_change": 0.07640296019227319
    },
    {
      "date": "2024-12-31T00:00:00",
      "quarter_label": "2024-12 (Q4)",
      "revenue": 2002000000,
      "gross_profit": null,
      "operating_income": null,
      "net_income": 105100000,
      "opex": null,
      "cogs": null,
      "rd": null,
      "sga": null,
      "fcf": 361700000,
      "ocf": 361700000,
      "capex": null,
      "gross_margin": null,
      "op_margin": null,
      "fcf_margin": 0.18066933066933066,
      "rev_growth_yoy": 0.03137396321673278,
      "rev_growth_yoy_accel": -0.29906180747811406,
      "fcf_margin_change": -0.022089348922418928
    },
    {
      "date": "2025-03-31T00:00:00",
      "quarter_label": "2025-03 (Q1)",
      "revenue": 2114000000,
      "gross_profit": null,
      "operating_income": null,
      "net_income": 245000000,
      "opex": null,
      "cogs": null,
      "rd": null,
      "sga": null,
      "fcf": 231700000,
      "ocf": 231700000,
      "capex": null,
      "gross_margin": null,
      "op_margin": null,
      "fcf_margin": 0.10960264900662252,
      "rev_growth_yoy": 0.048663128131355725,
      "rev_growth_yoy_accel": 0.017289164914622943,
      "fcf_margin_change": -0.07106668166270814
    },
    {
      "date": "2025-06-30T00:00:00",
      "quarter_label": "2025-06 (Q2)",
      "revenue": 2208500000,
      "gross_profit": null,
      "operating_income": null,
      "net_income": 204400000,
      "opex": null,
      "cogs": null,
      "rd": null,
      "sga": null,
      "fcf": 133800000,
      "ocf": 133800000,
      "capex": null,
      "gross_margin": null,
      "op_margin": null,
      "fcf_margin": 0.060584106859859634,
      "rev_growth_yoy": 0.1799433669925736,
      "rev_growth_yoy_accel": 0.13128023886121787,
      "fcf_margin_change": -0.049018542146762885
    },
    {
      "date": "2025-09-30T00:00:00",
      "quarter_label": "2025-09 (Q3)",
      "revenue": 2424300000,
      "gross_profit": null,
      "operating_income": null,
      "net_income": 279500000,
      "opex": null,
      "cogs": null,
      "rd": null,
      "sga": null,
      "fcf": 563900000,
      "ocf": 563900000,
      "capex": null,
      "gross_margin": null,
      "op_margin": null,
      "fcf_margin": 0.23260322567339026,
      "rev_growth_yoy": 0.035273519238160314,
      "rev_growth_yoy_accel": -0.14466984775441327,
      "fcf_margin_change": 0.17201911881353063
    }
  ],
  "signals": [
    {
      "quarter": "2025-09 (Q3)",
      "signal": "FCF MARGIN EXPANSION",
      "detail": "FCF margin: +6.1% -> +23.3% (+17.2%)",
      "severity": "MEDIUM"
    },
    {
      "quarter": "2025-09 (Q3)",
      "signal": "YoY REVENUE GROWTH DECELERATION",
      "detail": "YoY growth: +3.5% vs prior quarter YoY: +18.0% (decel: -14.5%)",
      "severity": "WARNING"
    },
    {
      "quarter": "2025-06 (Q2)",
      "signal": "YoY REVENUE GROWTH ACCELERATION",
      "detail": "YoY growth: +18.0% vs prior quarter YoY: +4.9% (accel: +13.1%)",
      "severity": "MEDIUM"
    },
    {
      "quarter": "2024-12 (Q4)",
      "signal": "YoY REVENUE GROWTH DECELERATION",
      "detail": "YoY growth: +3.1% vs prior quarter YoY: +33.0% (decel: -29.9%)",
      "severity": "WARNING"
    },
    {
      "quarter": "2024-09 (Q3)",
      "signal": "FCF MARGIN EXPANSION",
      "detail": "FCF margin: +12.6% -> +20.3% (+7.6%)",
      "severity": "MEDIUM"
    },
    {
      "quarter": "2024-09 (Q3)",
      "signal": "YoY REVENUE GROWTH ACCELERATION",
      "detail": "YoY growth: +33.0% vs prior quarter YoY: +4.1% (accel: +29.0%)",
      "severity": "HIGH"
    },
    {
      "quarter": "2024-06 (Q2)",
      "signal": "YoY REVENUE GROWTH DECELERATION",
      "detail": "YoY growth: +4.1% vs prior quarter YoY: +14.6% (decel: -10.5%)",
      "severity": "WARNING"
    },
    {
      "quarter": "2024-03 (Q1)",
      "signal": "YoY REVENUE GROWTH ACCELERATION",
      "detail": "YoY growth: +14.6% vs prior quarter YoY: -17.2% (accel: +31.9%)",
      "severity": "HIGH"
    },
    {
      "quarter": "2023-12 (Q4)",
      "signal": "YoY REVENUE GROWTH DECELERATION",
      "detail": "YoY growth: -17.2% vs prior quarter YoY: +2.3% (decel: -19.5%)",
      "severity": "WARNING"
    },
    {
      "quarter": "2023-09 (Q3)",
      "signal": "FCF MARGIN EXPANSION",
      "detail": "FCF margin: +5.0% -> +19.9% (+14.8%)",
      "severity": "MEDIUM"
    },
    {
      "quarter": "2023-06 (Q2)",
      "signal": "YoY REVENUE GROWTH ACCELERATION",
      "detail": "YoY growth: -0.7% vs prior quarter YoY: -20.3% (accel: +19.6%)",
      "severity": "HIGH"
    },
    {
      "quarter": "2023-03 (Q1)",
      "signal": "YoY REVENUE GROWTH DECELERATION",
      "detail": "YoY growth: -20.3% vs prior quarter YoY: -13.8% (decel: -6.5%)",
      "severity": "WARNING"
    },
    {
      "quarter": "2022-09 (Q3)",
      "signal": "FCF MARGIN EXPANSION",
      "detail": "FCF margin: +6.9% -> +29.1% (+22.2%)",
      "severity": "MEDIUM"
    },
    {
      "quarter": "2022-09 (Q3)",
      "signal": "YoY REVENUE GROWTH ACCELERATION",
      "detail": "YoY growth: -14.5% vs prior quarter YoY: -19.7% (accel: +5.2%)",
      "severity": "MEDIUM"
    },
    {
      "quarter": "2022-06 (Q2)",
      "signal": "YoY REVENUE GROWTH DECELERATION",
      "detail": "YoY growth: -19.7% vs prior quarter YoY: -6.3% (decel: -13.4%)",
      "severity": "WARNING"
    },
    {
      "quarter": "2022-03 (Q1)",
      "signal": "YoY REVENUE GROWTH DECELERATION",
      "detail": "YoY growth: -6.3% vs prior quarter YoY: +12.3% (decel: -18.6%)",
      "severity": "WARNING"
    },
    {
      "quarter": "2021-09 (Q3)",
      "signal": "FCF MARGIN EXPANSION",
      "detail": "FCF margin: +9.7% -> +22.6% (+12.9%)",
      "severity": "MEDIUM"
    }
  ],
  "data_quality": {
    "n_quarters": 20,
    "coverage": {
      "revenue": [
        20,
        20
      ],
      "gross_profit": [
        0,
        20
      ],
      "op_income": [
        0,
        20
      ],
      "fcf": [
        20,
        20
      ]
    },
    "gaps": [],
    "warnings": [
      "gross_profit: no data",
      "op_income: no data"
    ]
  },
  "market_cap": null,
  "source": "SEC EDGAR",
  "last_updated": "2026-02-02T20:39:49.848819"
}