{
  "ticker": "ORLY",
  "name": "O Reilly Automotive Inc",
  "quarters": [
    {
      "date": "2020-12-31T00:00:00",
      "quarter_label": "2020-12 (Q4)",
      "revenue": 2828773000,
      "gross_profit": 1472138000,
      "operating_income": 534272000,
      "net_income": 392945000,
      "opex": 937866000,
      "cogs": 1356635000,
      "rd": null,
      "sga": 937866000,
      "fcf": 385320000,
      "ocf": 487474000,
      "capex": -102154000,
      "gross_margin": 0.5204157420902985,
      "op_margin": 0.1888705809904153,
      "fcf_margin": 0.13621453541871334
    },
    {
      "date": "2021-03-31T00:00:00",
      "quarter_label": "2021-03 (Q1)",
      "revenue": 3090899000,
      "gross_profit": 1640795000,
      "operating_income": 691105000,
      "net_income": 501609000,
      "opex": 949690000,
      "cogs": 1450104000,
      "rd": null,
      "sga": 949690000,
      "fcf": 795793000,
      "ocf": 890672000,
      "capex": -94879000,
      "gross_margin": 0.530847174236363,
      "op_margin": 0.2235935240847404,
      "fcf_margin": 0.2574632817183609,
      "op_leverage_ratio": 7.350017498178958,
      "fcf_margin_change": 0.12124874629964758
    },
    {
      "date": "2021-06-30T00:00:00",
      "quarter_label": "2021-06 (Q2)",
      "revenue": 3465601000,
      "gross_profit": 1826378000,
      "operating_income": 795583000,
      "net_income": 585451000,
      "opex": 1030795000,
      "cogs": 1639223000,
      "rd": null,
      "sga": 1030795000,
      "fcf": 694432000,
      "ocf": 822160000,
      "capex": -127728000,
      "gross_margin": 0.5270018100756549,
      "op_margin": 0.2295656655223726,
      "fcf_margin": 0.20037852020472063,
      "op_leverage_ratio": 1.4195001198337127,
      "fcf_margin_change": -0.05708476151364028
    },
    {
      "date": "2021-09-30T00:00:00",
      "quarter_label": "2021-09 (Q3)",
      "revenue": 3479570000,
      "gross_profit": 1818240000,
      "operating_income": 754599000,
      "net_income": 558652000,
      "opex": 1063641000,
      "cogs": 1661330000,
      "rd": null,
      "sga": 1063641000,
      "fcf": 734415000,
      "ocf": 852495000,
      "capex": -118080000,
      "gross_margin": 0.5225473262500826,
      "op_margin": 0.2168655897136715,
      "fcf_margin": 0.21106487295844026,
      "fcf_margin_change": 0.010686352753719625
    },
    {
      "date": "2021-12-31T00:00:00",
      "quarter_label": "2021-12 (Q4)",
      "revenue": 3291493000,
      "gross_profit": 1734536000,
      "operating_income": 675881000,
      "net_income": 518973000,
      "opex": 1058655000,
      "cogs": 1556957000,
      "rd": null,
      "sga": 1058655000,
      "fcf": 539817000,
      "ocf": 641983000,
      "capex": -102166000,
      "gross_margin": 0.5269754485274616,
      "op_margin": 0.2053417704366985,
      "fcf_margin": 0.16400369072636642,
      "incr_op_margin_yoy": 0.3060360477178423,
      "rev_growth_yoy": 0.1635762219167109,
      "fcf_margin_change": -0.04706118223207384
    },
    {
      "date": "2022-03-31T00:00:00",
      "quarter_label": "2022-03 (Q1)",
      "revenue": 3296011000,
      "gross_profit": 1708072000,
      "operating_income": 669530000,
      "net_income": 481880000,
      "opex": 1038542000,
      "cogs": 1587939000,
      "rd": null,
      "sga": 1038542000,
      "fcf": 585896000,
      "ocf": 689886000,
      "capex": -103990000,
      "gross_margin": 0.5182239986456356,
      "op_margin": 0.20313342400859705,
      "fcf_margin": 0.17775911548838885,
      "incr_op_margin_yoy": -0.10518643472834353,
      "rev_growth_yoy": 0.06635998135170383,
      "rev_growth_yoy_accel": -0.09721624056500706,
      "fcf_margin_change": 0.013755424762022433
    },
    {
      "date": "2022-06-30T00:00:00",
      "quarter_label": "2022-06 (Q2)",
      "revenue": 3670737000,
      "gross_profit": 1884718000,
      "operating_income": 798550000,
      "net_income": 576760000,
      "opex": 1086168000,
      "cogs": 1786019000,
      "rd": null,
      "sga": 1086168000,
      "fcf": 577156000,
      "ocf": 702087000,
      "capex": -124931000,
      "gross_margin": 0.5134440304494711,
      "op_margin": 0.21754486905490641,
      "fcf_margin": 0.1572316404035484,
      "incr_op_margin_yoy": 0.014463575384135403,
      "rev_growth_yoy": 0.05919204201522334,
      "rev_growth_yoy_accel": -0.007167939336480494,
      "op_leverage_ratio": 2.4791632862604227,
      "fcf_margin_change": -0.020527475084840457
    },
    {
      "date": "2022-09-30T00:00:00",
      "quarter_label": "2022-09 (Q3)",
      "revenue": 3798619000,
      "gross_profit": 1934962000,
      "operating_income": 804194000,
      "net_income": 585438000,
      "opex": 1130768000,
      "cogs": 1863657000,
      "rd": null,
      "sga": 1130768000,
      "fcf": 801148000,
      "ocf": 961047000,
      "capex": -159899000,
      "gross_margin": 0.5093856477841026,
      "op_margin": 0.21170693875853303,
      "fcf_margin": 0.2109050683945929,
      "incr_op_margin_yoy": 0.15544634209792227,
      "rev_growth_yoy": 0.09169207689455881,
      "rev_growth_yoy_accel": 0.032500034879335477,
      "op_leverage_ratio": 0.8484344519609802,
      "fcf_margin_change": 0.05367342799104449
    },
    {
      "date": "2022-12-31T00:00:00",
      "quarter_label": "2022-12 (Q4)",
      "revenue": 3644493000,
      "gross_profit": 1853954000,
      "operating_income": 682217000,
      "net_income": 528572000,
      "opex": 1171737000,
      "cogs": 1790539000,
      "rd": null,
      "sga": 1171737000,
      "fcf": 620708000,
      "ocf": 795230000,
      "capex": -174522000,
      "gross_margin": 0.5087001127454491,
      "op_margin": 0.1871911950441392,
      "fcf_margin": 0.17031395039035607,
      "incr_op_margin_yoy": 0.01794900849858357,
      "rev_growth_yoy": 0.10724616458245544,
      "rev_growth_yoy_accel": 0.015554087687896623,
      "fcf_margin_change": -0.040591118004236815
    },
    {
      "date": "2023-03-31T00:00:00",
      "quarter_label": "2023-03 (Q1)",
      "revenue": 3707864000,
      "gross_profit": 1890329000,
      "operating_income": 716645000,
      "net_income": 516885000,
      "opex": 1173684000,
      "cogs": 1817535000,
      "rd": null,
      "sga": 1173684000,
      "fcf": 490496000,
      "ocf": 713764000,
      "capex": -223268000,
      "gross_margin": 0.5098161636996394,
      "op_margin": 0.19327704576003865,
      "fcf_margin": 0.13228532653840594,
      "incr_op_margin_yoy": 0.11439761274046809,
      "rev_growth_yoy": 0.12495498346334402,
      "rev_growth_yoy_accel": 0.017708818880888585,
      "op_leverage_ratio": 10.464479519080488,
      "fcf_margin_change": -0.03802862385195013
    },
    {
      "date": "2023-06-30T00:00:00",
      "quarter_label": "2023-06 (Q2)",
      "revenue": 4068991000,
      "gross_profit": 2086582000,
      "operating_income": 853773000,
      "net_income": 627365000,
      "opex": 1232809000,
      "cogs": 1982409000,
      "rd": null,
      "sga": 1232809000,
      "fcf": 699931000,
      "ocf": 937605000,
      "capex": -237674000,
      "gross_margin": 0.5128008393235571,
      "op_margin": 0.20982425372776692,
      "fcf_margin": 0.17201586339217756,
      "incr_op_margin_yoy": 0.13866276296032182,
      "rev_growth_yoy": 0.10849428874909861,
      "rev_growth_yoy_accel": -0.01646069471424541,
      "op_leverage_ratio": 1.9333754256942786,
      "fcf_margin_change": 0.03973053685377162
    },
    {
      "date": "2023-09-30T00:00:00",
      "quarter_label": "2023-09 (Q3)",
      "revenue": 4203380000,
      "gross_profit": 2160463000,
      "operating_income": 897222000,
      "net_income": 649827000,
      "opex": 1263241000,
      "cogs": 2042917000,
      "rd": null,
      "sga": 1263241000,
      "fcf": 573270000,
      "ocf": 866286000,
      "capex": -293016000,
      "gross_margin": 0.5139823189909073,
      "op_margin": 0.21345250726796056,
      "fcf_margin": 0.13638310121854316,
      "incr_op_margin_yoy": 0.2298343961004148,
      "rev_growth_yoy": 0.10655477688075587,
      "rev_growth_yoy_accel": -0.001939511868342736,
      "op_leverage_ratio": 1.3379574251325135,
      "fcf_margin_change": -0.0356327621736344
    },
    {
      "date": "2023-12-31T00:00:00",
      "quarter_label": "2023-12 (Q4)",
      "revenue": 3832015000,
      "gross_profit": 1967429000,
      "operating_income": 718736000,
      "net_income": 552504000,
      "opex": 1248693000,
      "cogs": 1864586000,
      "rd": null,
      "sga": 1248693000,
      "fcf": 264123000,
      "ocf": 516429000,
      "capex": -252306000,
      "gross_margin": 0.513418919289199,
      "op_margin": 0.1875608524496903,
      "fcf_margin": 0.06892535650304082,
      "incr_op_margin_yoy": 0.19474514990241146,
      "rev_growth_yoy": 0.05145352179301758,
      "rev_growth_yoy_accel": -0.0551012550877383,
      "fcf_margin_change": -0.06745774471550234
    },
    {
      "date": "2024-03-31T00:00:00",
      "quarter_label": "2024-03 (Q1)",
      "revenue": 3976240000,
      "gross_profit": 2034172000,
      "operating_income": 752481000,
      "net_income": 547238000,
      "opex": 1281691000,
      "cogs": 1942068000,
      "rd": null,
      "sga": 1281691000,
      "fcf": 454975000,
      "ocf": 704215000,
      "capex": -249240000,
      "gross_margin": 0.5115817958674527,
      "op_margin": 0.1892443615073537,
      "fcf_margin": 0.11442342514536345,
      "incr_op_margin_yoy": 0.13352907860613467,
      "rev_growth_yoy": 0.07238021675012891,
      "rev_growth_yoy_accel": 0.020926694957111337,
      "op_leverage_ratio": 1.424234186615193,
      "fcf_margin_change": 0.04549806864232263
    },
    {
      "date": "2024-06-30T00:00:00",
      "quarter_label": "2024-06 (Q2)",
      "revenue": 4272201000,
      "gross_profit": 2168060000,
      "operating_income": 863298000,
      "net_income": 622848000,
      "opex": 1304762000,
      "cogs": 2104141000,
      "rd": null,
      "sga": 1304762000,
      "fcf": 723492000,
      "ocf": 948859000,
      "capex": -225367000,
      "gross_margin": 0.5074808043909919,
      "op_margin": 0.20207335750354444,
      "fcf_margin": 0.16934877361809522,
      "incr_op_margin_yoy": 0.04687269327296885,
      "rev_growth_yoy": 0.04994112791107181,
      "rev_growth_yoy_accel": -0.022439088839057104,
      "op_leverage_ratio": 4.135031399187259,
      "fcf_margin_change": 0.05492534847273177
    },
    {
      "date": "2024-09-30T00:00:00",
      "quarter_label": "2024-09 (Q3)",
      "revenue": 4364437000,
      "gross_profit": 2251225000,
      "operating_income": 896728000,
      "net_income": 665464000,
      "opex": 1354497000,
      "cogs": 2113212000,
      "rd": null,
      "sga": 1354497000,
      "fcf": 513706000,
      "ocf": 772015000,
      "capex": -258309000,
      "gross_margin": 0.515811088577977,
      "op_margin": 0.20546246858414957,
      "fcf_margin": 0.11770269567414995,
      "incr_op_margin_yoy": -0.0030672370651384294,
      "rev_growth_yoy": 0.0383160694488721,
      "rev_growth_yoy_accel": -0.01162505846219971,
      "op_leverage_ratio": 0.5663931088993788,
      "fcf_margin_change": -0.05164607794394527
    },
    {
      "date": "2024-12-31T00:00:00",
      "quarter_label": "2024-12 (Q4)",
      "revenue": 4095601000,
      "gross_profit": 2101032000,
      "operating_income": 738650000,
      "net_income": 551130000,
      "opex": 1362382000,
      "cogs": 1994569000,
      "rd": null,
      "sga": 1362382000,
      "fcf": 334016000,
      "ocf": 624487000,
      "capex": -290471000,
      "gross_margin": 0.5129972377680345,
      "op_margin": 0.18035204112900646,
      "fcf_margin": 0.08155481942699008,
      "incr_op_margin_yoy": 0.07555029478045117,
      "rev_growth_yoy": 0.06878522135221286,
      "rev_growth_yoy_accel": 0.030469151903340763,
      "fcf_margin_change": -0.03614787624715987
    },
    {
      "date": "2025-03-31T00:00:00",
      "quarter_label": "2025-03 (Q1)",
      "revenue": 4136924000,
      "gross_profit": 2121485000,
      "operating_income": 741466000,
      "net_income": 538485000,
      "opex": 1380019000,
      "cogs": 2015439000,
      "rd": null,
      "sga": 1380019000,
      "fcf": 468169000,
      "ocf": 755120000,
      "capex": -286951000,
      "gross_margin": 0.512817010899886,
      "op_margin": 0.17923123557503112,
      "fcf_margin": 0.11316838307882862,
      "incr_op_margin_yoy": -0.06855069577555949,
      "rev_growth_yoy": 0.04041104158702694,
      "rev_growth_yoy_accel": -0.02837417976518592,
      "op_leverage_ratio": 0.7793784351485261,
      "fcf_margin_change": 0.03161356365183854
    },
    {
      "date": "2025-06-30T00:00:00",
      "quarter_label": "2025-06 (Q2)",
      "revenue": 4525058000,
      "gross_profit": 2326538000,
      "operating_income": 914470000,
      "net_income": 668595000,
      "opex": 1412068000,
      "cogs": 2198520000,
      "rd": null,
      "sga": 1412068000,
      "fcf": 456112000,
      "ocf": 756846000,
      "capex": -300734000,
      "gross_margin": 0.5141454540472189,
      "op_margin": 0.202090227351782,
      "fcf_margin": 0.10079694006132076,
      "incr_op_margin_yoy": 0.20237525557924044,
      "rev_growth_yoy": 0.059186587896964585,
      "rev_growth_yoy_accel": 0.018775546309937642,
      "op_leverage_ratio": 4.03993826078621,
      "fcf_margin_change": -0.012371443017507866
    },
    {
      "date": "2025-09-30T00:00:00",
      "quarter_label": "2025-09 (Q3)",
      "revenue": 4705696000,
      "gross_profit": 2439946000,
      "operating_income": 976067000,
      "net_income": 725896000,
      "opex": 1463879000,
      "cogs": 2265750000,
      "rd": null,
      "sga": 1463879000,
      "fcf": 304437000,
      "ocf": 616535000,
      "capex": -312098000,
      "gross_margin": 0.5185090579586952,
      "op_margin": 0.2074224514290766,
      "fcf_margin": 0.06469542443880778,
      "incr_op_margin_yoy": 0.23248910651440693,
      "rev_growth_yoy": 0.07819084110963224,
      "rev_growth_yoy_accel": 0.01900425321266766,
      "op_leverage_ratio": 1.087974214738382,
      "fcf_margin_change": -0.03610151562251297
    }
  ],
  "signals": [
    {
      "quarter": "2025-06 (Q2)",
      "signal": "OPERATING LEVERAGE",
      "detail": "Rev growth +9.4% vs OpEx growth +2.3% (leverage: 4.0x)",
      "severity": "MEDIUM"
    },
    {
      "quarter": "2024-06 (Q2)",
      "signal": "FCF MARGIN EXPANSION",
      "detail": "FCF margin: +11.4% -> +16.9% (+5.5%)",
      "severity": "MEDIUM"
    },
    {
      "quarter": "2024-06 (Q2)",
      "signal": "OPERATING LEVERAGE",
      "detail": "Rev growth +7.4% vs OpEx growth +1.8% (leverage: 4.1x)",
      "severity": "MEDIUM"
    },
    {
      "quarter": "2023-12 (Q4)",
      "signal": "YoY REVENUE GROWTH DECELERATION",
      "detail": "YoY growth: +5.1% vs prior quarter YoY: +10.7% (decel: -5.5%)",
      "severity": "WARNING"
    },
    {
      "quarter": "2023-06 (Q2)",
      "signal": "OPERATING LEVERAGE",
      "detail": "Rev growth +9.7% vs OpEx growth +5.0% (leverage: 1.9x)",
      "severity": "MEDIUM"
    },
    {
      "quarter": "2023-03 (Q1)",
      "signal": "OPERATING LEVERAGE",
      "detail": "Rev growth +1.7% vs OpEx growth +0.2% (leverage: 10.5x)",
      "severity": "MEDIUM"
    },
    {
      "quarter": "2022-09 (Q3)",
      "signal": "FCF MARGIN EXPANSION",
      "detail": "FCF margin: +15.7% -> +21.1% (+5.4%)",
      "severity": "MEDIUM"
    },
    {
      "quarter": "2022-06 (Q2)",
      "signal": "OPERATING LEVERAGE",
      "detail": "Rev growth +11.4% vs OpEx growth +4.6% (leverage: 2.5x)",
      "severity": "MEDIUM"
    },
    {
      "quarter": "2022-03 (Q1)",
      "signal": "YoY REVENUE GROWTH DECELERATION",
      "detail": "YoY growth: +6.6% vs prior quarter YoY: +16.4% (decel: -9.7%)",
      "severity": "WARNING"
    },
    {
      "quarter": "2021-12 (Q4)",
      "signal": "INCREMENTAL MARGIN (YoY)",
      "detail": "YoY Incr OPM: +30.6% vs year-ago OPM: +18.9%",
      "severity": "MEDIUM"
    },
    {
      "quarter": "2021-03 (Q1)",
      "signal": "FCF MARGIN EXPANSION",
      "detail": "FCF margin: +13.6% -> +25.7% (+12.1%)",
      "severity": "MEDIUM"
    },
    {
      "quarter": "2021-03 (Q1)",
      "signal": "OPERATING LEVERAGE",
      "detail": "Rev growth +9.3% vs OpEx growth +1.3% (leverage: 7.4x)",
      "severity": "MEDIUM"
    }
  ],
  "data_quality": {
    "n_quarters": 20,
    "coverage": {
      "revenue": [
        20,
        20
      ],
      "gross_profit": [
        20,
        20
      ],
      "op_income": [
        20,
        20
      ],
      "fcf": [
        20,
        20
      ]
    },
    "gaps": [],
    "warnings": []
  },
  "market_cap": null,
  "source": "SEC EDGAR",
  "last_updated": "2026-02-02T19:52:26.197220"
}