{
  "ticker": "OSCR",
  "name": "Oscar Health, Inc.",
  "quarters": [
    {
      "date": "2020-12-31T00:00:00",
      "quarter_label": "2020-12 (Q4)",
      "revenue": 157673000,
      "gross_profit": null,
      "operating_income": -186837000,
      "net_income": -189870000,
      "opex": null,
      "cogs": null,
      "rd": null,
      "sga": null,
      "fcf": 88983000,
      "ocf": 88983000,
      "capex": null,
      "gross_margin": null,
      "op_margin": -1.1849650859690626,
      "fcf_margin": 0.5643515376760765
    },
    {
      "date": "2021-03-31T00:00:00",
      "quarter_label": "2021-03 (Q1)",
      "revenue": 369388000,
      "gross_profit": null,
      "operating_income": -62531000,
      "net_income": -87371000,
      "opex": null,
      "cogs": null,
      "rd": null,
      "sga": null,
      "fcf": 317691000,
      "ocf": 317691000,
      "capex": null,
      "gross_margin": null,
      "op_margin": -0.1692827054479301,
      "fcf_margin": 0.8600468883667038,
      "fcf_margin_change": 0.29569535069062736
    },
    {
      "date": "2021-06-30T00:00:00",
      "quarter_label": "2021-06 (Q2)",
      "revenue": 529281000,
      "gross_profit": null,
      "operating_income": -72251000,
      "net_income": -73068000,
      "opex": null,
      "cogs": null,
      "rd": null,
      "sga": null,
      "fcf": 55337000,
      "ocf": 55337000,
      "capex": null,
      "gross_margin": null,
      "op_margin": -0.13650782854476168,
      "fcf_margin": 0.10455126860779057,
      "fcf_margin_change": -0.7554956197589133
    },
    {
      "date": "2021-09-30T00:00:00",
      "quarter_label": "2021-09 (Q3)",
      "revenue": 443979000,
      "gross_profit": null,
      "operating_income": -212944000,
      "net_income": -212745000,
      "opex": null,
      "cogs": null,
      "rd": null,
      "sga": null,
      "fcf": -589252000,
      "ocf": -589252000,
      "capex": null,
      "gross_margin": null,
      "op_margin": -0.47962628863076856,
      "fcf_margin": -1.3272069174442935,
      "fcf_margin_change": -1.431758186052084
    },
    {
      "date": "2021-12-31T00:00:00",
      "quarter_label": "2021-12 (Q4)",
      "revenue": 496067000,
      "gross_profit": null,
      "operating_income": -196755000,
      "net_income": -199422000,
      "opex": null,
      "cogs": null,
      "rd": null,
      "sga": null,
      "fcf": 34479000,
      "ocf": 34479000,
      "capex": null,
      "gross_margin": null,
      "op_margin": -0.3966298907204067,
      "fcf_margin": 0.06950472416024449,
      "incr_op_margin_yoy": -0.029309030301955707,
      "rev_growth_yoy": 2.146175946420757,
      "fcf_margin_change": 1.396711641604538
    },
    {
      "date": "2022-03-31T00:00:00",
      "quarter_label": "2022-03 (Q1)",
      "revenue": 972765000,
      "gross_profit": null,
      "operating_income": -68529000,
      "net_income": -75152000,
      "opex": null,
      "cogs": null,
      "rd": null,
      "sga": null,
      "fcf": 562849000,
      "ocf": 562849000,
      "capex": null,
      "gross_margin": null,
      "op_margin": -0.07044764151670753,
      "fcf_margin": 0.5786073717701603,
      "incr_op_margin_yoy": -0.009940716997830544,
      "rev_growth_yoy": 1.6334504640107421,
      "rev_growth_yoy_accel": -0.5127254824100147,
      "fcf_margin_change": 0.5091026476099159
    },
    {
      "date": "2022-06-30T00:00:00",
      "quarter_label": "2022-06 (Q2)",
      "revenue": 1017319000,
      "gross_profit": null,
      "operating_income": -106487000,
      "net_income": -112164000,
      "opex": null,
      "cogs": null,
      "rd": null,
      "sga": null,
      "fcf": 214467000,
      "ocf": 214467000,
      "capex": null,
      "gross_margin": null,
      "op_margin": -0.1046741484234542,
      "fcf_margin": 0.2108158797781227,
      "incr_op_margin_yoy": -0.0701502751834898,
      "rev_growth_yoy": 0.9220773086507923,
      "rev_growth_yoy_accel": -0.7113731553599498,
      "fcf_margin_change": -0.36779149199203764
    },
    {
      "date": "2022-09-30T00:00:00",
      "quarter_label": "2022-09 (Q3)",
      "revenue": 978427000,
      "gross_profit": null,
      "operating_income": -192372000,
      "net_income": -192913000,
      "opex": null,
      "cogs": null,
      "rd": null,
      "sga": null,
      "fcf": -548361000,
      "ocf": -548361000,
      "capex": null,
      "gross_margin": null,
      "op_margin": -0.19661354398437492,
      "fcf_margin": -0.5604516228599579,
      "incr_op_margin_yoy": 0.038492051612130644,
      "rev_growth_yoy": 1.2037686467152726,
      "rev_growth_yoy_accel": 0.2816913380644803,
      "fcf_margin_change": -0.7712675026380805
    },
    {
      "date": "2022-12-31T00:00:00",
      "quarter_label": "2022-12 (Q4)",
      "revenue": 995127000,
      "gross_profit": null,
      "operating_income": -222479000,
      "net_income": -226046000,
      "opex": null,
      "cogs": null,
      "rd": null,
      "sga": null,
      "fcf": 151394000,
      "ocf": 151394000,
      "capex": null,
      "gross_margin": null,
      "op_margin": -0.22356844905223153,
      "fcf_margin": 0.15213535558777924,
      "incr_op_margin_yoy": -0.051544904420310185,
      "rev_growth_yoy": 1.0060334591899884,
      "rev_growth_yoy_accel": -0.19773518752528418,
      "fcf_margin_change": 0.7125869784477371
    },
    {
      "date": "2023-03-31T00:00:00",
      "quarter_label": "2023-03 (Q1)",
      "revenue": 1469685000,
      "gross_profit": null,
      "operating_income": -25365000,
      "net_income": -39772000,
      "opex": null,
      "cogs": null,
      "rd": null,
      "sga": 398519000,
      "fcf": 414715000,
      "ocf": 414715000,
      "capex": null,
      "gross_margin": null,
      "op_margin": -0.017258800355178152,
      "fcf_margin": 0.28217951465790286,
      "incr_op_margin_yoy": 0.08686307655155759,
      "rev_growth_yoy": 0.5108325237852924,
      "rev_growth_yoy_accel": -0.495200935404696,
      "fcf_margin_change": 0.13004415907012362
    },
    {
      "date": "2023-06-30T00:00:00",
      "quarter_label": "2023-06 (Q2)",
      "revenue": 1521535000,
      "gross_profit": null,
      "operating_income": -6529000,
      "net_income": -15528000,
      "opex": null,
      "cogs": null,
      "rd": null,
      "sga": 337244000,
      "fcf": 165524000,
      "ocf": 165524000,
      "capex": null,
      "gross_margin": null,
      "op_margin": -0.00429106132951263,
      "fcf_margin": 0.10878750735277204,
      "incr_op_margin_yoy": 0.19824440319228268,
      "rev_growth_yoy": 0.4956321468487269,
      "rev_growth_yoy_accel": -0.015200376936565507,
      "fcf_margin_change": -0.17339200730513082
    },
    {
      "date": "2023-09-30T00:00:00",
      "quarter_label": "2023-09 (Q3)",
      "revenue": 1439991000,
      "gross_profit": null,
      "operating_income": -58244000,
      "net_income": -65398000,
      "opex": null,
      "cogs": null,
      "rd": null,
      "sga": 325850000,
      "fcf": -1149266000,
      "ocf": -1149266000,
      "capex": null,
      "gross_margin": null,
      "op_margin": -0.04044747501894109,
      "fcf_margin": -0.7981063770537454,
      "incr_op_margin_yoy": 0.2905945870995138,
      "rev_growth_yoy": 0.4717408656956523,
      "rev_growth_yoy_accel": -0.023891281153074595,
      "fcf_margin_change": -0.9068938844065175
    },
    {
      "date": "2023-12-31T00:00:00",
      "quarter_label": "2023-12 (Q4)",
      "revenue": 1431658000,
      "gross_profit": null,
      "operating_income": -145477000,
      "net_income": -150030000,
      "opex": null,
      "cogs": null,
      "rd": null,
      "sga": 364154000,
      "fcf": 296868000,
      "ocf": 296868000,
      "capex": null,
      "gross_margin": null,
      "op_margin": -0.10161435203100182,
      "fcf_margin": 0.20735957889384196,
      "incr_op_margin_yoy": 0.17639526173398912,
      "rev_growth_yoy": 0.4386686322449295,
      "rev_growth_yoy_accel": -0.0330722334507228,
      "fcf_margin_change": 1.0054659559475874
    },
    {
      "date": "2024-03-31T00:00:00",
      "quarter_label": "2024-03 (Q1)",
      "revenue": 2142305000,
      "gross_profit": null,
      "operating_income": 185558000,
      "net_income": 177368000,
      "opex": null,
      "cogs": null,
      "rd": null,
      "sga": 394162000,
      "fcf": 634363000,
      "ocf": 634363000,
      "capex": null,
      "gross_margin": null,
      "op_margin": 0.08661605140257807,
      "fcf_margin": 0.2961123649527028,
      "incr_op_margin_yoy": 0.31358419315512476,
      "rev_growth_yoy": 0.45766269642814617,
      "rev_growth_yoy_accel": 0.01899406418321664,
      "fcf_margin_change": 0.08875278605886086
    },
    {
      "date": "2024-06-30T00:00:00",
      "quarter_label": "2024-06 (Q2)",
      "revenue": 2219341000,
      "gross_profit": null,
      "operating_income": 67812000,
      "net_income": 56207000,
      "opex": null,
      "cogs": null,
      "rd": null,
      "sga": 435206000,
      "fcf": 497151000,
      "ocf": 497151000,
      "capex": null,
      "gross_margin": null,
      "op_margin": 0.030555016106132406,
      "fcf_margin": 0.22400838807555937,
      "incr_op_margin_yoy": 0.10653534076806448,
      "rev_growth_yoy": 0.45861974913491965,
      "rev_growth_yoy_accel": 0.0009570527067734869,
      "fcf_margin_change": -0.07210397687714346
    },
    {
      "date": "2024-09-30T00:00:00",
      "quarter_label": "2024-09 (Q3)",
      "revenue": 2423482000,
      "gross_profit": null,
      "operating_income": -48374000,
      "net_income": -54596000,
      "opex": null,
      "cogs": null,
      "rd": null,
      "sga": 460377000,
      "fcf": -500141000,
      "ocf": -500141000,
      "capex": null,
      "gross_margin": null,
      "op_margin": -0.019960536121167806,
      "fcf_margin": -0.2063728965183154,
      "incr_op_margin_yoy": 0.010035679025024124,
      "rev_growth_yoy": 0.6829841297619221,
      "rev_growth_yoy_accel": 0.22436438062700248,
      "fcf_margin_change": -0.43038128459387476
    },
    {
      "date": "2024-12-31T00:00:00",
      "quarter_label": "2024-12 (Q4)",
      "revenue": 2392436000,
      "gross_profit": null,
      "operating_income": -147731000,
      "net_income": -153547000,
      "opex": null,
      "cogs": null,
      "rd": null,
      "sga": 465820000,
      "fcf": 346820000,
      "ocf": 346820000,
      "capex": null,
      "gross_margin": null,
      "op_margin": -0.0617491962167431,
      "fcf_margin": 0.14496521537044252,
      "incr_op_margin_yoy": -0.0023460154166727383,
      "rev_growth_yoy": 0.6710946329360783,
      "rev_growth_yoy_accel": -0.011889496825843837,
      "fcf_margin_change": 0.3513381118887579
    },
    {
      "date": "2025-03-31T00:00:00",
      "quarter_label": "2025-03 (Q1)",
      "revenue": 3046263000,
      "gross_profit": null,
      "operating_income": 297123000,
      "net_income": 275271000,
      "opex": null,
      "cogs": null,
      "rd": null,
      "sga": 482759000,
      "fcf": 878542000,
      "ocf": 878542000,
      "capex": null,
      "gross_margin": null,
      "op_margin": 0.09753688371621229,
      "fcf_margin": 0.28839991819485056,
      "incr_op_margin_yoy": 0.12341834465760577,
      "rev_growth_yoy": 0.4219557906087135,
      "rev_growth_yoy_accel": -0.24913884232736477,
      "fcf_margin_change": 0.14343470282440804
    },
    {
      "date": "2025-06-30T00:00:00",
      "quarter_label": "2025-06 (Q2)",
      "revenue": 2863945000,
      "gross_profit": null,
      "operating_income": -230483000,
      "net_income": -228361000,
      "opex": null,
      "cogs": null,
      "rd": null,
      "sga": 534485000,
      "fcf": 509067000,
      "ocf": 509067000,
      "capex": null,
      "gross_margin": null,
      "op_margin": -0.08047745330304877,
      "fcf_margin": 0.17775027104221625,
      "incr_op_margin_yoy": -0.46275697947887384,
      "rev_growth_yoy": 0.2904483808481887,
      "rev_growth_yoy_accel": -0.13150740976052483,
      "fcf_margin_change": -0.11064964715263431
    },
    {
      "date": "2025-09-30T00:00:00",
      "quarter_label": "2025-09 (Q3)",
      "revenue": 2985984000,
      "gross_profit": null,
      "operating_income": -129250000,
      "net_income": -137450000,
      "opex": null,
      "cogs": null,
      "rd": null,
      "sga": 521592000,
      "fcf": -964658000,
      "ocf": -964658000,
      "capex": null,
      "gross_margin": null,
      "op_margin": -0.04328556348593964,
      "fcf_margin": -0.3230620123885459,
      "incr_op_margin_yoy": -0.14377904434117567,
      "rev_growth_yoy": 0.23210488049839034,
      "rev_growth_yoy_accel": -0.05834350034979835,
      "fcf_margin_change": -0.5008122834307622
    }
  ],
  "signals": [
    {
      "quarter": "2025-09 (Q3)",
      "signal": "YoY REVENUE GROWTH DECELERATION",
      "detail": "YoY growth: +23.2% vs prior quarter YoY: +29.0% (decel: -5.8%)",
      "severity": "WARNING"
    },
    {
      "quarter": "2025-06 (Q2)",
      "signal": "YoY REVENUE GROWTH DECELERATION",
      "detail": "YoY growth: +29.0% vs prior quarter YoY: +42.2% (decel: -13.2%)",
      "severity": "WARNING"
    },
    {
      "quarter": "2025-03 (Q1)",
      "signal": "FCF MARGIN EXPANSION",
      "detail": "FCF margin: +14.5% -> +28.8% (+14.3%)",
      "severity": "MEDIUM"
    },
    {
      "quarter": "2025-03 (Q1)",
      "signal": "YoY REVENUE GROWTH DECELERATION",
      "detail": "YoY growth: +42.2% vs prior quarter YoY: +67.1% (decel: -24.9%)",
      "severity": "WARNING"
    },
    {
      "quarter": "2025-03 (Q1)",
      "signal": "OP MARGIN TURNED POSITIVE (QoQ)",
      "detail": "Op margin: -6.2% -> +9.8%",
      "severity": "HIGH"
    },
    {
      "quarter": "2024-12 (Q4)",
      "signal": "FCF TURNED POSITIVE",
      "detail": "FCF margin: -20.6% -> +14.5%",
      "severity": "HIGH"
    },
    {
      "quarter": "2024-09 (Q3)",
      "signal": "YoY REVENUE GROWTH ACCELERATION",
      "detail": "YoY growth: +68.3% vs prior quarter YoY: +45.9% (accel: +22.4%)",
      "severity": "HIGH"
    },
    {
      "quarter": "2024-06 (Q2)",
      "signal": "OP MARGIN TURNED POSITIVE (YoY)",
      "detail": "Op margin: -0.4% (year-ago) -> +3.1%",
      "severity": "HIGH"
    },
    {
      "quarter": "2024-03 (Q1)",
      "signal": "FCF MARGIN EXPANSION",
      "detail": "FCF margin: +20.7% -> +29.6% (+8.9%)",
      "severity": "MEDIUM"
    },
    {
      "quarter": "2024-03 (Q1)",
      "signal": "OP MARGIN TURNED POSITIVE (YoY)",
      "detail": "Op margin: -1.7% (year-ago) -> +8.7%",
      "severity": "HIGH"
    },
    {
      "quarter": "2024-03 (Q1)",
      "signal": "OP MARGIN TURNED POSITIVE (QoQ)",
      "detail": "Op margin: -10.2% -> +8.7%",
      "severity": "HIGH"
    },
    {
      "quarter": "2023-12 (Q4)",
      "signal": "FCF TURNED POSITIVE",
      "detail": "FCF margin: -79.8% -> +20.7%",
      "severity": "HIGH"
    },
    {
      "quarter": "2023-03 (Q1)",
      "signal": "FCF MARGIN EXPANSION",
      "detail": "FCF margin: +15.2% -> +28.2% (+13.0%)",
      "severity": "MEDIUM"
    },
    {
      "quarter": "2023-03 (Q1)",
      "signal": "YoY REVENUE GROWTH DECELERATION",
      "detail": "YoY growth: +51.1% vs prior quarter YoY: +100.6% (decel: -49.5%)",
      "severity": "WARNING"
    },
    {
      "quarter": "2022-12 (Q4)",
      "signal": "FCF TURNED POSITIVE",
      "detail": "FCF margin: -56.0% -> +15.2%",
      "severity": "HIGH"
    },
    {
      "quarter": "2022-12 (Q4)",
      "signal": "YoY REVENUE GROWTH DECELERATION",
      "detail": "YoY growth: +100.6% vs prior quarter YoY: +120.4% (decel: -19.8%)",
      "severity": "WARNING"
    },
    {
      "quarter": "2022-09 (Q3)",
      "signal": "YoY REVENUE GROWTH ACCELERATION",
      "detail": "YoY growth: +120.4% vs prior quarter YoY: +92.2% (accel: +28.2%)",
      "severity": "HIGH"
    },
    {
      "quarter": "2022-06 (Q2)",
      "signal": "YoY REVENUE GROWTH DECELERATION",
      "detail": "YoY growth: +92.2% vs prior quarter YoY: +163.3% (decel: -71.1%)",
      "severity": "WARNING"
    },
    {
      "quarter": "2022-03 (Q1)",
      "signal": "FCF MARGIN EXPANSION",
      "detail": "FCF margin: +7.0% -> +57.9% (+50.9%)",
      "severity": "MEDIUM"
    },
    {
      "quarter": "2022-03 (Q1)",
      "signal": "YoY REVENUE GROWTH DECELERATION",
      "detail": "YoY growth: +163.3% vs prior quarter YoY: +214.6% (decel: -51.3%)",
      "severity": "WARNING"
    },
    {
      "quarter": "2021-12 (Q4)",
      "signal": "FCF TURNED POSITIVE",
      "detail": "FCF margin: -132.7% -> +7.0%",
      "severity": "HIGH"
    },
    {
      "quarter": "2021-03 (Q1)",
      "signal": "FCF MARGIN EXPANSION",
      "detail": "FCF margin: +56.4% -> +86.0% (+29.6%)",
      "severity": "MEDIUM"
    }
  ],
  "data_quality": {
    "n_quarters": 20,
    "coverage": {
      "revenue": [
        20,
        20
      ],
      "gross_profit": [
        0,
        20
      ],
      "op_income": [
        20,
        20
      ],
      "fcf": [
        20,
        20
      ]
    },
    "gaps": [],
    "warnings": [
      "gross_profit: no data"
    ]
  },
  "market_cap": null,
  "source": "SEC EDGAR",
  "last_updated": "2026-02-02T21:10:51.040686"
}