{
  "ticker": "OSG",
  "name": "AMBAC FINANCIAL GROUP, INC.",
  "quarters": [
    {
      "date": "2020-12-31T00:00:00",
      "quarter_label": "2020-12 (Q4)",
      "revenue": 88000000,
      "gross_profit": null,
      "operating_income": null,
      "net_income": -14000000,
      "opex": null,
      "cogs": null,
      "rd": null,
      "sga": null,
      "fcf": -8000000,
      "ocf": -8000000,
      "capex": null,
      "gross_margin": null,
      "op_margin": null,
      "fcf_margin": -0.09090909090909091
    },
    {
      "date": "2021-03-31T00:00:00",
      "quarter_label": "2021-03 (Q1)",
      "revenue": 129000000,
      "gross_profit": null,
      "operating_income": null,
      "net_income": 17000000,
      "opex": 29000000,
      "cogs": null,
      "rd": null,
      "sga": null,
      "fcf": -40000000,
      "ocf": -40000000,
      "capex": null,
      "gross_margin": null,
      "op_margin": null,
      "fcf_margin": -0.31007751937984496,
      "fcf_margin_change": -0.21916842847075405
    },
    {
      "date": "2021-06-30T00:00:00",
      "quarter_label": "2021-06 (Q2)",
      "revenue": 49000000,
      "gross_profit": null,
      "operating_income": null,
      "net_income": -29000000,
      "opex": 24000000,
      "cogs": null,
      "rd": null,
      "sga": null,
      "fcf": -43000000,
      "ocf": -43000000,
      "capex": null,
      "gross_margin": null,
      "op_margin": null,
      "fcf_margin": -0.8775510204081632,
      "fcf_margin_change": -0.5674735010283183
    },
    {
      "date": "2021-09-30T00:00:00",
      "quarter_label": "2021-09 (Q3)",
      "revenue": 51000000,
      "gross_profit": null,
      "operating_income": null,
      "net_income": 17000000,
      "opex": 32000000,
      "cogs": null,
      "rd": null,
      "sga": null,
      "fcf": -53000000,
      "ocf": -53000000,
      "capex": null,
      "gross_margin": null,
      "op_margin": null,
      "fcf_margin": -1.0392156862745099,
      "op_leverage_ratio": 0.12244897959183673,
      "fcf_margin_change": -0.16166466586634665
    },
    {
      "date": "2021-12-31T00:00:00",
      "quarter_label": "2021-12 (Q4)",
      "revenue": 53000000,
      "gross_profit": null,
      "operating_income": null,
      "net_income": -22000000,
      "opex": null,
      "cogs": null,
      "rd": null,
      "sga": null,
      "fcf": 5000000,
      "ocf": 5000000,
      "capex": null,
      "gross_margin": null,
      "op_margin": null,
      "fcf_margin": 0.09433962264150944,
      "rev_growth_yoy": -0.3977272727272727,
      "fcf_margin_change": 1.1335553089160193
    },
    {
      "date": "2022-03-31T00:00:00",
      "quarter_label": "2022-03 (Q1)",
      "revenue": 119000000,
      "gross_profit": null,
      "operating_income": null,
      "net_income": 2000000,
      "opex": 29000000,
      "cogs": null,
      "rd": null,
      "sga": null,
      "fcf": 9000000,
      "ocf": 9000000,
      "capex": null,
      "gross_margin": null,
      "op_margin": null,
      "fcf_margin": 0.07563025210084033,
      "rev_growth_yoy": -0.07751937984496124,
      "rev_growth_yoy_accel": 0.32020789288231144,
      "fcf_margin_change": -0.01870937054066911
    },
    {
      "date": "2022-06-30T00:00:00",
      "quarter_label": "2022-06 (Q2)",
      "revenue": 86000000,
      "gross_profit": null,
      "operating_income": null,
      "net_income": 5000000,
      "opex": 29000000,
      "cogs": null,
      "rd": null,
      "sga": null,
      "fcf": 2000000,
      "ocf": 2000000,
      "capex": null,
      "gross_margin": null,
      "op_margin": null,
      "fcf_margin": 0.023255813953488372,
      "rev_growth_yoy": 0.7551020408163265,
      "rev_growth_yoy_accel": 0.8326214206612877,
      "fcf_margin_change": -0.05237443814735196
    },
    {
      "date": "2022-09-30T00:00:00",
      "quarter_label": "2022-09 (Q3)",
      "revenue": 80000000,
      "gross_profit": null,
      "operating_income": null,
      "net_income": 340000000,
      "opex": 37000000,
      "cogs": null,
      "rd": null,
      "sga": null,
      "fcf": 48000000,
      "ocf": 48000000,
      "capex": null,
      "gross_margin": null,
      "op_margin": null,
      "fcf_margin": 0.6,
      "rev_growth_yoy": 0.5686274509803921,
      "rev_growth_yoy_accel": -0.18647458983593435,
      "fcf_margin_change": 0.5767441860465116
    },
    {
      "date": "2022-12-31T00:00:00",
      "quarter_label": "2022-12 (Q4)",
      "revenue": 219000000,
      "gross_profit": null,
      "operating_income": null,
      "net_income": 175000000,
      "opex": null,
      "cogs": null,
      "rd": null,
      "sga": null,
      "fcf": 1276000000,
      "ocf": 1276000000,
      "capex": null,
      "gross_margin": null,
      "op_margin": null,
      "fcf_margin": 5.82648401826484,
      "rev_growth_yoy": 3.1320754716981134,
      "rev_growth_yoy_accel": 2.563448020717721,
      "fcf_margin_change": 5.22648401826484
    },
    {
      "date": "2023-03-31T00:00:00",
      "quarter_label": "2023-03 (Q1)",
      "revenue": 58000000,
      "gross_profit": null,
      "operating_income": null,
      "net_income": -33000000,
      "opex": null,
      "cogs": null,
      "rd": null,
      "sga": null,
      "fcf": 77000000,
      "ocf": 77000000,
      "capex": null,
      "gross_margin": null,
      "op_margin": null,
      "fcf_margin": 1.3275862068965518,
      "rev_growth_yoy": -0.5126050420168067,
      "rev_growth_yoy_accel": -3.64468051371492,
      "fcf_margin_change": -4.4988978113682885
    },
    {
      "date": "2023-06-30T00:00:00",
      "quarter_label": "2023-06 (Q2)",
      "revenue": 62000000,
      "gross_profit": null,
      "operating_income": null,
      "net_income": -13000000,
      "opex": null,
      "cogs": null,
      "rd": null,
      "sga": null,
      "fcf": 24000000,
      "ocf": 24000000,
      "capex": null,
      "gross_margin": null,
      "op_margin": null,
      "fcf_margin": 0.3870967741935484,
      "rev_growth_yoy": -0.27906976744186046,
      "rev_growth_yoy_accel": 0.23353527457494622,
      "fcf_margin_change": -0.9404894327030034
    },
    {
      "date": "2023-09-30T00:00:00",
      "quarter_label": "2023-09 (Q3)",
      "revenue": 74000000,
      "gross_profit": null,
      "operating_income": null,
      "net_income": 66000000,
      "opex": null,
      "cogs": null,
      "rd": null,
      "sga": null,
      "fcf": 11000000,
      "ocf": 11000000,
      "capex": null,
      "gross_margin": null,
      "op_margin": null,
      "fcf_margin": 0.14864864864864866,
      "rev_growth_yoy": -0.075,
      "rev_growth_yoy_accel": 0.20406976744186045,
      "fcf_margin_change": -0.23844812554489972
    },
    {
      "date": "2023-12-31T00:00:00",
      "quarter_label": "2023-12 (Q4)",
      "revenue": 75000000,
      "gross_profit": null,
      "operating_income": null,
      "net_income": -15688000,
      "opex": null,
      "cogs": null,
      "rd": null,
      "sga": null,
      "fcf": 88000000,
      "ocf": 88000000,
      "capex": null,
      "gross_margin": null,
      "op_margin": null,
      "fcf_margin": 1.1733333333333333,
      "rev_growth_yoy": -0.6575342465753424,
      "rev_growth_yoy_accel": -0.5825342465753425,
      "fcf_margin_change": 1.0246846846846847
    },
    {
      "date": "2024-03-31T00:00:00",
      "quarter_label": "2024-03 (Q1)",
      "revenue": 103000000,
      "gross_profit": null,
      "operating_income": null,
      "net_income": 20000000,
      "opex": null,
      "cogs": null,
      "rd": null,
      "sga": null,
      "fcf": 7071000,
      "ocf": 7071000,
      "capex": null,
      "gross_margin": null,
      "op_margin": null,
      "fcf_margin": 0.0686504854368932,
      "rev_growth_yoy": 0.7758620689655172,
      "rev_growth_yoy_accel": 1.4333963155408598,
      "fcf_margin_change": -1.1046828478964401
    },
    {
      "date": "2024-06-30T00:00:00",
      "quarter_label": "2024-06 (Q2)",
      "revenue": 105000000,
      "gross_profit": null,
      "operating_income": null,
      "net_income": -1000000,
      "opex": null,
      "cogs": null,
      "rd": null,
      "sga": null,
      "fcf": 20410000,
      "ocf": 20410000,
      "capex": null,
      "gross_margin": null,
      "op_margin": null,
      "fcf_margin": 0.19438095238095238,
      "rev_growth_yoy": 0.6935483870967742,
      "rev_growth_yoy_accel": -0.082313681868743,
      "fcf_margin_change": 0.12573046694405918
    },
    {
      "date": "2024-09-30T00:00:00",
      "quarter_label": "2024-09 (Q3)",
      "revenue": 114000000,
      "gross_profit": null,
      "operating_income": null,
      "net_income": -28000000,
      "opex": null,
      "cogs": null,
      "rd": null,
      "sga": null,
      "fcf": 48913000,
      "ocf": 48913000,
      "capex": null,
      "gross_margin": null,
      "op_margin": null,
      "fcf_margin": 0.4290614035087719,
      "rev_growth_yoy": 0.5405405405405406,
      "rev_growth_yoy_accel": -0.15300784655623367,
      "fcf_margin_change": 0.23468045112781954
    },
    {
      "date": "2024-12-31T00:00:00",
      "quarter_label": "2024-12 (Q4)",
      "revenue": -85185000,
      "gross_profit": null,
      "operating_income": null,
      "net_income": -548265000,
      "opex": null,
      "cogs": null,
      "rd": null,
      "sga": null,
      "fcf": null,
      "ocf": null,
      "capex": null,
      "gross_margin": null,
      "op_margin": null,
      "fcf_margin": null,
      "rev_growth_yoy": -2.1358,
      "rev_growth_yoy_accel": -2.676340540540541
    },
    {
      "date": "2025-03-31T00:00:00",
      "quarter_label": "2025-03 (Q1)",
      "revenue": 62756000,
      "gross_profit": null,
      "operating_income": null,
      "net_income": -44737000,
      "opex": null,
      "cogs": null,
      "rd": null,
      "sga": null,
      "fcf": -12612000,
      "ocf": -12612000,
      "capex": null,
      "gross_margin": null,
      "op_margin": null,
      "fcf_margin": -0.20096883166549812,
      "rev_growth_yoy": -0.39071844660194177,
      "rev_growth_yoy_accel": 1.7450815533980584
    },
    {
      "date": "2025-06-30T00:00:00",
      "quarter_label": "2025-06 (Q2)",
      "revenue": 54957000,
      "gross_profit": null,
      "operating_income": null,
      "net_income": -72699000,
      "opex": null,
      "cogs": null,
      "rd": null,
      "sga": null,
      "fcf": 2149000,
      "ocf": 2149000,
      "capex": null,
      "gross_margin": null,
      "op_margin": null,
      "fcf_margin": 0.03910329894280983,
      "rev_growth_yoy": -0.4766,
      "rev_growth_yoy_accel": -0.08588155339805825,
      "fcf_margin_change": 0.24007213060830795
    },
    {
      "date": "2025-09-30T00:00:00",
      "quarter_label": "2025-09 (Q3)",
      "revenue": 66606000,
      "gross_profit": null,
      "operating_income": null,
      "net_income": -112620000,
      "opex": null,
      "cogs": null,
      "rd": null,
      "sga": null,
      "fcf": -41154000,
      "ocf": -41154000,
      "capex": null,
      "gross_margin": null,
      "op_margin": null,
      "fcf_margin": -0.6178722637600216,
      "rev_growth_yoy": -0.4157368421052632,
      "rev_growth_yoy_accel": 0.06086315789473684,
      "fcf_margin_change": -0.6569755627028314
    }
  ],
  "signals": [
    {
      "quarter": "2025-09 (Q3)",
      "signal": "YoY REVENUE GROWTH ACCELERATION",
      "detail": "YoY growth: -41.6% vs prior quarter YoY: -47.7% (accel: +6.1%)",
      "severity": "MEDIUM"
    },
    {
      "quarter": "2025-06 (Q2)",
      "signal": "FCF TURNED POSITIVE",
      "detail": "FCF margin: -20.1% -> +3.9%",
      "severity": "HIGH"
    },
    {
      "quarter": "2025-06 (Q2)",
      "signal": "YoY REVENUE GROWTH DECELERATION",
      "detail": "YoY growth: -47.7% vs prior quarter YoY: -39.1% (decel: -8.6%)",
      "severity": "WARNING"
    },
    {
      "quarter": "2025-03 (Q1)",
      "signal": "YoY REVENUE GROWTH ACCELERATION",
      "detail": "YoY growth: -39.1% vs prior quarter YoY: -213.6% (accel: +174.5%)",
      "severity": "HIGH"
    },
    {
      "quarter": "2024-12 (Q4)",
      "signal": "YoY REVENUE GROWTH DECELERATION",
      "detail": "YoY growth: -213.6% vs prior quarter YoY: +54.1% (decel: -267.6%)",
      "severity": "WARNING"
    },
    {
      "quarter": "2024-09 (Q3)",
      "signal": "FCF MARGIN EXPANSION",
      "detail": "FCF margin: +19.4% -> +42.9% (+23.5%)",
      "severity": "MEDIUM"
    },
    {
      "quarter": "2024-09 (Q3)",
      "signal": "YoY REVENUE GROWTH DECELERATION",
      "detail": "YoY growth: +54.1% vs prior quarter YoY: +69.4% (decel: -15.3%)",
      "severity": "WARNING"
    },
    {
      "quarter": "2024-06 (Q2)",
      "signal": "FCF MARGIN EXPANSION",
      "detail": "FCF margin: +6.9% -> +19.4% (+12.6%)",
      "severity": "MEDIUM"
    },
    {
      "quarter": "2024-06 (Q2)",
      "signal": "YoY REVENUE GROWTH DECELERATION",
      "detail": "YoY growth: +69.4% vs prior quarter YoY: +77.6% (decel: -8.2%)",
      "severity": "WARNING"
    },
    {
      "quarter": "2024-03 (Q1)",
      "signal": "YoY REVENUE GROWTH ACCELERATION",
      "detail": "YoY growth: +77.6% vs prior quarter YoY: -65.8% (accel: +143.3%)",
      "severity": "HIGH"
    },
    {
      "quarter": "2023-12 (Q4)",
      "signal": "FCF MARGIN EXPANSION",
      "detail": "FCF margin: +14.9% -> +117.3% (+102.5%)",
      "severity": "MEDIUM"
    },
    {
      "quarter": "2023-12 (Q4)",
      "signal": "YoY REVENUE GROWTH DECELERATION",
      "detail": "YoY growth: -65.8% vs prior quarter YoY: -7.5% (decel: -58.3%)",
      "severity": "WARNING"
    },
    {
      "quarter": "2023-09 (Q3)",
      "signal": "YoY REVENUE GROWTH ACCELERATION",
      "detail": "YoY growth: -7.5% vs prior quarter YoY: -27.9% (accel: +20.4%)",
      "severity": "HIGH"
    },
    {
      "quarter": "2023-06 (Q2)",
      "signal": "YoY REVENUE GROWTH ACCELERATION",
      "detail": "YoY growth: -27.9% vs prior quarter YoY: -51.3% (accel: +23.4%)",
      "severity": "HIGH"
    },
    {
      "quarter": "2023-03 (Q1)",
      "signal": "YoY REVENUE GROWTH DECELERATION",
      "detail": "YoY growth: -51.3% vs prior quarter YoY: +313.2% (decel: -364.5%)",
      "severity": "WARNING"
    },
    {
      "quarter": "2022-12 (Q4)",
      "signal": "FCF MARGIN EXPANSION",
      "detail": "FCF margin: +60.0% -> +582.6% (+522.6%)",
      "severity": "MEDIUM"
    },
    {
      "quarter": "2022-12 (Q4)",
      "signal": "YoY REVENUE GROWTH ACCELERATION",
      "detail": "YoY growth: +313.2% vs prior quarter YoY: +56.9% (accel: +256.3%)",
      "severity": "HIGH"
    },
    {
      "quarter": "2022-09 (Q3)",
      "signal": "FCF MARGIN EXPANSION",
      "detail": "FCF margin: +2.3% -> +60.0% (+57.7%)",
      "severity": "MEDIUM"
    },
    {
      "quarter": "2022-09 (Q3)",
      "signal": "YoY REVENUE GROWTH DECELERATION",
      "detail": "YoY growth: +56.9% vs prior quarter YoY: +75.5% (decel: -18.6%)",
      "severity": "WARNING"
    },
    {
      "quarter": "2022-06 (Q2)",
      "signal": "YoY REVENUE GROWTH ACCELERATION",
      "detail": "YoY growth: +75.5% vs prior quarter YoY: -7.8% (accel: +83.3%)",
      "severity": "HIGH"
    },
    {
      "quarter": "2022-03 (Q1)",
      "signal": "YoY REVENUE GROWTH ACCELERATION",
      "detail": "YoY growth: -7.8% vs prior quarter YoY: -39.8% (accel: +32.0%)",
      "severity": "HIGH"
    },
    {
      "quarter": "2021-12 (Q4)",
      "signal": "FCF TURNED POSITIVE",
      "detail": "FCF margin: -103.9% -> +9.4%",
      "severity": "HIGH"
    }
  ],
  "data_quality": {
    "n_quarters": 20,
    "coverage": {
      "revenue": [
        20,
        20
      ],
      "gross_profit": [
        0,
        20
      ],
      "op_income": [
        0,
        20
      ],
      "fcf": [
        19,
        20
      ]
    },
    "gaps": [],
    "warnings": [
      "gross_profit: no data",
      "op_income: no data"
    ]
  },
  "market_cap": null,
  "source": "SEC EDGAR",
  "last_updated": "2026-02-03T00:39:24.849615"
}