{
  "ticker": "OSW",
  "name": "OneSpaWorld Holdings Limited",
  "sector": "Consumer Cyclical",
  "industry": "Leisure",
  "quarters": [
    {
      "date": "2021-03-31T00:00:00",
      "quarter_label": "2021-03 (Q1)",
      "revenue": 5590000,
      "gross_profit": null,
      "operating_income": -18891000,
      "net_income": -45568000,
      "opex": 24481000,
      "cogs": null,
      "rd": null,
      "sga": null,
      "fcf": -9058000,
      "ocf": -9058000,
      "capex": null,
      "gross_margin": null,
      "op_margin": -3.379427549194991,
      "fcf_margin": -1.6203935599284436
    },
    {
      "date": "2021-06-30T00:00:00",
      "quarter_label": "2021-06 (Q2)",
      "revenue": 9155000,
      "gross_profit": null,
      "operating_income": -16966000,
      "net_income": 305000,
      "opex": 26121000,
      "cogs": null,
      "rd": null,
      "sga": null,
      "fcf": -10616000,
      "ocf": -10616000,
      "capex": null,
      "gross_margin": null,
      "op_margin": -1.853194975423266,
      "fcf_margin": -1.159584926269798,
      "op_leverage_ratio": 9.51991415419521,
      "fcf_margin_change": 0.46080863365864566
    },
    {
      "date": "2021-09-30T00:00:00",
      "quarter_label": "2021-09 (Q3)",
      "revenue": 43635000,
      "gross_profit": null,
      "operating_income": -12162000,
      "net_income": -12342000,
      "opex": 55797000,
      "cogs": null,
      "rd": null,
      "sga": null,
      "fcf": -11786000,
      "ocf": -11786000,
      "capex": null,
      "gross_margin": null,
      "op_margin": -0.2787212100378137,
      "fcf_margin": -0.2701042740918987,
      "op_leverage_ratio": 3.3150749006804894,
      "fcf_margin_change": 0.8894806521778993
    },
    {
      "date": "2021-12-31T00:00:00",
      "quarter_label": "2021-12 (Q4)",
      "revenue": 85651000,
      "gross_profit": null,
      "operating_income": -4041000,
      "net_income": -10917000,
      "opex": 89692000,
      "cogs": null,
      "rd": null,
      "sga": null,
      "fcf": -3644000,
      "ocf": -3644000,
      "capex": null,
      "gross_margin": null,
      "op_margin": -0.047179834444431475,
      "fcf_margin": -0.04254474553712157,
      "op_leverage_ratio": 1.5850936822820114,
      "fcf_margin_change": 0.22755952855477712
    },
    {
      "date": "2022-03-31T00:00:00",
      "quarter_label": "2022-03 (Q1)",
      "revenue": 87663000,
      "gross_profit": null,
      "operating_income": -6422000,
      "net_income": -6316000,
      "opex": 94085000,
      "cogs": null,
      "rd": null,
      "sga": null,
      "fcf": -561000,
      "ocf": -561000,
      "capex": null,
      "gross_margin": null,
      "op_margin": -0.07325781686686515,
      "fcf_margin": -0.006399507203723349,
      "incr_op_margin_yoy": 0.15192572465975412,
      "rev_growth_yoy": 14.68211091234347,
      "op_leverage_ratio": 0.47960979442344553,
      "fcf_margin_change": 0.03614523833339822
    },
    {
      "date": "2022-06-30T00:00:00",
      "quarter_label": "2022-06 (Q2)",
      "revenue": 127382000,
      "gross_profit": null,
      "operating_income": 1024000,
      "net_income": 55894000,
      "opex": 126358000,
      "cogs": null,
      "rd": null,
      "sga": null,
      "fcf": 4926000,
      "ocf": 4926000,
      "capex": null,
      "gross_margin": null,
      "op_margin": 0.008038812391075663,
      "fcf_margin": 0.038671083826600304,
      "incr_op_margin_yoy": 0.15216490311011868,
      "rev_growth_yoy": 12.913926815947569,
      "rev_growth_yoy_accel": -1.7681840963959008,
      "op_leverage_ratio": 1.3208789771057856,
      "fcf_margin_change": 0.04507059103032365
    },
    {
      "date": "2022-09-30T00:00:00",
      "quarter_label": "2022-09 (Q3)",
      "revenue": 162292000,
      "gross_profit": null,
      "operating_income": 9831000,
      "net_income": 5911000,
      "opex": 152461000,
      "cogs": null,
      "rd": null,
      "sga": null,
      "fcf": 12521000,
      "ocf": 12521000,
      "capex": null,
      "gross_margin": null,
      "op_margin": 0.06057599881694723,
      "fcf_margin": 0.07715106105045227,
      "incr_op_margin_yoy": 0.18534936834742155,
      "rev_growth_yoy": 2.7193078950383867,
      "rev_growth_yoy_accel": -10.194618920909182,
      "op_leverage_ratio": 1.3266431084330363,
      "fcf_margin_change": 0.03847997722385197
    },
    {
      "date": "2022-12-31T00:00:00",
      "quarter_label": "2022-12 (Q4)",
      "revenue": 168922000,
      "gross_profit": null,
      "operating_income": 10705000,
      "net_income": -2330000,
      "opex": 158217000,
      "cogs": null,
      "rd": null,
      "sga": null,
      "fcf": 7877000,
      "ocf": 7877000,
      "capex": null,
      "gross_margin": null,
      "op_margin": 0.06337244408661986,
      "fcf_margin": 0.04663098945075242,
      "incr_op_margin_yoy": 0.17708445917546325,
      "rev_growth_yoy": 0.972212817129981,
      "rev_growth_yoy_accel": -1.7470950779084058,
      "op_leverage_ratio": 1.0820676038644266,
      "fcf_margin_change": -0.030520071599699855
    },
    {
      "date": "2023-03-31T00:00:00",
      "quarter_label": "2023-03 (Q1)",
      "revenue": 182455000,
      "gross_profit": null,
      "operating_income": 11165000,
      "net_income": -15904000,
      "opex": 171290000,
      "cogs": null,
      "rd": null,
      "sga": null,
      "fcf": 2192000,
      "ocf": 2192000,
      "capex": null,
      "gross_margin": null,
      "op_margin": 0.061193170918856704,
      "fcf_margin": 0.012013921240853908,
      "incr_op_margin_yoy": 0.18553253439108786,
      "rev_growth_yoy": 1.0813227929685272,
      "rev_growth_yoy_accel": 0.1091099758385462,
      "op_leverage_ratio": 0.9695846947277422,
      "fcf_margin_change": -0.03461706820989851
    },
    {
      "date": "2023-06-30T00:00:00",
      "quarter_label": "2023-06 (Q2)",
      "revenue": 200513000,
      "gross_profit": null,
      "operating_income": 13435000,
      "net_income": -3177000,
      "opex": 187078000,
      "cogs": null,
      "rd": null,
      "sga": null,
      "fcf": 25280000,
      "ocf": 25280000,
      "capex": null,
      "gross_margin": null,
      "op_margin": 0.06700313695371372,
      "fcf_margin": 0.12607661348640736,
      "incr_op_margin_yoy": 0.16970915206957377,
      "rev_growth_yoy": 0.5741078017302288,
      "rev_growth_yoy_accel": -0.5072149912382984,
      "op_leverage_ratio": 1.0737885558365394,
      "fcf_margin_change": 0.11406269224555346
    },
    {
      "date": "2023-09-30T00:00:00",
      "quarter_label": "2023-09 (Q3)",
      "revenue": 216271000,
      "gross_profit": null,
      "operating_income": 16954000,
      "net_income": 23411000,
      "opex": 199317000,
      "cogs": null,
      "rd": null,
      "sga": null,
      "fcf": 18865000,
      "ocf": 18865000,
      "capex": null,
      "gross_margin": null,
      "op_margin": 0.07839238732886054,
      "fcf_margin": 0.08722852347286507,
      "incr_op_margin_yoy": 0.131958724689231,
      "rev_growth_yoy": 0.3326041949079437,
      "rev_growth_yoy_accel": -0.2415036068222851,
      "op_leverage_ratio": 1.20125537771741,
      "fcf_margin_change": -0.038848090013542294
    },
    {
      "date": "2023-12-31T00:00:00",
      "quarter_label": "2023-12 (Q4)",
      "revenue": 194806000,
      "gross_profit": null,
      "operating_income": 12618000,
      "net_income": -7304000,
      "opex": 182188000,
      "cogs": null,
      "rd": null,
      "sga": null,
      "fcf": 17039000,
      "ocf": 17039000,
      "capex": null,
      "gross_margin": null,
      "op_margin": 0.06477213227518659,
      "fcf_margin": 0.08746650513844542,
      "incr_op_margin_yoy": 0.07390666048524185,
      "rev_growth_yoy": 0.15323048507595222,
      "rev_growth_yoy_accel": -0.17937370983199147,
      "fcf_margin_change": 0.00023798166558035294
    },
    {
      "date": "2024-03-31T00:00:00",
      "quarter_label": "2024-03 (Q1)",
      "revenue": 211226000,
      "gross_profit": null,
      "operating_income": 16977000,
      "net_income": 21166000,
      "opex": 194249000,
      "cogs": null,
      "rd": null,
      "sga": null,
      "fcf": 14954000,
      "ocf": 14954000,
      "capex": null,
      "gross_margin": null,
      "op_margin": 0.08037362824652268,
      "fcf_margin": 0.07079620880005302,
      "incr_op_margin_yoy": 0.20200896736296967,
      "rev_growth_yoy": 0.15768819708969334,
      "rev_growth_yoy_accel": 0.004457712013741122,
      "op_leverage_ratio": 1.2732312070343617,
      "fcf_margin_change": -0.0166702963383924
    },
    {
      "date": "2024-06-30T00:00:00",
      "quarter_label": "2024-06 (Q2)",
      "revenue": 224891000,
      "gross_profit": null,
      "operating_income": 18839000,
      "net_income": 15759000,
      "opex": 206052000,
      "cogs": null,
      "rd": null,
      "sga": null,
      "fcf": 18688000,
      "ocf": 18688000,
      "capex": null,
      "gross_margin": null,
      "op_margin": 0.08376947054350774,
      "fcf_margin": 0.08309803415877025,
      "incr_op_margin_yoy": 0.22167528099105752,
      "rev_growth_yoy": 0.12157815204001736,
      "rev_growth_yoy_accel": -0.03611004504967598,
      "op_leverage_ratio": 1.064703411845401,
      "fcf_margin_change": 0.012301825358717225
    },
    {
      "date": "2024-09-30T00:00:00",
      "quarter_label": "2024-09 (Q3)",
      "revenue": 241696000,
      "gross_profit": null,
      "operating_income": 25013000,
      "net_income": 21551000,
      "opex": 216683000,
      "cogs": null,
      "rd": null,
      "sga": null,
      "fcf": 28605000,
      "ocf": 28605000,
      "capex": null,
      "gross_margin": null,
      "op_margin": 0.10348950748047134,
      "fcf_margin": 0.118351151860188,
      "incr_op_margin_yoy": 0.31697148475909537,
      "rev_growth_yoy": 0.11756083802266601,
      "rev_growth_yoy_accel": -0.0040173140173513505,
      "op_leverage_ratio": 1.4483354385774012,
      "fcf_margin_change": 0.03525311770141776
    },
    {
      "date": "2024-12-31T00:00:00",
      "quarter_label": "2024-12 (Q4)",
      "revenue": 217206000,
      "gross_profit": null,
      "operating_income": 17231000,
      "net_income": 14388000,
      "opex": 199975000,
      "cogs": null,
      "rd": null,
      "sga": null,
      "fcf": 16551000,
      "ocf": 16551000,
      "capex": null,
      "gross_margin": null,
      "op_margin": 0.07933022108044897,
      "fcf_margin": 0.07619955249854976,
      "incr_op_margin_yoy": 0.2059375,
      "rev_growth_yoy": 0.11498619139040892,
      "rev_growth_yoy_accel": -0.0025746466322570938,
      "fcf_margin_change": -0.042151599361638245
    },
    {
      "date": "2025-03-31T00:00:00",
      "quarter_label": "2025-03 (Q1)",
      "revenue": 219630000,
      "gross_profit": null,
      "operating_income": 16837000,
      "net_income": 15271000,
      "opex": 202793000,
      "cogs": null,
      "rd": null,
      "sga": null,
      "fcf": 10107000,
      "ocf": 10107000,
      "capex": null,
      "gross_margin": null,
      "op_margin": 0.07666074762099895,
      "fcf_margin": 0.046018303510449395,
      "incr_op_margin_yoy": -0.016658733936220846,
      "rev_growth_yoy": 0.03978676867431093,
      "rev_growth_yoy_accel": -0.07519942271609799,
      "op_leverage_ratio": 0.7919458992551425,
      "fcf_margin_change": -0.030181248988100366
    },
    {
      "date": "2025-06-30T00:00:00",
      "quarter_label": "2025-06 (Q2)",
      "revenue": 240726000,
      "gross_profit": null,
      "operating_income": 22127000,
      "net_income": 19940000,
      "opex": 218599000,
      "cogs": null,
      "rd": null,
      "sga": null,
      "fcf": 20294000,
      "ocf": 20294000,
      "capex": null,
      "gross_margin": null,
      "op_margin": 0.0919177820426543,
      "fcf_margin": 0.08430331580302917,
      "incr_op_margin_yoy": 0.20764130091569308,
      "rev_growth_yoy": 0.07041188842594857,
      "rev_growth_yoy_accel": 0.030625119751637647,
      "op_leverage_ratio": 1.232365232708301,
      "fcf_margin_change": 0.03828501229257978
    },
    {
      "date": "2025-09-30T00:00:00",
      "quarter_label": "2025-09 (Q3)",
      "revenue": 258518000,
      "gross_profit": null,
      "operating_income": 26302000,
      "net_income": 24345000,
      "opex": 232216000,
      "cogs": null,
      "rd": null,
      "sga": null,
      "fcf": 33163000,
      "ocf": 33163000,
      "capex": null,
      "gross_margin": null,
      "op_margin": 0.10174146481096094,
      "fcf_margin": 0.1282812028562808,
      "incr_op_margin_yoy": 0.07662584710498158,
      "rev_growth_yoy": 0.06959982788296042,
      "rev_growth_yoy_accel": -0.0008120605429881578,
      "op_leverage_ratio": 1.1865020798925676,
      "fcf_margin_change": 0.04397788705325163
    },
    {
      "date": "2025-12-31T00:00:00",
      "quarter_label": "2025-12 (Q4)",
      "revenue": 242127000,
      "gross_profit": null,
      "operating_income": 16371000,
      "net_income": 12062000,
      "opex": 225756000,
      "cogs": null,
      "rd": null,
      "sga": null,
      "fcf": 19955000,
      "ocf": 19955000,
      "capex": null,
      "gross_margin": null,
      "op_margin": 0.06761327732966584,
      "fcf_margin": 0.08241542661495826,
      "incr_op_margin_yoy": -0.034509048593555636,
      "rev_growth_yoy": 0.11473439960222093,
      "rev_growth_yoy_accel": 0.04513457171926051,
      "fcf_margin_change": -0.04586577624132254
    }
  ],
  "signals": [
    {
      "quarter": "2025-06 (Q2)",
      "signal": "INCREMENTAL MARGIN (YoY)",
      "detail": "YoY Incr OPM: +20.8% vs year-ago OPM: +8.4%",
      "severity": "MEDIUM"
    },
    {
      "quarter": "2025-03 (Q1)",
      "signal": "YoY REVENUE GROWTH DECELERATION",
      "detail": "YoY growth: +4.0% vs prior quarter YoY: +11.5% (decel: -7.5%)",
      "severity": "WARNING"
    },
    {
      "quarter": "2024-12 (Q4)",
      "signal": "INCREMENTAL MARGIN (YoY)",
      "detail": "YoY Incr OPM: +20.6% vs year-ago OPM: +6.5%",
      "severity": "MEDIUM"
    },
    {
      "quarter": "2024-09 (Q3)",
      "signal": "INCREMENTAL MARGIN (YoY)",
      "detail": "YoY Incr OPM: +31.7% vs year-ago OPM: +7.8%",
      "severity": "HIGH"
    },
    {
      "quarter": "2024-06 (Q2)",
      "signal": "INCREMENTAL MARGIN (YoY)",
      "detail": "YoY Incr OPM: +22.2% vs year-ago OPM: +6.7%",
      "severity": "MEDIUM"
    },
    {
      "quarter": "2024-03 (Q1)",
      "signal": "INCREMENTAL MARGIN (YoY)",
      "detail": "YoY Incr OPM: +20.2% vs year-ago OPM: +6.1%",
      "severity": "MEDIUM"
    },
    {
      "quarter": "2023-12 (Q4)",
      "signal": "YoY REVENUE GROWTH DECELERATION",
      "detail": "YoY growth: +15.3% vs prior quarter YoY: +33.3% (decel: -17.9%)",
      "severity": "WARNING"
    },
    {
      "quarter": "2023-09 (Q3)",
      "signal": "YoY REVENUE GROWTH DECELERATION",
      "detail": "YoY growth: +33.3% vs prior quarter YoY: +57.4% (decel: -24.2%)",
      "severity": "WARNING"
    },
    {
      "quarter": "2023-06 (Q2)",
      "signal": "FCF MARGIN EXPANSION",
      "detail": "FCF margin: +1.2% -> +12.6% (+11.4%)",
      "severity": "MEDIUM"
    },
    {
      "quarter": "2023-06 (Q2)",
      "signal": "YoY REVENUE GROWTH DECELERATION",
      "detail": "YoY growth: +57.4% vs prior quarter YoY: +108.1% (decel: -50.7%)",
      "severity": "WARNING"
    },
    {
      "quarter": "2023-06 (Q2)",
      "signal": "INCREMENTAL MARGIN (YoY)",
      "detail": "YoY Incr OPM: +17.0% vs year-ago OPM: +0.8%",
      "severity": "MEDIUM"
    },
    {
      "quarter": "2023-03 (Q1)",
      "signal": "YoY REVENUE GROWTH ACCELERATION",
      "detail": "YoY growth: +108.1% vs prior quarter YoY: +97.2% (accel: +10.9%)",
      "severity": "MEDIUM"
    },
    {
      "quarter": "2023-03 (Q1)",
      "signal": "OP MARGIN TURNED POSITIVE (YoY)",
      "detail": "Op margin: -7.3% (year-ago) -> +6.1%",
      "severity": "HIGH"
    },
    {
      "quarter": "2022-12 (Q4)",
      "signal": "YoY REVENUE GROWTH DECELERATION",
      "detail": "YoY growth: +97.2% vs prior quarter YoY: +271.9% (decel: -174.7%)",
      "severity": "WARNING"
    },
    {
      "quarter": "2022-12 (Q4)",
      "signal": "OP MARGIN TURNED POSITIVE (YoY)",
      "detail": "Op margin: -4.7% (year-ago) -> +6.3%",
      "severity": "HIGH"
    },
    {
      "quarter": "2022-09 (Q3)",
      "signal": "YoY REVENUE GROWTH DECELERATION",
      "detail": "YoY growth: +271.9% vs prior quarter YoY: +1291.4% (decel: -1019.5%)",
      "severity": "WARNING"
    },
    {
      "quarter": "2022-09 (Q3)",
      "signal": "OP MARGIN TURNED POSITIVE (YoY)",
      "detail": "Op margin: -27.9% (year-ago) -> +6.1%",
      "severity": "HIGH"
    },
    {
      "quarter": "2022-06 (Q2)",
      "signal": "FCF TURNED POSITIVE",
      "detail": "FCF margin: -0.6% -> +3.9%",
      "severity": "HIGH"
    },
    {
      "quarter": "2022-06 (Q2)",
      "signal": "YoY REVENUE GROWTH DECELERATION",
      "detail": "YoY growth: +1291.4% vs prior quarter YoY: +1468.2% (decel: -176.8%)",
      "severity": "WARNING"
    },
    {
      "quarter": "2022-06 (Q2)",
      "signal": "OP MARGIN TURNED POSITIVE (YoY)",
      "detail": "Op margin: -185.3% (year-ago) -> +0.8%",
      "severity": "HIGH"
    },
    {
      "quarter": "2022-06 (Q2)",
      "signal": "OP MARGIN TURNED POSITIVE (QoQ)",
      "detail": "Op margin: -7.3% -> +0.8%",
      "severity": "HIGH"
    },
    {
      "quarter": "2021-12 (Q4)",
      "signal": "FCF MARGIN EXPANSION",
      "detail": "FCF margin: -27.0% -> -4.3% (+22.8%)",
      "severity": "MEDIUM"
    },
    {
      "quarter": "2021-12 (Q4)",
      "signal": "OPERATING LEVERAGE",
      "detail": "Rev growth +96.3% vs OpEx growth +60.7% (leverage: 1.6x)",
      "severity": "MEDIUM"
    },
    {
      "quarter": "2021-09 (Q3)",
      "signal": "FCF MARGIN EXPANSION",
      "detail": "FCF margin: -116.0% -> -27.0% (+88.9%)",
      "severity": "MEDIUM"
    },
    {
      "quarter": "2021-09 (Q3)",
      "signal": "OPERATING LEVERAGE",
      "detail": "Rev growth +376.6% vs OpEx growth +113.6% (leverage: 3.3x)",
      "severity": "MEDIUM"
    },
    {
      "quarter": "2021-06 (Q2)",
      "signal": "FCF MARGIN EXPANSION",
      "detail": "FCF margin: -162.0% -> -116.0% (+46.1%)",
      "severity": "MEDIUM"
    },
    {
      "quarter": "2021-06 (Q2)",
      "signal": "OPERATING LEVERAGE",
      "detail": "Rev growth +63.8% vs OpEx growth +6.7% (leverage: 9.5x)",
      "severity": "MEDIUM"
    }
  ],
  "data_quality": {
    "n_quarters": 20,
    "coverage": {
      "revenue": [
        20,
        20
      ],
      "gross_profit": [
        0,
        20
      ],
      "op_income": [
        20,
        20
      ],
      "fcf": [
        20,
        20
      ]
    },
    "gaps": [],
    "warnings": [
      "gross_profit: no data"
    ]
  },
  "market_cap": null,
  "source": "SEC EDGAR",
  "last_updated": "2026-02-24T10:07:33.834125"
}