{
  "ticker": "OTEX",
  "name": "Open Text Corp",
  "quarters": [
    {
      "date": "2020-12-31T00:00:00",
      "quarter_label": "2020-12 (Q4)",
      "revenue": 855644000,
      "gross_profit": 603082000,
      "operating_income": 234470000,
      "net_income": -65477000,
      "opex": 368612000,
      "cogs": 252562000,
      "rd": null,
      "sga": null,
      "fcf": 282455000,
      "ocf": 282455000,
      "capex": null,
      "gross_margin": 0.7048281762041223,
      "op_margin": 0.27402751611651577,
      "fcf_margin": 0.33010808233330685
    },
    {
      "date": "2021-03-31T00:00:00",
      "quarter_label": "2021-03 (Q1)",
      "revenue": 832931000,
      "gross_profit": 571665000,
      "operating_income": 152396000,
      "net_income": 91490000,
      "opex": 419269000,
      "cogs": 261266000,
      "rd": null,
      "sga": null,
      "fcf": 63572000,
      "ocf": 63572000,
      "capex": null,
      "gross_margin": 0.6863293598149186,
      "op_margin": 0.18296353479459884,
      "fcf_margin": 0.0763232488645518,
      "fcf_margin_change": -0.253784833468755
    },
    {
      "date": "2021-06-30T00:00:00",
      "quarter_label": "2021-06 (Q2)",
      "revenue": 893527000,
      "gross_profit": 621814000,
      "operating_income": 171681000,
      "net_income": 181283000,
      "opex": 450133000,
      "cogs": 271713000,
      "rd": null,
      "sga": null,
      "fcf": 296189000,
      "ocf": 296189000,
      "capex": null,
      "gross_margin": 0.6959095807961035,
      "op_margin": 0.19213856995927375,
      "fcf_margin": 0.33148298820293065,
      "op_leverage_ratio": 0.988269684192953,
      "fcf_margin_change": 0.2551597393383789
    },
    {
      "date": "2021-09-30T00:00:00",
      "quarter_label": "2021-09 (Q3)",
      "revenue": 832308000,
      "gross_profit": 574185000,
      "operating_income": 182689000,
      "net_income": 131915000,
      "opex": 391496000,
      "cogs": 258123000,
      "rd": null,
      "sga": null,
      "fcf": 189669000,
      "ocf": 189669000,
      "capex": null,
      "gross_margin": 0.6898708170533023,
      "op_margin": 0.21949686894755308,
      "fcf_margin": 0.22788318747386785,
      "fcf_margin_change": -0.1035998007290628
    },
    {
      "date": "2021-12-31T00:00:00",
      "quarter_label": "2021-12 (Q4)",
      "revenue": 876799000,
      "gross_profit": 615618000,
      "operating_income": 192884000,
      "net_income": 88298000,
      "opex": 422734000,
      "cogs": 261181000,
      "rd": null,
      "sga": null,
      "fcf": 216644000,
      "ocf": 216644000,
      "capex": null,
      "gross_margin": 0.702119870118465,
      "op_margin": 0.21998656476569886,
      "fcf_margin": 0.24708513581790126,
      "incr_op_margin_yoy": -1.9657764121956984,
      "rev_growth_yoy": 0.024724067486010536,
      "op_leverage_ratio": 0.6699342891725748,
      "fcf_margin_change": 0.01920194834403341
    },
    {
      "date": "2022-03-31T00:00:00",
      "quarter_label": "2022-03 (Q1)",
      "revenue": 882283000,
      "gross_profit": 608047000,
      "operating_income": 131609000,
      "net_income": 74681000,
      "opex": 476438000,
      "cogs": 274236000,
      "rd": null,
      "sga": null,
      "fcf": 323557000,
      "ocf": 323557000,
      "capex": null,
      "gross_margin": 0.6891745619036069,
      "op_margin": 0.14916869077155515,
      "fcf_margin": 0.36672700256040297,
      "incr_op_margin_yoy": -0.42119873561355164,
      "rev_growth_yoy": 0.059251006385883105,
      "rev_growth_yoy_accel": 0.03452693889987257,
      "fcf_margin_change": 0.11964186674250171
    },
    {
      "date": "2022-06-30T00:00:00",
      "quarter_label": "2022-06 (Q2)",
      "revenue": 902454000,
      "gross_profit": 633793000,
      "operating_income": 137591000,
      "net_income": 102196000,
      "opex": 496202000,
      "cogs": 268661000,
      "rd": null,
      "sga": null,
      "fcf": 251940000,
      "ocf": 251940000,
      "capex": null,
      "gross_margin": 0.7022995077865465,
      "op_margin": 0.15246317263816217,
      "fcf_margin": 0.27917212400853675,
      "incr_op_margin_yoy": -3.818752100369665,
      "rev_growth_yoy": 0.00999074454381345,
      "rev_growth_yoy_accel": -0.04926026184206966,
      "op_leverage_ratio": 0.5511262106154936,
      "fcf_margin_change": -0.08755487855186622
    },
    {
      "date": "2022-09-30T00:00:00",
      "quarter_label": "2022-09 (Q3)",
      "revenue": 852036000,
      "gross_profit": 593688000,
      "operating_income": 146353000,
      "net_income": -116929000,
      "opex": 447335000,
      "cogs": 258348000,
      "rd": null,
      "sga": null,
      "fcf": 131959000,
      "ocf": 131959000,
      "capex": null,
      "gross_margin": 0.696787459684802,
      "op_margin": 0.17176856376960598,
      "fcf_margin": 0.15487491138872067,
      "incr_op_margin_yoy": -1.8418491484184916,
      "rev_growth_yoy": 0.02370276388067879,
      "rev_growth_yoy_accel": 0.013712019336865338,
      "fcf_margin_change": -0.12429721261981608
    },
    {
      "date": "2022-12-31T00:00:00",
      "quarter_label": "2022-12 (Q4)",
      "revenue": 897440000,
      "gross_profit": 635747000,
      "operating_income": 184663000,
      "net_income": 258486000,
      "opex": 451084000,
      "cogs": 261693000,
      "rd": null,
      "sga": null,
      "fcf": 195170000,
      "ocf": 195170000,
      "capex": null,
      "gross_margin": 0.7084005615974327,
      "op_margin": 0.20576640221073275,
      "fcf_margin": 0.217474148689606,
      "incr_op_margin_yoy": -0.39828496681362335,
      "rev_growth_yoy": 0.023541313345475986,
      "rev_growth_yoy_accel": -0.0001614505352028027,
      "op_leverage_ratio": 6.358484382537627,
      "fcf_margin_change": 0.06259923730088532
    },
    {
      "date": "2023-03-31T00:00:00",
      "quarter_label": "2023-03 (Q1)",
      "revenue": 1244674000,
      "gross_profit": 874944000,
      "operating_income": 63989000,
      "net_income": 57556000,
      "opex": 810955000,
      "cogs": 369730000,
      "rd": null,
      "sga": null,
      "fcf": 336775000,
      "ocf": 336775000,
      "capex": null,
      "gross_margin": 0.702950330769342,
      "op_margin": 0.051410248788036066,
      "fcf_margin": 0.27057285682837434,
      "incr_op_margin_yoy": -0.18659403793140558,
      "rev_growth_yoy": 0.4107423581775915,
      "rev_growth_yoy_accel": 0.38720104483211554,
      "op_leverage_ratio": 0.4849839795384495,
      "fcf_margin_change": 0.05309870813876835
    },
    {
      "date": "2023-06-30T00:00:00",
      "quarter_label": "2023-06 (Q2)",
      "revenue": 1490830000,
      "gross_profit": 1064014000,
      "operating_income": 121287000,
      "net_income": -48734000,
      "opex": 942727000,
      "cogs": 426816000,
      "rd": null,
      "sga": null,
      "fcf": 115301000,
      "ocf": 115301000,
      "capex": null,
      "gross_margin": 0.7137057880509515,
      "op_margin": 0.08135535238759617,
      "fcf_margin": 0.07734013938544301,
      "incr_op_margin_yoy": -0.02771017172692292,
      "rev_growth_yoy": 0.6519733969820068,
      "rev_growth_yoy_accel": 0.24123103880441532,
      "op_leverage_ratio": 1.2171060651746224,
      "fcf_margin_change": -0.19323271744293133
    },
    {
      "date": "2023-09-30T00:00:00",
      "quarter_label": "2023-09 (Q3)",
      "revenue": 1425429000,
      "gross_profit": 1018418000,
      "operating_income": 212892000,
      "net_income": 80901000,
      "opex": 805526000,
      "cogs": 407011000,
      "rd": null,
      "sga": null,
      "fcf": 47121000,
      "ocf": 47121000,
      "capex": null,
      "gross_margin": 0.714464206915953,
      "op_margin": 0.14935293164373672,
      "fcf_margin": 0.033057416398852554,
      "incr_op_margin_yoy": 0.11604431864358303,
      "rev_growth_yoy": 0.6729680436037914,
      "rev_growth_yoy_accel": 0.02099464662178452,
      "fcf_margin_change": -0.04428272298659046
    },
    {
      "date": "2023-12-31T00:00:00",
      "quarter_label": "2023-12 (Q4)",
      "revenue": 1534868000,
      "gross_profit": 1129120000,
      "operating_income": 253867000,
      "net_income": 37675000,
      "opex": 875253000,
      "cogs": 405748000,
      "rd": null,
      "sga": null,
      "fcf": 350653000,
      "ocf": 350653000,
      "capex": null,
      "gross_margin": 0.7356463226805171,
      "op_margin": 0.16539989106555092,
      "fcf_margin": 0.22845808238884385,
      "incr_op_margin_yoy": 0.108567555865133,
      "rev_growth_yoy": 0.710273667320378,
      "rev_growth_yoy_accel": 0.03730562371658663,
      "op_leverage_ratio": 0.8869621933327989,
      "fcf_margin_change": 0.19540066598999128
    },
    {
      "date": "2024-03-31T00:00:00",
      "quarter_label": "2024-03 (Q1)",
      "revenue": 1447131000,
      "gross_profit": 1055774000,
      "operating_income": 227068000,
      "net_income": 98285000,
      "opex": 828706000,
      "cogs": 391357000,
      "rd": null,
      "sga": null,
      "fcf": 384697000,
      "ocf": 384697000,
      "capex": null,
      "gross_margin": 0.7295635294938745,
      "op_margin": 0.15690908425014735,
      "fcf_margin": 0.265834261030964,
      "incr_op_margin_yoy": 0.8054994393871291,
      "rev_growth_yoy": 0.16265865600149115,
      "rev_growth_yoy_accel": -0.5476150113188869,
      "fcf_margin_change": 0.03737617864212017
    },
    {
      "date": "2024-06-30T00:00:00",
      "quarter_label": "2024-06 (Q2)",
      "revenue": 1362149000,
      "gross_profit": 987716000,
      "operating_income": 193258000,
      "net_income": 248229000,
      "opex": 794458000,
      "cogs": 374433000,
      "rd": null,
      "sga": null,
      "fcf": 185220000,
      "ocf": 185220000,
      "capex": null,
      "gross_margin": 0.7251159748309473,
      "op_margin": 0.1418772836158159,
      "fcf_margin": 0.13597631389811246,
      "incr_op_margin_yoy": -0.559297798431781,
      "rev_growth_yoy": -0.08631500573506033,
      "rev_growth_yoy_accel": -0.2489736617365515,
      "fcf_margin_change": -0.12985794713285156
    },
    {
      "date": "2024-09-30T00:00:00",
      "quarter_label": "2024-09 (Q3)",
      "revenue": 1269005000,
      "gross_profit": 910358000,
      "operating_income": 206242000,
      "net_income": 84368000,
      "opex": 704116000,
      "cogs": 358647000,
      "rd": null,
      "sga": null,
      "fcf": -77806000,
      "ocf": -77806000,
      "capex": null,
      "gross_margin": 0.7173793641475014,
      "op_margin": 0.16252260629390744,
      "fcf_margin": -0.06131260318123254,
      "incr_op_margin_yoy": 0.04251265790415793,
      "rev_growth_yoy": -0.10973819109896038,
      "rev_growth_yoy_accel": -0.023423185363900048,
      "fcf_margin_change": -0.197288917079345
    },
    {
      "date": "2024-12-31T00:00:00",
      "quarter_label": "2024-12 (Q4)",
      "revenue": 1334500000,
      "gross_profit": 977976000,
      "operating_income": 295799000,
      "net_income": 229862000,
      "opex": 682177000,
      "cogs": 356524000,
      "rd": null,
      "sga": null,
      "fcf": 347992000,
      "ocf": 347992000,
      "capex": null,
      "gross_margin": 0.7328407643312101,
      "op_margin": 0.2216553016110903,
      "fcf_margin": 0.2607658298988385,
      "incr_op_margin_yoy": -0.20927493412121695,
      "rev_growth_yoy": -0.13054412496709814,
      "rev_growth_yoy_accel": -0.020805933868137755,
      "op_leverage_ratio": Infinity,
      "fcf_margin_change": 0.32207843308007106
    },
    {
      "date": "2025-03-31T00:00:00",
      "quarter_label": "2025-03 (Q1)",
      "revenue": 1254363000,
      "gross_profit": 898254000,
      "operating_income": 209090000,
      "net_income": 92805000,
      "opex": 689164000,
      "cogs": 356109000,
      "rd": null,
      "sga": null,
      "fcf": 402241000,
      "ocf": 402241000,
      "capex": null,
      "gross_margin": 0.7161037116050138,
      "op_margin": 0.16669018457974286,
      "fcf_margin": 0.32067352114180664,
      "incr_op_margin_yoy": 0.09326236719787516,
      "rev_growth_yoy": -0.1332070144306217,
      "rev_growth_yoy_accel": -0.0026628894635235545,
      "fcf_margin_change": 0.05990769124296813
    },
    {
      "date": "2025-06-30T00:00:00",
      "quarter_label": "2025-06 (Q2)",
      "revenue": 1310537000,
      "gross_profit": 947699000,
      "operating_income": 181558000,
      "net_income": 28833000,
      "opex": 766141000,
      "cogs": 362838000,
      "rd": null,
      "sga": null,
      "fcf": 158191000,
      "ocf": 158191000,
      "capex": null,
      "gross_margin": 0.7231379197992884,
      "op_margin": 0.1385371034926904,
      "fcf_margin": 0.12070700789065857,
      "incr_op_margin_yoy": 0.22669146710067425,
      "rev_growth_yoy": -0.03789012802564184,
      "rev_growth_yoy_accel": 0.09531688640497984,
      "op_leverage_ratio": 0.40093476580170145,
      "fcf_margin_change": -0.19996651325114806
    },
    {
      "date": "2025-09-30T00:00:00",
      "quarter_label": "2025-09 (Q3)",
      "revenue": 1288135000,
      "gross_profit": 937516000,
      "operating_income": 269949000,
      "net_income": 146616000,
      "opex": 667567000,
      "cogs": 350619000,
      "rd": null,
      "sga": null,
      "fcf": 147763000,
      "ocf": 147763000,
      "capex": null,
      "gross_margin": 0.7278088088593199,
      "op_margin": 0.20956576756318243,
      "fcf_margin": 0.1147108028273434,
      "incr_op_margin_yoy": 3.3302143230527967,
      "rev_growth_yoy": 0.015074802699752955,
      "rev_growth_yoy_accel": 0.05296493072539479,
      "fcf_margin_change": -0.005996205063315163
    }
  ],
  "signals": [
    {
      "quarter": "2025-09 (Q3)",
      "signal": "YoY REVENUE GROWTH ACCELERATION",
      "detail": "YoY growth: +1.5% vs prior quarter YoY: -3.8% (accel: +5.3%)",
      "severity": "MEDIUM"
    },
    {
      "quarter": "2025-09 (Q3)",
      "signal": "INCREMENTAL MARGIN (YoY)",
      "detail": "YoY Incr OPM: +333.0% vs year-ago OPM: +16.3%",
      "severity": "HIGH"
    },
    {
      "quarter": "2025-06 (Q2)",
      "signal": "YoY REVENUE GROWTH ACCELERATION",
      "detail": "YoY growth: -3.8% vs prior quarter YoY: -13.3% (accel: +9.5%)",
      "severity": "MEDIUM"
    },
    {
      "quarter": "2025-03 (Q1)",
      "signal": "FCF MARGIN EXPANSION",
      "detail": "FCF margin: +26.1% -> +32.1% (+6.0%)",
      "severity": "MEDIUM"
    },
    {
      "quarter": "2024-12 (Q4)",
      "signal": "FCF TURNED POSITIVE",
      "detail": "FCF margin: -6.1% -> +26.1%",
      "severity": "HIGH"
    },
    {
      "quarter": "2024-06 (Q2)",
      "signal": "YoY REVENUE GROWTH DECELERATION",
      "detail": "YoY growth: -8.6% vs prior quarter YoY: +16.3% (decel: -24.9%)",
      "severity": "WARNING"
    },
    {
      "quarter": "2024-03 (Q1)",
      "signal": "YoY REVENUE GROWTH DECELERATION",
      "detail": "YoY growth: +16.3% vs prior quarter YoY: +71.0% (decel: -54.8%)",
      "severity": "WARNING"
    },
    {
      "quarter": "2024-03 (Q1)",
      "signal": "INCREMENTAL MARGIN (YoY)",
      "detail": "YoY Incr OPM: +80.5% vs year-ago OPM: +5.1%",
      "severity": "HIGH"
    },
    {
      "quarter": "2023-12 (Q4)",
      "signal": "FCF MARGIN EXPANSION",
      "detail": "FCF margin: +3.3% -> +22.8% (+19.5%)",
      "severity": "MEDIUM"
    },
    {
      "quarter": "2023-06 (Q2)",
      "signal": "YoY REVENUE GROWTH ACCELERATION",
      "detail": "YoY growth: +65.2% vs prior quarter YoY: +41.1% (accel: +24.1%)",
      "severity": "HIGH"
    },
    {
      "quarter": "2023-03 (Q1)",
      "signal": "FCF MARGIN EXPANSION",
      "detail": "FCF margin: +21.7% -> +27.1% (+5.3%)",
      "severity": "MEDIUM"
    },
    {
      "quarter": "2023-03 (Q1)",
      "signal": "YoY REVENUE GROWTH ACCELERATION",
      "detail": "YoY growth: +41.1% vs prior quarter YoY: +2.4% (accel: +38.7%)",
      "severity": "HIGH"
    },
    {
      "quarter": "2022-12 (Q4)",
      "signal": "FCF MARGIN EXPANSION",
      "detail": "FCF margin: +15.5% -> +21.7% (+6.3%)",
      "severity": "MEDIUM"
    },
    {
      "quarter": "2022-12 (Q4)",
      "signal": "OPERATING LEVERAGE",
      "detail": "Rev growth +5.3% vs OpEx growth +0.8% (leverage: 6.4x)",
      "severity": "MEDIUM"
    },
    {
      "quarter": "2022-03 (Q1)",
      "signal": "FCF MARGIN EXPANSION",
      "detail": "FCF margin: +24.7% -> +36.7% (+12.0%)",
      "severity": "MEDIUM"
    },
    {
      "quarter": "2021-06 (Q2)",
      "signal": "FCF MARGIN EXPANSION",
      "detail": "FCF margin: +7.6% -> +33.1% (+25.5%)",
      "severity": "MEDIUM"
    }
  ],
  "data_quality": {
    "n_quarters": 20,
    "coverage": {
      "revenue": [
        20,
        20
      ],
      "gross_profit": [
        20,
        20
      ],
      "op_income": [
        20,
        20
      ],
      "fcf": [
        20,
        20
      ]
    },
    "gaps": [],
    "warnings": []
  },
  "market_cap": null,
  "source": "SEC EDGAR",
  "last_updated": "2026-02-02T20:49:34.405735"
}