{
  "ticker": "OTIS",
  "name": "OTIS WORLDWIDE CORPORATION",
  "quarters": [
    {
      "date": "2020-12-31T00:00:00",
      "quarter_label": "2020-12 (Q4)",
      "revenue": 3493000000,
      "gross_profit": 1012000000,
      "operating_income": 440000000,
      "net_income": 251000000,
      "opex": 3058000000,
      "cogs": null,
      "rd": 40000000,
      "sga": 537000000,
      "fcf": 309000000,
      "ocf": 309000000,
      "capex": null,
      "gross_margin": 0.28972230174634983,
      "op_margin": 0.1259662181505869,
      "fcf_margin": 0.08846263956484397
    },
    {
      "date": "2021-03-31T00:00:00",
      "quarter_label": "2021-03 (Q1)",
      "revenue": 3408000000,
      "gross_profit": null,
      "operating_income": 509000000,
      "net_income": 308000000,
      "opex": 2906000000,
      "cogs": null,
      "rd": 35000000,
      "sga": 482000000,
      "fcf": 585000000,
      "ocf": 585000000,
      "capex": null,
      "gross_margin": null,
      "op_margin": 0.14935446009389672,
      "fcf_margin": 0.17165492957746478,
      "fcf_margin_change": 0.08319229001262081
    },
    {
      "date": "2021-06-30T00:00:00",
      "quarter_label": "2021-06 (Q2)",
      "revenue": 3701000000,
      "gross_profit": null,
      "operating_income": 561000000,
      "net_income": 326000000,
      "opex": 3149000000,
      "cogs": null,
      "rd": 39000000,
      "sga": 484000000,
      "fcf": 533000000,
      "ocf": 533000000,
      "capex": null,
      "gross_margin": null,
      "op_margin": 0.15158065387733044,
      "fcf_margin": 0.14401513104566332,
      "op_leverage_ratio": 1.028152108811994,
      "fcf_margin_change": -0.027639798531801457
    },
    {
      "date": "2021-09-30T00:00:00",
      "quarter_label": "2021-09 (Q3)",
      "revenue": 3620000000,
      "gross_profit": null,
      "operating_income": 542000000,
      "net_income": 331000000,
      "opex": 3078000000,
      "cogs": null,
      "rd": 39000000,
      "sga": 479000000,
      "fcf": 355000000,
      "ocf": 355000000,
      "capex": null,
      "gross_margin": null,
      "op_margin": 0.14972375690607734,
      "fcf_margin": 0.09806629834254144,
      "fcf_margin_change": -0.04594883270312189
    },
    {
      "date": "2021-12-31T00:00:00",
      "quarter_label": "2021-12 (Q4)",
      "revenue": 3569000000,
      "gross_profit": null,
      "operating_income": 496000000,
      "net_income": 281000000,
      "opex": 3079000000,
      "cogs": null,
      "rd": 46000000,
      "sga": 503000000,
      "fcf": 277000000,
      "ocf": 277000000,
      "capex": null,
      "gross_margin": null,
      "op_margin": 0.13897450266181002,
      "fcf_margin": 0.07761277668814794,
      "incr_op_margin_yoy": 0.7368421052631579,
      "rev_growth_yoy": 0.021757801316919553,
      "fcf_margin_change": -0.0204535216543935
    },
    {
      "date": "2022-03-31T00:00:00",
      "quarter_label": "2022-03 (Q1)",
      "revenue": 3414000000,
      "gross_profit": null,
      "operating_income": 526000000,
      "net_income": 311000000,
      "opex": 2904000000,
      "cogs": null,
      "rd": 37000000,
      "sga": 459000000,
      "fcf": 504000000,
      "ocf": 504000000,
      "capex": null,
      "gross_margin": null,
      "op_margin": 0.1540714704159344,
      "fcf_margin": 0.14762741652021089,
      "incr_op_margin_yoy": 2.8333333333333335,
      "rev_growth_yoy": 0.0017605633802816902,
      "rev_growth_yoy_accel": -0.019997237936637862,
      "fcf_margin_change": 0.07001463983206295
    },
    {
      "date": "2022-06-30T00:00:00",
      "quarter_label": "2022-06 (Q2)",
      "revenue": 3488000000,
      "gross_profit": null,
      "operating_income": 487000000,
      "net_income": 321000000,
      "opex": 2982000000,
      "cogs": null,
      "rd": 38000000,
      "sga": 439000000,
      "fcf": 353000000,
      "ocf": 353000000,
      "capex": null,
      "gross_margin": null,
      "op_margin": 0.13962155963302753,
      "fcf_margin": 0.10120412844036697,
      "incr_op_margin_yoy": 0.3474178403755869,
      "rev_growth_yoy": -0.057552012969467714,
      "rev_growth_yoy_accel": -0.0593125763497494,
      "op_leverage_ratio": 0.8069938263259879,
      "fcf_margin_change": -0.046423288079843916
    },
    {
      "date": "2022-09-30T00:00:00",
      "quarter_label": "2022-09 (Q3)",
      "revenue": 3344000000,
      "gross_profit": null,
      "operating_income": 529000000,
      "net_income": 324000000,
      "opex": 2827000000,
      "cogs": null,
      "rd": 37000000,
      "sga": 417000000,
      "fcf": 239000000,
      "ocf": 239000000,
      "capex": null,
      "gross_margin": null,
      "op_margin": 0.15819377990430622,
      "fcf_margin": 0.07147129186602871,
      "incr_op_margin_yoy": 0.04710144927536232,
      "rev_growth_yoy": -0.07624309392265194,
      "rev_growth_yoy_accel": -0.018691080953184225,
      "fcf_margin_change": -0.029732836574338256
    },
    {
      "date": "2022-12-31T00:00:00",
      "quarter_label": "2022-12 (Q4)",
      "revenue": 3439000000,
      "gross_profit": null,
      "operating_income": 491000000,
      "net_income": 297000000,
      "opex": 2965000000,
      "cogs": null,
      "rd": 38000000,
      "sga": 448000000,
      "fcf": 464000000,
      "ocf": 464000000,
      "capex": null,
      "gross_margin": null,
      "op_margin": 0.1427740622273917,
      "fcf_margin": 0.1349229427159058,
      "incr_op_margin_yoy": 0.038461538461538464,
      "rev_growth_yoy": -0.036424768842813114,
      "rev_growth_yoy_accel": 0.039818325079838825,
      "op_leverage_ratio": 0.5819746376811594,
      "fcf_margin_change": 0.06345165084987708
    },
    {
      "date": "2023-03-31T00:00:00",
      "quarter_label": "2023-03 (Q1)",
      "revenue": 3346000000,
      "gross_profit": null,
      "operating_income": 513000000,
      "net_income": 331000000,
      "opex": 2840000000,
      "cogs": null,
      "rd": 35000000,
      "sga": 455000000,
      "fcf": 278000000,
      "ocf": 278000000,
      "capex": null,
      "gross_margin": null,
      "op_margin": 0.15331739390316795,
      "fcf_margin": 0.0830842797369994,
      "incr_op_margin_yoy": 0.19117647058823528,
      "rev_growth_yoy": -0.01991798476859988,
      "rev_growth_yoy_accel": 0.016506784074213233,
      "fcf_margin_change": -0.051838662978906394
    },
    {
      "date": "2023-06-30T00:00:00",
      "quarter_label": "2023-06 (Q2)",
      "revenue": 3720000000,
      "gross_profit": null,
      "operating_income": 580000000,
      "net_income": 376000000,
      "opex": 3152000000,
      "cogs": null,
      "rd": 36000000,
      "sga": 479000000,
      "fcf": 446000000,
      "ocf": 446000000,
      "capex": null,
      "gross_margin": null,
      "op_margin": 0.15591397849462366,
      "fcf_margin": 0.11989247311827957,
      "incr_op_margin_yoy": 0.40086206896551724,
      "rev_growth_yoy": 0.06651376146788991,
      "rev_growth_yoy_accel": 0.08643174623648979,
      "op_leverage_ratio": 1.0174414149309545,
      "fcf_margin_change": 0.03680819338128016
    },
    {
      "date": "2023-09-30T00:00:00",
      "quarter_label": "2023-09 (Q3)",
      "revenue": 3523000000,
      "gross_profit": null,
      "operating_income": 571000000,
      "net_income": 376000000,
      "opex": 2965000000,
      "cogs": null,
      "rd": 36000000,
      "sga": 452000000,
      "fcf": 306000000,
      "ocf": 306000000,
      "capex": null,
      "gross_margin": null,
      "op_margin": 0.16207777462390008,
      "fcf_margin": 0.08685779165483963,
      "incr_op_margin_yoy": 0.2346368715083799,
      "rev_growth_yoy": 0.053528708133971294,
      "rev_growth_yoy_accel": -0.012985053333918618,
      "fcf_margin_change": -0.033034681463439936
    },
    {
      "date": "2023-12-31T00:00:00",
      "quarter_label": "2023-12 (Q4)",
      "revenue": 3620000000,
      "gross_profit": null,
      "operating_income": 522000000,
      "net_income": 323000000,
      "opex": 3087000000,
      "cogs": null,
      "rd": 37000000,
      "sga": 498000000,
      "fcf": 597000000,
      "ocf": 597000000,
      "capex": null,
      "gross_margin": null,
      "op_margin": 0.1441988950276243,
      "fcf_margin": 0.1649171270718232,
      "incr_op_margin_yoy": 0.1712707182320442,
      "rev_growth_yoy": 0.05263157894736842,
      "rev_growth_yoy_accel": -0.0008971291866028755,
      "op_leverage_ratio": 0.6691507331214548,
      "fcf_margin_change": 0.07805933541698358
    },
    {
      "date": "2024-03-31T00:00:00",
      "quarter_label": "2024-03 (Q1)",
      "revenue": 3437000000,
      "gross_profit": null,
      "operating_income": 544000000,
      "net_income": 353000000,
      "opex": 2907000000,
      "cogs": null,
      "rd": 36000000,
      "sga": 462000000,
      "fcf": 171000000,
      "ocf": 171000000,
      "capex": null,
      "gross_margin": null,
      "op_margin": 0.15827756764620307,
      "fcf_margin": 0.049752691300552807,
      "incr_op_margin_yoy": 0.34065934065934067,
      "rev_growth_yoy": 0.027196652719665274,
      "rev_growth_yoy_accel": -0.025434926227703145,
      "fcf_margin_change": -0.1151644357712704
    },
    {
      "date": "2024-06-30T00:00:00",
      "quarter_label": "2024-06 (Q2)",
      "revenue": 3601000000,
      "gross_profit": null,
      "operating_income": 570000000,
      "net_income": 415000000,
      "opex": 3010000000,
      "cogs": null,
      "rd": 39000000,
      "sga": 449000000,
      "fcf": 308000000,
      "ocf": 308000000,
      "capex": null,
      "gross_margin": null,
      "op_margin": 0.15828936406553734,
      "fcf_margin": 0.08553179672313246,
      "incr_op_margin_yoy": 0.08403361344537816,
      "rev_growth_yoy": -0.03198924731182796,
      "rev_growth_yoy_accel": -0.05918590003149323,
      "op_leverage_ratio": 1.346703915980012,
      "fcf_margin_change": 0.03577910542257966
    },
    {
      "date": "2024-09-30T00:00:00",
      "quarter_label": "2024-09 (Q3)",
      "revenue": 3548000000,
      "gross_profit": null,
      "operating_income": 363000000,
      "net_income": 540000000,
      "opex": 2965000000,
      "cogs": null,
      "rd": 40000000,
      "sga": 455000000,
      "fcf": 394000000,
      "ocf": 394000000,
      "capex": null,
      "gross_margin": null,
      "op_margin": 0.10231116121758738,
      "fcf_margin": 0.11104847801578353,
      "incr_op_margin_yoy": -8.32,
      "rev_growth_yoy": 0.00709622480840193,
      "rev_growth_yoy_accel": 0.03908547212022989,
      "fcf_margin_change": 0.02551668129265107
    },
    {
      "date": "2024-12-31T00:00:00",
      "quarter_label": "2024-12 (Q4)",
      "revenue": 3675000000,
      "gross_profit": null,
      "operating_income": 531000000,
      "net_income": 337000000,
      "opex": 3135000000,
      "cogs": null,
      "rd": 37000000,
      "sga": 495000000,
      "fcf": 690000000,
      "ocf": 690000000,
      "capex": null,
      "gross_margin": null,
      "op_margin": 0.14448979591836736,
      "fcf_margin": 0.18775510204081633,
      "incr_op_margin_yoy": 0.16363636363636364,
      "rev_growth_yoy": 0.015193370165745856,
      "rev_growth_yoy_accel": 0.008097145357343925,
      "op_leverage_ratio": 0.6243036673519464,
      "fcf_margin_change": 0.0767066240250328
    },
    {
      "date": "2025-03-31T00:00:00",
      "quarter_label": "2025-03 (Q1)",
      "revenue": 3350000000,
      "gross_profit": null,
      "operating_income": 411000000,
      "net_income": 243000000,
      "opex": 2850000000,
      "cogs": null,
      "rd": 37000000,
      "sga": 464000000,
      "fcf": 190000000,
      "ocf": 190000000,
      "capex": null,
      "gross_margin": null,
      "op_margin": 0.12268656716417911,
      "fcf_margin": 0.056716417910447764,
      "incr_op_margin_yoy": 1.528735632183908,
      "rev_growth_yoy": -0.02531277276694792,
      "rev_growth_yoy_accel": -0.04050614293269378,
      "fcf_margin_change": -0.13103868413036857
    },
    {
      "date": "2025-06-30T00:00:00",
      "quarter_label": "2025-06 (Q2)",
      "revenue": 3595000000,
      "gross_profit": null,
      "operating_income": 547000000,
      "net_income": 393000000,
      "opex": 3043000000,
      "cogs": null,
      "rd": 38000000,
      "sga": 499000000,
      "fcf": 215000000,
      "ocf": 215000000,
      "capex": null,
      "gross_margin": null,
      "op_margin": 0.1521557719054242,
      "fcf_margin": 0.059805285118219746,
      "incr_op_margin_yoy": 3.8333333333333335,
      "rev_growth_yoy": -0.0016662038322688142,
      "rev_growth_yoy_accel": 0.023646568934679105,
      "op_leverage_ratio": 1.079962879901013,
      "fcf_margin_change": 0.0030888672077719823
    },
    {
      "date": "2025-09-30T00:00:00",
      "quarter_label": "2025-09 (Q3)",
      "revenue": 3690000000,
      "gross_profit": null,
      "operating_income": 586000000,
      "net_income": 374000000,
      "opex": 3097000000,
      "cogs": null,
      "rd": 36000000,
      "sga": 504000000,
      "fcf": 374000000,
      "ocf": 374000000,
      "capex": null,
      "gross_margin": null,
      "op_margin": 0.15880758807588075,
      "fcf_margin": 0.1013550135501355,
      "incr_op_margin_yoy": 1.5704225352112675,
      "rev_growth_yoy": 0.040022547914317926,
      "rev_growth_yoy_accel": 0.04168875174658674,
      "op_leverage_ratio": 1.4891309946942768,
      "fcf_margin_change": 0.041549728431915754
    }
  ],
  "signals": [
    {
      "quarter": "2025-09 (Q3)",
      "signal": "INCREMENTAL MARGIN (YoY)",
      "detail": "YoY Incr OPM: +157.0% vs year-ago OPM: +10.2%",
      "severity": "HIGH"
    },
    {
      "quarter": "2025-06 (Q2)",
      "signal": "INCREMENTAL MARGIN (YoY)",
      "detail": "YoY Incr OPM: +383.3% vs year-ago OPM: +15.8%",
      "severity": "HIGH"
    },
    {
      "quarter": "2025-03 (Q1)",
      "signal": "INCREMENTAL MARGIN (YoY)",
      "detail": "YoY Incr OPM: +152.9% vs year-ago OPM: +15.8%",
      "severity": "HIGH"
    },
    {
      "quarter": "2024-12 (Q4)",
      "signal": "FCF MARGIN EXPANSION",
      "detail": "FCF margin: +11.1% -> +18.8% (+7.7%)",
      "severity": "MEDIUM"
    },
    {
      "quarter": "2024-06 (Q2)",
      "signal": "YoY REVENUE GROWTH DECELERATION",
      "detail": "YoY growth: -3.2% vs prior quarter YoY: +2.7% (decel: -5.9%)",
      "severity": "WARNING"
    },
    {
      "quarter": "2024-03 (Q1)",
      "signal": "INCREMENTAL MARGIN (YoY)",
      "detail": "YoY Incr OPM: +34.1% vs year-ago OPM: +15.3%",
      "severity": "MEDIUM"
    },
    {
      "quarter": "2023-12 (Q4)",
      "signal": "FCF MARGIN EXPANSION",
      "detail": "FCF margin: +8.7% -> +16.5% (+7.8%)",
      "severity": "MEDIUM"
    },
    {
      "quarter": "2023-06 (Q2)",
      "signal": "YoY REVENUE GROWTH ACCELERATION",
      "detail": "YoY growth: +6.7% vs prior quarter YoY: -2.0% (accel: +8.6%)",
      "severity": "MEDIUM"
    },
    {
      "quarter": "2023-06 (Q2)",
      "signal": "INCREMENTAL MARGIN (YoY)",
      "detail": "YoY Incr OPM: +40.1% vs year-ago OPM: +14.0%",
      "severity": "HIGH"
    },
    {
      "quarter": "2022-12 (Q4)",
      "signal": "FCF MARGIN EXPANSION",
      "detail": "FCF margin: +7.1% -> +13.5% (+6.3%)",
      "severity": "MEDIUM"
    },
    {
      "quarter": "2022-06 (Q2)",
      "signal": "YoY REVENUE GROWTH DECELERATION",
      "detail": "YoY growth: -5.8% vs prior quarter YoY: +0.2% (decel: -5.9%)",
      "severity": "WARNING"
    },
    {
      "quarter": "2022-06 (Q2)",
      "signal": "INCREMENTAL MARGIN (YoY)",
      "detail": "YoY Incr OPM: +34.7% vs year-ago OPM: +15.2%",
      "severity": "MEDIUM"
    },
    {
      "quarter": "2022-03 (Q1)",
      "signal": "FCF MARGIN EXPANSION",
      "detail": "FCF margin: +7.8% -> +14.8% (+7.0%)",
      "severity": "MEDIUM"
    },
    {
      "quarter": "2022-03 (Q1)",
      "signal": "INCREMENTAL MARGIN (YoY)",
      "detail": "YoY Incr OPM: +283.3% vs year-ago OPM: +14.9%",
      "severity": "HIGH"
    },
    {
      "quarter": "2021-12 (Q4)",
      "signal": "INCREMENTAL MARGIN (YoY)",
      "detail": "YoY Incr OPM: +73.7% vs year-ago OPM: +12.6%",
      "severity": "HIGH"
    },
    {
      "quarter": "2021-03 (Q1)",
      "signal": "FCF MARGIN EXPANSION",
      "detail": "FCF margin: +8.8% -> +17.2% (+8.3%)",
      "severity": "MEDIUM"
    }
  ],
  "data_quality": {
    "n_quarters": 20,
    "coverage": {
      "revenue": [
        20,
        20
      ],
      "gross_profit": [
        1,
        20
      ],
      "op_income": [
        20,
        20
      ],
      "fcf": [
        20,
        20
      ]
    },
    "gaps": [],
    "warnings": [
      "gross_profit: 1/20Q"
    ]
  },
  "market_cap": null,
  "source": "SEC EDGAR",
  "last_updated": "2026-02-02T20:06:11.676864"
}