{
  "ticker": "OUT",
  "name": "OUTFRONT Media Inc.",
  "quarters": [
    {
      "date": "2020-12-31T00:00:00",
      "quarter_label": "2020-12 (Q4)",
      "revenue": 335800000,
      "gross_profit": null,
      "operating_income": 39500000,
      "net_income": 4300000,
      "opex": 296300000,
      "cogs": null,
      "rd": null,
      "sga": 109800000,
      "fcf": 33100000,
      "ocf": 44600000,
      "capex": -11500000,
      "gross_margin": null,
      "op_margin": 0.11762954139368671,
      "fcf_margin": 0.09857057772483621
    },
    {
      "date": "2021-03-31T00:00:00",
      "quarter_label": "2021-03 (Q1)",
      "revenue": 259200000,
      "gross_profit": null,
      "operating_income": -31000000,
      "net_income": -67700000,
      "opex": 290200000,
      "cogs": null,
      "rd": null,
      "sga": 76500000,
      "fcf": -20200000,
      "ocf": -10800000,
      "capex": -9400000,
      "gross_margin": null,
      "op_margin": -0.11959876543209877,
      "fcf_margin": -0.0779320987654321,
      "fcf_margin_change": -0.1765026764902683
    },
    {
      "date": "2021-06-30T00:00:00",
      "quarter_label": "2021-06 (Q2)",
      "revenue": 341000000,
      "gross_profit": null,
      "operating_income": 29100000,
      "net_income": -900000,
      "opex": 311900000,
      "cogs": null,
      "rd": null,
      "sga": 88900000,
      "fcf": 8300000,
      "ocf": 24400000,
      "capex": -16100000,
      "gross_margin": null,
      "op_margin": 0.08533724340175954,
      "fcf_margin": 0.02434017595307918,
      "op_leverage_ratio": 4.2204229959606305,
      "fcf_margin_change": 0.10227227471851127
    },
    {
      "date": "2021-09-30T00:00:00",
      "quarter_label": "2021-09 (Q3)",
      "revenue": 399200000,
      "gross_profit": null,
      "operating_income": 65000000,
      "net_income": 33100000,
      "opex": 334200000,
      "cogs": null,
      "rd": null,
      "sga": 98500000,
      "fcf": 15800000,
      "ocf": 31500000,
      "capex": -15700000,
      "gross_margin": null,
      "op_margin": 0.1628256513026052,
      "fcf_margin": 0.039579158316633264,
      "op_leverage_ratio": 2.387146745920072,
      "fcf_margin_change": 0.015238982363554084
    },
    {
      "date": "2021-12-31T00:00:00",
      "quarter_label": "2021-12 (Q4)",
      "revenue": 464500000,
      "gross_profit": null,
      "operating_income": 105200000,
      "net_income": 71100000,
      "opex": 359300000,
      "cogs": null,
      "rd": null,
      "sga": 104300000,
      "fcf": 21100000,
      "ocf": 53700000,
      "capex": -32600000,
      "gross_margin": null,
      "op_margin": 0.2264800861141012,
      "fcf_margin": 0.04542518837459634,
      "incr_op_margin_yoy": 0.5104895104895105,
      "rev_growth_yoy": 0.3832638475282906,
      "op_leverage_ratio": 2.1779874490015887,
      "fcf_margin_change": 0.005846030057963074
    },
    {
      "date": "2022-03-31T00:00:00",
      "quarter_label": "2022-03 (Q1)",
      "revenue": 373500000,
      "gross_profit": null,
      "operating_income": 28500000,
      "net_income": -100000,
      "opex": 345000000,
      "cogs": null,
      "rd": null,
      "sga": 98400000,
      "fcf": 3600000,
      "ocf": 20500000,
      "capex": -16900000,
      "gross_margin": null,
      "op_margin": 0.07630522088353414,
      "fcf_margin": 0.00963855421686747,
      "incr_op_margin_yoy": 0.5205599300087489,
      "rev_growth_yoy": 0.4409722222222222,
      "rev_growth_yoy_accel": 0.057708374693931586,
      "fcf_margin_change": -0.03578663415772887
    },
    {
      "date": "2022-06-30T00:00:00",
      "quarter_label": "2022-06 (Q2)",
      "revenue": 450200000,
      "gross_profit": null,
      "operating_income": 79900000,
      "net_income": 48000000,
      "opex": 370300000,
      "cogs": null,
      "rd": null,
      "sga": 106900000,
      "fcf": 55700000,
      "ocf": 80600000,
      "capex": -24900000,
      "gross_margin": null,
      "op_margin": 0.17747667703243003,
      "fcf_margin": 0.12372278987116837,
      "incr_op_margin_yoy": 0.4652014652014652,
      "rev_growth_yoy": 0.32023460410557186,
      "rev_growth_yoy_accel": -0.12073761811665035,
      "op_leverage_ratio": 2.800292077400511,
      "fcf_margin_change": 0.1140842356543009
    },
    {
      "date": "2022-09-30T00:00:00",
      "quarter_label": "2022-09 (Q3)",
      "revenue": 453700000,
      "gross_profit": null,
      "operating_income": 74300000,
      "net_income": 40800000,
      "opex": 379400000,
      "cogs": null,
      "rd": null,
      "sga": 106500000,
      "fcf": 48900000,
      "ocf": 73700000,
      "capex": -24800000,
      "gross_margin": null,
      "op_margin": 0.16376460216001762,
      "fcf_margin": 0.10778047167731981,
      "incr_op_margin_yoy": 0.1706422018348624,
      "rev_growth_yoy": 0.13652304609218438,
      "rev_growth_yoy_accel": -0.18371155801338748,
      "fcf_margin_change": -0.01594231819384856
    },
    {
      "date": "2022-12-31T00:00:00",
      "quarter_label": "2022-12 (Q4)",
      "revenue": 494700000,
      "gross_profit": null,
      "operating_income": 105000000,
      "net_income": 59200000,
      "opex": 389700000,
      "cogs": null,
      "rd": null,
      "sga": 110300000,
      "fcf": 56100000,
      "ocf": 79300000,
      "capex": -23200000,
      "gross_margin": null,
      "op_margin": 0.21224984839296543,
      "fcf_margin": 0.1134020618556701,
      "incr_op_margin_yoy": -0.006622516556291391,
      "rev_growth_yoy": 0.06501614639397202,
      "rev_growth_yoy_accel": -0.07150689969821236,
      "op_leverage_ratio": 3.3287040108193473,
      "fcf_margin_change": 0.005621590178350289
    },
    {
      "date": "2023-03-31T00:00:00",
      "quarter_label": "2023-03 (Q1)",
      "revenue": 395800000,
      "gross_profit": null,
      "operating_income": 10200000,
      "net_income": -28900000,
      "opex": 385600000,
      "cogs": null,
      "rd": null,
      "sga": 107900000,
      "fcf": -13200000,
      "ocf": 9400000,
      "capex": -22600000,
      "gross_margin": null,
      "op_margin": 0.025770591207680646,
      "fcf_margin": -0.03335017685699848,
      "incr_op_margin_yoy": -0.820627802690583,
      "rev_growth_yoy": 0.05970548862115127,
      "rev_growth_yoy_accel": -0.005310657772820748,
      "fcf_margin_change": -0.14675223871266857
    },
    {
      "date": "2023-06-30T00:00:00",
      "quarter_label": "2023-06 (Q2)",
      "revenue": 468800000,
      "gross_profit": null,
      "operating_income": -438200000,
      "net_income": -478900000,
      "opex": 907000000,
      "cogs": null,
      "rd": null,
      "sga": 108600000,
      "fcf": 56000000,
      "ocf": 78300000,
      "capex": -22300000,
      "gross_margin": null,
      "op_margin": -0.9347269624573379,
      "fcf_margin": 0.11945392491467577,
      "incr_op_margin_yoy": -27.85483870967742,
      "rev_growth_yoy": 0.041314971123944916,
      "rev_growth_yoy_accel": -0.018390517497206355,
      "op_leverage_ratio": 0.1363995911811264,
      "fcf_margin_change": 0.15280410177167425
    },
    {
      "date": "2023-09-30T00:00:00",
      "quarter_label": "2023-09 (Q3)",
      "revenue": 454800000,
      "gross_profit": null,
      "operating_income": 58600000,
      "net_income": 17000000,
      "opex": 396200000,
      "cogs": null,
      "rd": null,
      "sga": 105300000,
      "fcf": 42800000,
      "ocf": 61500000,
      "capex": -18700000,
      "gross_margin": null,
      "op_margin": 0.12884784520668427,
      "fcf_margin": 0.09410729991204925,
      "incr_op_margin_yoy": -14.272727272727273,
      "rev_growth_yoy": 0.00242450958783337,
      "rev_growth_yoy_accel": -0.038890461536111545,
      "fcf_margin_change": -0.02534662500262652
    },
    {
      "date": "2023-12-31T00:00:00",
      "quarter_label": "2023-12 (Q4)",
      "revenue": 501200000,
      "gross_profit": null,
      "operating_income": 111000000,
      "net_income": 60400000,
      "opex": 390200000,
      "cogs": null,
      "rd": null,
      "sga": 107900000,
      "fcf": 81800000,
      "ocf": 105000000,
      "capex": -23200000,
      "gross_margin": null,
      "op_margin": 0.2214684756584198,
      "fcf_margin": 0.16320830007980847,
      "incr_op_margin_yoy": 0.9230769230769231,
      "rev_growth_yoy": 0.013139276329088337,
      "rev_growth_yoy_accel": 0.010714766741254966,
      "op_leverage_ratio": Infinity,
      "fcf_margin_change": 0.06910100016775922
    },
    {
      "date": "2024-03-31T00:00:00",
      "quarter_label": "2024-03 (Q1)",
      "revenue": 408500000,
      "gross_profit": null,
      "operating_income": 14000000,
      "net_income": -27200000,
      "opex": 394500000,
      "cogs": null,
      "rd": null,
      "sga": 110500000,
      "fcf": 12200000,
      "ocf": 30600000,
      "capex": -18400000,
      "gross_margin": null,
      "op_margin": 0.03427172582619339,
      "fcf_margin": 0.029865361077111383,
      "incr_op_margin_yoy": 0.2992125984251969,
      "rev_growth_yoy": 0.03208691258211218,
      "rev_growth_yoy_accel": 0.018947636253023842,
      "fcf_margin_change": -0.1333429390026971
    },
    {
      "date": "2024-06-30T00:00:00",
      "quarter_label": "2024-06 (Q2)",
      "revenue": 477300000,
      "gross_profit": null,
      "operating_income": 229100000,
      "net_income": 176800000,
      "opex": 248200000,
      "cogs": null,
      "rd": null,
      "sga": 119100000,
      "fcf": 47100000,
      "ocf": 71000000,
      "capex": -23900000,
      "gross_margin": null,
      "op_margin": 0.47999161952650327,
      "fcf_margin": 0.09868007542426147,
      "incr_op_margin_yoy": 78.50588235294117,
      "rev_growth_yoy": 0.018131399317406142,
      "rev_growth_yoy_accel": -0.013955513264706038,
      "op_leverage_ratio": Infinity,
      "fcf_margin_change": 0.06881471434715009
    },
    {
      "date": "2024-09-30T00:00:00",
      "quarter_label": "2024-09 (Q3)",
      "revenue": 451900000,
      "gross_profit": null,
      "operating_income": 71300000,
      "net_income": 34600000,
      "opex": 380600000,
      "cogs": null,
      "rd": null,
      "sga": 108700000,
      "fcf": 55500000,
      "ocf": 73100000,
      "capex": -17600000,
      "gross_margin": null,
      "op_margin": 0.15777826952865678,
      "fcf_margin": 0.12281478203142288,
      "incr_op_margin_yoy": -4.379310344827586,
      "rev_growth_yoy": -0.006376429199648197,
      "rev_growth_yoy_accel": -0.02450782851705434,
      "fcf_margin_change": 0.02413470660716141
    },
    {
      "date": "2024-12-31T00:00:00",
      "quarter_label": "2024-12 (Q4)",
      "revenue": 493200000,
      "gross_profit": null,
      "operating_income": 111100000,
      "net_income": 74000000,
      "opex": 382100000,
      "cogs": null,
      "rd": null,
      "sga": 109600000,
      "fcf": 106300000,
      "ocf": 124500000,
      "capex": -18200000,
      "gross_margin": null,
      "op_margin": 0.22526358475263586,
      "fcf_margin": 0.21553122465531224,
      "incr_op_margin_yoy": -0.0125,
      "rev_growth_yoy": -0.01596169193934557,
      "rev_growth_yoy_accel": -0.009585262739697373,
      "op_leverage_ratio": 23.18917164564432,
      "fcf_margin_change": 0.09271644262388937
    },
    {
      "date": "2025-03-31T00:00:00",
      "quarter_label": "2025-03 (Q1)",
      "revenue": 390700000,
      "gross_profit": null,
      "operating_income": 13900000,
      "net_income": -20600000,
      "opex": 376800000,
      "cogs": null,
      "rd": null,
      "sga": 114700000,
      "fcf": 16400000,
      "ocf": 33600000,
      "capex": -17200000,
      "gross_margin": null,
      "op_margin": 0.03557716918351676,
      "fcf_margin": 0.041975940619401075,
      "incr_op_margin_yoy": 0.0056179775280898875,
      "rev_growth_yoy": -0.043574051407588736,
      "rev_growth_yoy_accel": -0.027612359468243166,
      "fcf_margin_change": -0.17355528403591117
    },
    {
      "date": "2025-06-30T00:00:00",
      "quarter_label": "2025-06 (Q2)",
      "revenue": 460200000,
      "gross_profit": null,
      "operating_income": 56200000,
      "net_income": 19500000,
      "opex": 404000000,
      "cogs": null,
      "rd": null,
      "sga": 110600000,
      "fcf": 41400000,
      "ocf": 67100000,
      "capex": -25700000,
      "gross_margin": null,
      "op_margin": 0.12212081703607128,
      "fcf_margin": 0.08996088657105607,
      "incr_op_margin_yoy": 10.11111111111111,
      "rev_growth_yoy": -0.035826524198617225,
      "rev_growth_yoy_accel": 0.007747527208971511,
      "op_leverage_ratio": 2.4642421596229998,
      "fcf_margin_change": 0.04798494595165499
    },
    {
      "date": "2025-09-30T00:00:00",
      "quarter_label": "2025-09 (Q3)",
      "revenue": 467500000,
      "gross_profit": null,
      "operating_income": 89900000,
      "net_income": 51300000,
      "opex": 377600000,
      "cogs": null,
      "rd": null,
      "sga": 105200000,
      "fcf": 67700000,
      "ocf": 88800000,
      "capex": -21100000,
      "gross_margin": null,
      "op_margin": 0.1922994652406417,
      "fcf_margin": 0.14481283422459892,
      "incr_op_margin_yoy": 1.1923076923076923,
      "rev_growth_yoy": 0.03452091170612968,
      "rev_growth_yoy_accel": 0.0703474359047469,
      "op_leverage_ratio": Infinity,
      "fcf_margin_change": 0.05485194765354286
    }
  ],
  "signals": [
    {
      "quarter": "2025-09 (Q3)",
      "signal": "FCF MARGIN EXPANSION",
      "detail": "FCF margin: +9.0% -> +14.5% (+5.5%)",
      "severity": "MEDIUM"
    },
    {
      "quarter": "2025-09 (Q3)",
      "signal": "YoY REVENUE GROWTH ACCELERATION",
      "detail": "YoY growth: +3.5% vs prior quarter YoY: -3.6% (accel: +7.0%)",
      "severity": "MEDIUM"
    },
    {
      "quarter": "2025-09 (Q3)",
      "signal": "INCREMENTAL MARGIN (YoY)",
      "detail": "YoY Incr OPM: +119.2% vs year-ago OPM: +15.8%",
      "severity": "HIGH"
    },
    {
      "quarter": "2025-06 (Q2)",
      "signal": "OPERATING LEVERAGE",
      "detail": "Rev growth +17.8% vs OpEx growth +7.2% (leverage: 2.5x)",
      "severity": "MEDIUM"
    },
    {
      "quarter": "2025-06 (Q2)",
      "signal": "INCREMENTAL MARGIN (YoY)",
      "detail": "YoY Incr OPM: +1011.1% vs year-ago OPM: +48.0%",
      "severity": "HIGH"
    },
    {
      "quarter": "2024-12 (Q4)",
      "signal": "FCF MARGIN EXPANSION",
      "detail": "FCF margin: +12.3% -> +21.6% (+9.3%)",
      "severity": "MEDIUM"
    },
    {
      "quarter": "2024-12 (Q4)",
      "signal": "OPERATING LEVERAGE",
      "detail": "Rev growth +9.1% vs OpEx growth +0.4% (leverage: 23.2x)",
      "severity": "MEDIUM"
    },
    {
      "quarter": "2024-06 (Q2)",
      "signal": "FCF MARGIN EXPANSION",
      "detail": "FCF margin: +3.0% -> +9.9% (+6.9%)",
      "severity": "MEDIUM"
    },
    {
      "quarter": "2024-06 (Q2)",
      "signal": "OP MARGIN TURNED POSITIVE (YoY)",
      "detail": "Op margin: -93.5% (year-ago) -> +48.0%",
      "severity": "HIGH"
    },
    {
      "quarter": "2024-03 (Q1)",
      "signal": "INCREMENTAL MARGIN (YoY)",
      "detail": "YoY Incr OPM: +29.9% vs year-ago OPM: +2.6%",
      "severity": "HIGH"
    },
    {
      "quarter": "2023-12 (Q4)",
      "signal": "FCF MARGIN EXPANSION",
      "detail": "FCF margin: +9.4% -> +16.3% (+6.9%)",
      "severity": "MEDIUM"
    },
    {
      "quarter": "2023-12 (Q4)",
      "signal": "INCREMENTAL MARGIN (YoY)",
      "detail": "YoY Incr OPM: +92.3% vs year-ago OPM: +21.2%",
      "severity": "HIGH"
    },
    {
      "quarter": "2023-09 (Q3)",
      "signal": "OP MARGIN TURNED POSITIVE (QoQ)",
      "detail": "Op margin: -93.5% -> +12.9%",
      "severity": "HIGH"
    },
    {
      "quarter": "2023-06 (Q2)",
      "signal": "FCF TURNED POSITIVE",
      "detail": "FCF margin: -3.3% -> +11.9%",
      "severity": "HIGH"
    },
    {
      "quarter": "2022-12 (Q4)",
      "signal": "OPERATING LEVERAGE",
      "detail": "Rev growth +9.0% vs OpEx growth +2.7% (leverage: 3.3x)",
      "severity": "MEDIUM"
    },
    {
      "quarter": "2022-12 (Q4)",
      "signal": "YoY REVENUE GROWTH DECELERATION",
      "detail": "YoY growth: +6.5% vs prior quarter YoY: +13.7% (decel: -7.2%)",
      "severity": "WARNING"
    },
    {
      "quarter": "2022-09 (Q3)",
      "signal": "YoY REVENUE GROWTH DECELERATION",
      "detail": "YoY growth: +13.7% vs prior quarter YoY: +32.0% (decel: -18.4%)",
      "severity": "WARNING"
    },
    {
      "quarter": "2022-06 (Q2)",
      "signal": "FCF MARGIN EXPANSION",
      "detail": "FCF margin: +1.0% -> +12.4% (+11.4%)",
      "severity": "MEDIUM"
    },
    {
      "quarter": "2022-06 (Q2)",
      "signal": "OPERATING LEVERAGE",
      "detail": "Rev growth +20.5% vs OpEx growth +7.3% (leverage: 2.8x)",
      "severity": "MEDIUM"
    },
    {
      "quarter": "2022-06 (Q2)",
      "signal": "YoY REVENUE GROWTH DECELERATION",
      "detail": "YoY growth: +32.0% vs prior quarter YoY: +44.1% (decel: -12.1%)",
      "severity": "WARNING"
    },
    {
      "quarter": "2022-06 (Q2)",
      "signal": "INCREMENTAL MARGIN (YoY)",
      "detail": "YoY Incr OPM: +46.5% vs year-ago OPM: +8.5%",
      "severity": "HIGH"
    },
    {
      "quarter": "2022-03 (Q1)",
      "signal": "YoY REVENUE GROWTH ACCELERATION",
      "detail": "YoY growth: +44.1% vs prior quarter YoY: +38.3% (accel: +5.8%)",
      "severity": "MEDIUM"
    },
    {
      "quarter": "2022-03 (Q1)",
      "signal": "OP MARGIN TURNED POSITIVE (YoY)",
      "detail": "Op margin: -12.0% (year-ago) -> +7.6%",
      "severity": "HIGH"
    },
    {
      "quarter": "2021-12 (Q4)",
      "signal": "OPERATING LEVERAGE",
      "detail": "Rev growth +16.4% vs OpEx growth +7.5% (leverage: 2.2x)",
      "severity": "MEDIUM"
    },
    {
      "quarter": "2021-12 (Q4)",
      "signal": "INCREMENTAL MARGIN (YoY)",
      "detail": "YoY Incr OPM: +51.0% vs year-ago OPM: +11.8%",
      "severity": "HIGH"
    },
    {
      "quarter": "2021-09 (Q3)",
      "signal": "OPERATING LEVERAGE",
      "detail": "Rev growth +17.1% vs OpEx growth +7.1% (leverage: 2.4x)",
      "severity": "MEDIUM"
    },
    {
      "quarter": "2021-06 (Q2)",
      "signal": "FCF TURNED POSITIVE",
      "detail": "FCF margin: -7.8% -> +2.4%",
      "severity": "HIGH"
    },
    {
      "quarter": "2021-06 (Q2)",
      "signal": "OPERATING LEVERAGE",
      "detail": "Rev growth +31.6% vs OpEx growth +7.5% (leverage: 4.2x)",
      "severity": "MEDIUM"
    },
    {
      "quarter": "2021-06 (Q2)",
      "signal": "OP MARGIN TURNED POSITIVE (QoQ)",
      "detail": "Op margin: -12.0% -> +8.5%",
      "severity": "HIGH"
    }
  ],
  "data_quality": {
    "n_quarters": 20,
    "coverage": {
      "revenue": [
        20,
        20
      ],
      "gross_profit": [
        0,
        20
      ],
      "op_income": [
        20,
        20
      ],
      "fcf": [
        20,
        20
      ]
    },
    "gaps": [],
    "warnings": [
      "gross_profit: no data"
    ]
  },
  "market_cap": null,
  "source": "SEC EDGAR",
  "last_updated": "2026-02-02T21:11:46.980758"
}