{
  "ticker": "OVID",
  "name": "Ovid Therapeutics Inc.",
  "quarters": [
    {
      "date": "2020-12-31T00:00:00",
      "quarter_label": "2020-12 (Q4)",
      "revenue": 5703187,
      "gross_profit": null,
      "operating_income": -21591241,
      "net_income": -22029501,
      "opex": 27294428,
      "cogs": null,
      "rd": 16883784,
      "sga": null,
      "fcf": -14551265,
      "ocf": -14509382,
      "capex": -41883,
      "gross_margin": null,
      "op_margin": -3.785820279082555,
      "fcf_margin": -2.55142694777499
    },
    {
      "date": "2021-03-31T00:00:00",
      "quarter_label": "2021-03 (Q1)",
      "revenue": 208382779,
      "gross_profit": null,
      "operating_income": 176557316,
      "net_income": 176007307,
      "opex": 31825463,
      "cogs": null,
      "rd": 16248909,
      "sga": null,
      "fcf": 160887569,
      "ocf": 160899083,
      "capex": -11514,
      "gross_margin": null,
      "op_margin": 0.8472740254606164,
      "fcf_margin": 0.7720770870418232,
      "op_leverage_ratio": 214.07649721306024,
      "fcf_margin_change": 3.3235040348168132
    },
    {
      "date": "2021-06-30T00:00:00",
      "quarter_label": "2021-06 (Q2)",
      "revenue": 0,
      "gross_profit": null,
      "operating_income": -14312826,
      "net_income": -15788427,
      "opex": 14312826,
      "cogs": null,
      "rd": 7683668,
      "sga": null,
      "fcf": -19405376,
      "ocf": -19416890,
      "capex": 11514,
      "gross_margin": null,
      "op_margin": null,
      "fcf_margin": null
    },
    {
      "date": "2021-09-30T00:00:00",
      "quarter_label": "2021-09 (Q3)",
      "revenue": 0,
      "gross_profit": null,
      "operating_income": -11681734,
      "net_income": -11384248,
      "opex": 11681734,
      "cogs": null,
      "rd": 4917393,
      "sga": null,
      "fcf": -10894066,
      "ocf": -10872016,
      "capex": -22050,
      "gross_margin": null,
      "op_margin": null,
      "fcf_margin": null
    },
    {
      "date": "2021-12-31T00:00:00",
      "quarter_label": "2021-12 (Q4)",
      "revenue": 0,
      "gross_profit": null,
      "operating_income": -26353665,
      "net_income": -26000048,
      "opex": 26353665,
      "cogs": null,
      "rd": 18089614,
      "sga": null,
      "fcf": -12160462,
      "ocf": -11998504,
      "capex": -161958,
      "gross_margin": null,
      "op_margin": null,
      "fcf_margin": null,
      "incr_op_margin_yoy": 0.8350460891427898,
      "rev_growth_yoy": -1.0
    },
    {
      "date": "2022-03-31T00:00:00",
      "quarter_label": "2022-03 (Q1)",
      "revenue": 1445366,
      "gross_profit": null,
      "operating_income": -16267107,
      "net_income": -16108056,
      "opex": 17712472,
      "cogs": null,
      "rd": 7832269,
      "sga": null,
      "fcf": -20132354,
      "ocf": -20086419,
      "capex": -45935,
      "gross_margin": null,
      "op_margin": -11.254662832804978,
      "fcf_margin": -13.928896902237911,
      "incr_op_margin_yoy": 0.9318006841034588,
      "rev_growth_yoy": -0.9930638894109384,
      "rev_growth_yoy_accel": 0.006936110589061628
    },
    {
      "date": "2022-06-30T00:00:00",
      "quarter_label": "2022-06 (Q2)",
      "revenue": 0,
      "gross_profit": null,
      "operating_income": -14304287,
      "net_income": -14588414,
      "opex": 14304287,
      "cogs": null,
      "rd": 6046670,
      "sga": null,
      "fcf": -14328508,
      "ocf": -13288603,
      "capex": -1039905,
      "gross_margin": null,
      "op_margin": null,
      "fcf_margin": null
    },
    {
      "date": "2022-09-30T00:00:00",
      "quarter_label": "2022-09 (Q3)",
      "revenue": 11102,
      "gross_profit": null,
      "operating_income": -12803856,
      "net_income": -11967771,
      "opex": 12814958,
      "cogs": null,
      "rd": 5183253,
      "sga": null,
      "fcf": -12694973,
      "ocf": -12676373,
      "capex": -18600,
      "gross_margin": null,
      "op_margin": -1153.2927400468384,
      "fcf_margin": -1143.4852278868673
    },
    {
      "date": "2022-12-31T00:00:00",
      "quarter_label": "2022-12 (Q4)",
      "revenue": 46280,
      "gross_profit": null,
      "operating_income": -12172912,
      "net_income": -11504789,
      "opex": 12219192,
      "cogs": null,
      "rd": 5556207,
      "sga": null,
      "fcf": -9295671,
      "ocf": -9175732,
      "capex": -119939,
      "gross_margin": null,
      "op_margin": -263.0274848746759,
      "fcf_margin": -200.85719533275713,
      "op_leverage_ratio": Infinity,
      "fcf_margin_change": 942.6280325541102
    },
    {
      "date": "2023-03-31T00:00:00",
      "quarter_label": "2023-03 (Q1)",
      "revenue": 66160,
      "gross_profit": null,
      "operating_income": -14892305,
      "net_income": -13356209,
      "opex": 14958465,
      "cogs": null,
      "rd": 6614717,
      "sga": null,
      "fcf": -12126000,
      "ocf": -12112000,
      "capex": -14000,
      "gross_margin": null,
      "op_margin": -225.09529927448608,
      "fcf_margin": -183.28295042321645,
      "incr_op_margin_yoy": -0.9968068584388409,
      "rev_growth_yoy": -0.9542261268080195,
      "op_leverage_ratio": 1.9161530812403718,
      "fcf_margin_change": 17.57424490954068
    },
    {
      "date": "2023-06-30T00:00:00",
      "quarter_label": "2023-06 (Q2)",
      "revenue": 75000,
      "gross_profit": null,
      "operating_income": -14171982,
      "net_income": -12408330,
      "opex": 14246982,
      "cogs": null,
      "rd": 5998766,
      "sga": null,
      "fcf": -11713000,
      "ocf": -11706000,
      "capex": -7000,
      "gross_margin": null,
      "op_margin": -188.95976,
      "fcf_margin": -156.17333333333335,
      "op_leverage_ratio": Infinity,
      "fcf_margin_change": 27.109617089883102
    },
    {
      "date": "2023-09-30T00:00:00",
      "quarter_label": "2023-09 (Q3)",
      "revenue": 108972,
      "gross_profit": null,
      "operating_income": -12028832,
      "net_income": -11252386,
      "opex": 12137804,
      "cogs": null,
      "rd": 5332591,
      "sga": null,
      "fcf": -10058000,
      "ocf": -10052000,
      "capex": -6000,
      "gross_margin": null,
      "op_margin": -110.38461256102485,
      "fcf_margin": -92.2989391770363,
      "rev_growth_yoy": 8.81552873356152,
      "op_leverage_ratio": Infinity,
      "fcf_margin_change": 63.87439415629704
    },
    {
      "date": "2023-12-31T00:00:00",
      "quarter_label": "2023-12 (Q4)",
      "revenue": 141563,
      "gross_profit": null,
      "operating_income": -18188346,
      "net_income": -15322034,
      "opex": 18329908,
      "cogs": null,
      "rd": 10641957,
      "sga": null,
      "fcf": -11924000,
      "ocf": -11911000,
      "capex": -13000,
      "gross_margin": null,
      "op_margin": -128.48234355022146,
      "fcf_margin": -84.23104907355736,
      "rev_growth_yoy": 2.058837510803803,
      "rev_growth_yoy_accel": -6.756691222757716,
      "op_leverage_ratio": 0.5862524124233639,
      "fcf_margin_change": 8.067890103478945
    },
    {
      "date": "2024-03-31T00:00:00",
      "quarter_label": "2024-03 (Q1)",
      "revenue": 148000,
      "gross_profit": null,
      "operating_income": -17417000,
      "net_income": -11694000,
      "opex": 17565000,
      "cogs": null,
      "rd": 10397000,
      "sga": null,
      "fcf": -16705000,
      "ocf": -16686000,
      "capex": -19000,
      "gross_margin": null,
      "op_margin": -117.68243243243244,
      "fcf_margin": -112.87162162162163,
      "rev_growth_yoy": 1.2370012091898428,
      "rev_growth_yoy_accel": -0.82183630161396,
      "op_leverage_ratio": Infinity,
      "fcf_margin_change": -28.64057254806427
    },
    {
      "date": "2024-06-30T00:00:00",
      "quarter_label": "2024-06 (Q2)",
      "revenue": 169000,
      "gross_profit": null,
      "operating_income": -20517000,
      "net_income": 8521000,
      "opex": 20686000,
      "cogs": null,
      "rd": 12582000,
      "sga": null,
      "fcf": -14289000,
      "ocf": -14255000,
      "capex": -34000,
      "gross_margin": null,
      "op_margin": -121.40236686390533,
      "fcf_margin": -84.55029585798816,
      "rev_growth_yoy": 1.2533333333333334,
      "rev_growth_yoy_accel": 0.01633212414349061,
      "op_leverage_ratio": 0.7985681131307533,
      "fcf_margin_change": 28.321325763633467
    },
    {
      "date": "2024-09-30T00:00:00",
      "quarter_label": "2024-09 (Q3)",
      "revenue": 173000,
      "gross_profit": null,
      "operating_income": -13226000,
      "net_income": -14006000,
      "opex": 13399000,
      "cogs": null,
      "rd": 7855000,
      "sga": null,
      "fcf": -15003000,
      "ocf": -15007000,
      "capex": 4000,
      "gross_margin": null,
      "op_margin": -76.45086705202313,
      "fcf_margin": -86.72254335260115,
      "rev_growth_yoy": 0.5875637778511912,
      "rev_growth_yoy_accel": -0.6657695554821422,
      "op_leverage_ratio": Infinity,
      "fcf_margin_change": -2.1722474946129893
    },
    {
      "date": "2024-12-31T00:00:00",
      "quarter_label": "2024-12 (Q4)",
      "revenue": 76000,
      "gross_profit": null,
      "operating_income": -10722000,
      "net_income": -9253000,
      "opex": 10798000,
      "cogs": null,
      "rd": 5923000,
      "sga": null,
      "fcf": -10030000,
      "ocf": -10008000,
      "capex": -22000,
      "gross_margin": null,
      "op_margin": -141.07894736842104,
      "fcf_margin": -131.97368421052633,
      "rev_growth_yoy": -0.46313655404307624,
      "rev_growth_yoy_accel": -1.0507003318942674,
      "fcf_margin_change": -45.25114085792518
    },
    {
      "date": "2025-03-31T00:00:00",
      "quarter_label": "2025-03 (Q1)",
      "revenue": 130000,
      "gross_profit": null,
      "operating_income": -12550000,
      "net_income": -10235000,
      "opex": 12680000,
      "cogs": null,
      "rd": 6659000,
      "sga": null,
      "fcf": -10280000,
      "ocf": -10280000,
      "capex": null,
      "gross_margin": null,
      "op_margin": -96.53846153846153,
      "fcf_margin": -79.07692307692308,
      "rev_growth_yoy": -0.12162162162162163,
      "rev_growth_yoy_accel": 0.3415149324214546,
      "op_leverage_ratio": 4.076654175289446,
      "fcf_margin_change": 52.89676113360325
    },
    {
      "date": "2025-06-30T00:00:00",
      "quarter_label": "2025-06 (Q2)",
      "revenue": 6272000,
      "gross_profit": null,
      "operating_income": -5073000,
      "net_income": -4684000,
      "opex": 11345000,
      "cogs": null,
      "rd": 6465000,
      "sga": null,
      "fcf": -4774000,
      "ocf": -4774000,
      "capex": null,
      "gross_margin": null,
      "op_margin": -0.8088329081632653,
      "fcf_margin": -0.7611607142857143,
      "incr_op_margin_yoy": 2.5305587416024906,
      "rev_growth_yoy": 36.112426035502956,
      "rev_growth_yoy_accel": 36.23404765712458,
      "op_leverage_ratio": Infinity,
      "fcf_margin_change": 78.31576236263737
    },
    {
      "date": "2025-09-30T00:00:00",
      "quarter_label": "2025-09 (Q3)",
      "revenue": 132000,
      "gross_profit": null,
      "operating_income": -12523000,
      "net_income": -12158000,
      "opex": 12655000,
      "cogs": null,
      "rd": 5870000,
      "sga": null,
      "fcf": -12872000,
      "ocf": -12872000,
      "capex": null,
      "gross_margin": null,
      "op_margin": -94.87121212121212,
      "fcf_margin": -97.51515151515152,
      "rev_growth_yoy": -0.23699421965317918,
      "rev_growth_yoy_accel": -36.34942025515613,
      "fcf_margin_change": -96.75399080086581
    }
  ],
  "signals": [
    {
      "quarter": "2025-09 (Q3)",
      "signal": "YoY REVENUE GROWTH DECELERATION",
      "detail": "YoY growth: -23.7% vs prior quarter YoY: +3611.2% (decel: -3634.9%)",
      "severity": "WARNING"
    },
    {
      "quarter": "2025-06 (Q2)",
      "signal": "FCF MARGIN EXPANSION",
      "detail": "FCF margin: -7907.7% -> -76.1% (+7831.6%)",
      "severity": "MEDIUM"
    },
    {
      "quarter": "2025-06 (Q2)",
      "signal": "YoY REVENUE GROWTH ACCELERATION",
      "detail": "YoY growth: +3611.2% vs prior quarter YoY: -12.2% (accel: +3623.4%)",
      "severity": "HIGH"
    },
    {
      "quarter": "2025-03 (Q1)",
      "signal": "FCF MARGIN EXPANSION",
      "detail": "FCF margin: -13197.4% -> -7907.7% (+5289.7%)",
      "severity": "MEDIUM"
    },
    {
      "quarter": "2025-03 (Q1)",
      "signal": "OPERATING LEVERAGE",
      "detail": "Rev growth +71.1% vs OpEx growth +17.4% (leverage: 4.1x)",
      "severity": "MEDIUM"
    },
    {
      "quarter": "2025-03 (Q1)",
      "signal": "YoY REVENUE GROWTH ACCELERATION",
      "detail": "YoY growth: -12.2% vs prior quarter YoY: -46.3% (accel: +34.2%)",
      "severity": "HIGH"
    },
    {
      "quarter": "2024-12 (Q4)",
      "signal": "YoY REVENUE GROWTH DECELERATION",
      "detail": "YoY growth: -46.3% vs prior quarter YoY: +58.8% (decel: -105.1%)",
      "severity": "WARNING"
    },
    {
      "quarter": "2024-09 (Q3)",
      "signal": "YoY REVENUE GROWTH DECELERATION",
      "detail": "YoY growth: +58.8% vs prior quarter YoY: +125.3% (decel: -66.6%)",
      "severity": "WARNING"
    },
    {
      "quarter": "2024-06 (Q2)",
      "signal": "FCF MARGIN EXPANSION",
      "detail": "FCF margin: -11287.2% -> -8455.0% (+2832.1%)",
      "severity": "MEDIUM"
    },
    {
      "quarter": "2024-03 (Q1)",
      "signal": "YoY REVENUE GROWTH DECELERATION",
      "detail": "YoY growth: +123.7% vs prior quarter YoY: +205.9% (decel: -82.2%)",
      "severity": "WARNING"
    },
    {
      "quarter": "2023-12 (Q4)",
      "signal": "FCF MARGIN EXPANSION",
      "detail": "FCF margin: -9229.9% -> -8423.1% (+806.8%)",
      "severity": "MEDIUM"
    },
    {
      "quarter": "2023-12 (Q4)",
      "signal": "YoY REVENUE GROWTH DECELERATION",
      "detail": "YoY growth: +205.9% vs prior quarter YoY: +881.6% (decel: -675.7%)",
      "severity": "WARNING"
    },
    {
      "quarter": "2023-09 (Q3)",
      "signal": "FCF MARGIN EXPANSION",
      "detail": "FCF margin: -15617.3% -> -9229.9% (+6387.4%)",
      "severity": "MEDIUM"
    },
    {
      "quarter": "2023-06 (Q2)",
      "signal": "FCF MARGIN EXPANSION",
      "detail": "FCF margin: -18328.3% -> -15617.3% (+2711.0%)",
      "severity": "MEDIUM"
    },
    {
      "quarter": "2023-03 (Q1)",
      "signal": "FCF MARGIN EXPANSION",
      "detail": "FCF margin: -20085.7% -> -18328.3% (+1757.4%)",
      "severity": "MEDIUM"
    },
    {
      "quarter": "2023-03 (Q1)",
      "signal": "OPERATING LEVERAGE",
      "detail": "Rev growth +43.0% vs OpEx growth +22.4% (leverage: 1.9x)",
      "severity": "MEDIUM"
    },
    {
      "quarter": "2022-12 (Q4)",
      "signal": "FCF MARGIN EXPANSION",
      "detail": "FCF margin: -114348.5% -> -20085.7% (+94262.8%)",
      "severity": "MEDIUM"
    },
    {
      "quarter": "2021-03 (Q1)",
      "signal": "FCF TURNED POSITIVE",
      "detail": "FCF margin: -255.1% -> +77.2%",
      "severity": "HIGH"
    },
    {
      "quarter": "2021-03 (Q1)",
      "signal": "OPERATING LEVERAGE",
      "detail": "Rev growth +3553.8% vs OpEx growth +16.6% (leverage: 214.1x)",
      "severity": "MEDIUM"
    },
    {
      "quarter": "2021-03 (Q1)",
      "signal": "OP MARGIN TURNED POSITIVE (QoQ)",
      "detail": "Op margin: -378.6% -> +84.7%",
      "severity": "HIGH"
    }
  ],
  "data_quality": {
    "n_quarters": 20,
    "coverage": {
      "revenue": [
        20,
        20
      ],
      "gross_profit": [
        0,
        20
      ],
      "op_income": [
        20,
        20
      ],
      "fcf": [
        20,
        20
      ]
    },
    "gaps": [],
    "warnings": [
      "gross_profit: no data"
    ]
  },
  "market_cap": null,
  "source": "SEC EDGAR",
  "last_updated": "2026-02-02T23:14:28.125633"
}