{
  "ticker": "OVV",
  "name": "Ovintiv Inc.",
  "sector": "Energy",
  "industry": "Oil & Gas E&P",
  "quarters": [
    {
      "date": "2021-03-31T00:00:00",
      "quarter_label": "2021-03 (Q1)",
      "revenue": 1838000000,
      "gross_profit": null,
      "operating_income": 195000000,
      "net_income": 309000000,
      "opex": 1643000000,
      "cogs": null,
      "rd": null,
      "sga": null,
      "fcf": 477000000,
      "ocf": 827000000,
      "capex": -350000000,
      "gross_margin": null,
      "op_margin": 0.10609357997823722,
      "fcf_margin": 0.25952121871599565
    },
    {
      "date": "2021-06-30T00:00:00",
      "quarter_label": "2021-06 (Q2)",
      "revenue": 1692000000,
      "gross_profit": null,
      "operating_income": -121000000,
      "net_income": -205000000,
      "opex": 1813000000,
      "cogs": null,
      "rd": null,
      "sga": null,
      "fcf": 367000000,
      "ocf": 750000000,
      "capex": -383000000,
      "gross_margin": null,
      "op_margin": -0.0715130023640662,
      "fcf_margin": 0.21690307328605202,
      "fcf_margin_change": -0.04261814542994363
    },
    {
      "date": "2021-09-30T00:00:00",
      "quarter_label": "2021-09 (Q3)",
      "revenue": 1789000000,
      "gross_profit": null,
      "operating_income": 0,
      "net_income": -72000000,
      "opex": 1789000000,
      "cogs": null,
      "rd": null,
      "sga": null,
      "fcf": 447000000,
      "ocf": 812000000,
      "capex": -365000000,
      "gross_margin": null,
      "op_margin": 0.0,
      "fcf_margin": 0.24986025712688653,
      "op_leverage_ratio": null,
      "fcf_margin_change": 0.032957183840834514
    },
    {
      "date": "2021-12-31T00:00:00",
      "quarter_label": "2021-12 (Q4)",
      "revenue": 3339000000,
      "gross_profit": null,
      "operating_income": 1445000000,
      "net_income": 1384000000,
      "opex": 1894000000,
      "cogs": null,
      "rd": null,
      "sga": null,
      "fcf": 319000000,
      "ocf": 740000000,
      "capex": -421000000,
      "gross_margin": null,
      "op_margin": 0.432764300688829,
      "fcf_margin": 0.09553758610362384,
      "op_leverage_ratio": 14.761904761904761,
      "fcf_margin_change": -0.1543226710232627
    },
    {
      "date": "2022-03-31T00:00:00",
      "quarter_label": "2022-03 (Q1)",
      "revenue": 1967000000,
      "gross_profit": null,
      "operating_income": -200000000,
      "net_income": -241000000,
      "opex": 2167000000,
      "cogs": null,
      "rd": null,
      "sga": null,
      "fcf": 234000000,
      "ocf": 685000000,
      "capex": -451000000,
      "gross_margin": null,
      "op_margin": -0.10167768174885612,
      "fcf_margin": 0.11896288764616167,
      "incr_op_margin_yoy": -3.062015503875969,
      "rev_growth_yoy": 0.07018498367791078,
      "fcf_margin_change": 0.02342530154253783
    },
    {
      "date": "2022-06-30T00:00:00",
      "quarter_label": "2022-06 (Q2)",
      "revenue": 3736000000,
      "gross_profit": null,
      "operating_income": 1516000000,
      "net_income": 1357000000,
      "opex": 2220000000,
      "cogs": null,
      "rd": null,
      "sga": null,
      "fcf": 833000000,
      "ocf": 1344000000,
      "capex": -511000000,
      "gross_margin": null,
      "op_margin": 0.4057815845824411,
      "fcf_margin": 0.22296573875802997,
      "incr_op_margin_yoy": 0.800880626223092,
      "rev_growth_yoy": 1.2080378250591017,
      "rev_growth_yoy_accel": 1.137852841381191,
      "op_leverage_ratio": 36.77109092478729,
      "fcf_margin_change": 0.1040028511118683
    },
    {
      "date": "2022-09-30T00:00:00",
      "quarter_label": "2022-09 (Q3)",
      "revenue": 3549000000,
      "gross_profit": null,
      "operating_income": 1373000000,
      "net_income": 1186000000,
      "opex": 2176000000,
      "cogs": null,
      "rd": null,
      "sga": null,
      "fcf": 451000000,
      "ocf": 962000000,
      "capex": -511000000,
      "gross_margin": null,
      "op_margin": 0.38686954071569457,
      "fcf_margin": 0.12707805015497323,
      "incr_op_margin_yoy": 0.7801136363636364,
      "rev_growth_yoy": 0.9837898267188373,
      "rev_growth_yoy_accel": -0.22424799834026443,
      "fcf_margin_change": -0.09588768860305674
    },
    {
      "date": "2022-12-31T00:00:00",
      "quarter_label": "2022-12 (Q4)",
      "revenue": 3212000000,
      "gross_profit": null,
      "operating_income": 1164000000,
      "net_income": 1335000000,
      "opex": 2048000000,
      "cogs": null,
      "rd": null,
      "sga": null,
      "fcf": 517000000,
      "ocf": 875000000,
      "capex": -358000000,
      "gross_margin": null,
      "op_margin": 0.36239103362391034,
      "fcf_margin": 0.16095890410958905,
      "incr_op_margin_yoy": 2.2125984251968505,
      "rev_growth_yoy": -0.03803533992213237,
      "rev_growth_yoy_accel": -1.0218251666409697,
      "fcf_margin_change": 0.03388085395461582
    },
    {
      "date": "2023-03-31T00:00:00",
      "quarter_label": "2023-03 (Q1)",
      "revenue": 2551000000,
      "gross_profit": null,
      "operating_income": 678000000,
      "net_income": 487000000,
      "opex": 1873000000,
      "cogs": null,
      "rd": null,
      "sga": null,
      "fcf": 458000000,
      "ocf": 1068000000,
      "capex": -610000000,
      "gross_margin": null,
      "op_margin": 0.2657781262250098,
      "fcf_margin": 0.1795374362994904,
      "incr_op_margin_yoy": 1.5034246575342465,
      "rev_growth_yoy": 0.2968988307066599,
      "rev_growth_yoy_accel": 0.33493417062879227,
      "fcf_margin_change": 0.018578532189901353
    },
    {
      "date": "2023-06-30T00:00:00",
      "quarter_label": "2023-06 (Q2)",
      "revenue": 2517000000,
      "gross_profit": null,
      "operating_income": 531000000,
      "net_income": 336000000,
      "opex": 1986000000,
      "cogs": null,
      "rd": null,
      "sga": null,
      "fcf": 191000000,
      "ocf": 831000000,
      "capex": -640000000,
      "gross_margin": null,
      "op_margin": 0.21096543504171633,
      "fcf_margin": 0.07588398887564561,
      "incr_op_margin_yoy": 0.8080393765381461,
      "rev_growth_yoy": -0.3262847965738758,
      "rev_growth_yoy_accel": -0.6231836272805358,
      "fcf_margin_change": -0.10365344742384479
    },
    {
      "date": "2023-09-30T00:00:00",
      "quarter_label": "2023-09 (Q3)",
      "revenue": 2649000000,
      "gross_profit": null,
      "operating_income": 467000000,
      "net_income": 406000000,
      "opex": 2182000000,
      "cogs": null,
      "rd": null,
      "sga": null,
      "fcf": 72000000,
      "ocf": 906000000,
      "capex": -834000000,
      "gross_margin": null,
      "op_margin": 0.17629294073235183,
      "fcf_margin": 0.027180067950169876,
      "incr_op_margin_yoy": 1.0066666666666666,
      "rev_growth_yoy": -0.25359256128486896,
      "rev_growth_yoy_accel": 0.07269223528900687,
      "op_leverage_ratio": 0.5313906253800686,
      "fcf_margin_change": -0.048703920925475735
    },
    {
      "date": "2023-12-31T00:00:00",
      "quarter_label": "2023-12 (Q4)",
      "revenue": 3166000000,
      "gross_profit": null,
      "operating_income": 1188000000,
      "net_income": 856000000,
      "opex": 1978000000,
      "cogs": null,
      "rd": null,
      "sga": null,
      "fcf": 702000000,
      "ocf": 1362000000,
      "capex": -660000000,
      "gross_margin": null,
      "op_margin": 0.37523689197725835,
      "fcf_margin": 0.2217308907138345,
      "incr_op_margin_yoy": -0.5217391304347826,
      "rev_growth_yoy": -0.014321295143212951,
      "rev_growth_yoy_accel": 0.239271266141656,
      "op_leverage_ratio": null,
      "fcf_margin_change": 0.19455082276366464
    },
    {
      "date": "2024-03-31T00:00:00",
      "quarter_label": "2024-03 (Q1)",
      "revenue": 2352000000,
      "gross_profit": null,
      "operating_income": 494000000,
      "net_income": 338000000,
      "opex": 1858000000,
      "cogs": null,
      "rd": null,
      "sga": null,
      "fcf": 68000000,
      "ocf": 659000000,
      "capex": -591000000,
      "gross_margin": null,
      "op_margin": 0.2100340136054422,
      "fcf_margin": 0.02891156462585034,
      "incr_op_margin_yoy": 0.9246231155778895,
      "rev_growth_yoy": -0.07800862406899255,
      "rev_growth_yoy_accel": -0.0636873289257796,
      "fcf_margin_change": -0.19281932608798416
    },
    {
      "date": "2024-06-30T00:00:00",
      "quarter_label": "2024-06 (Q2)",
      "revenue": 2288000000,
      "gross_profit": null,
      "operating_income": 556000000,
      "net_income": 340000000,
      "opex": 1732000000,
      "cogs": null,
      "rd": null,
      "sga": null,
      "fcf": 398000000,
      "ocf": 1020000000,
      "capex": -622000000,
      "gross_margin": null,
      "op_margin": 0.243006993006993,
      "fcf_margin": 0.17395104895104896,
      "incr_op_margin_yoy": -0.1091703056768559,
      "rev_growth_yoy": -0.09098132697655939,
      "rev_growth_yoy_accel": -0.012972702907566844,
      "fcf_margin_change": 0.14503948432519861
    },
    {
      "date": "2024-09-30T00:00:00",
      "quarter_label": "2024-09 (Q3)",
      "revenue": 2324000000,
      "gross_profit": null,
      "operating_income": 527000000,
      "net_income": 507000000,
      "opex": 1797000000,
      "cogs": null,
      "rd": null,
      "sga": null,
      "fcf": 484000000,
      "ocf": 1022000000,
      "capex": -538000000,
      "gross_margin": null,
      "op_margin": 0.2267641996557659,
      "fcf_margin": 0.2082616179001721,
      "incr_op_margin_yoy": -0.18461538461538463,
      "rev_growth_yoy": -0.1226878067195168,
      "rev_growth_yoy_accel": -0.031706479742957414,
      "op_leverage_ratio": 0.4192576654115116,
      "fcf_margin_change": 0.034310568949123155
    },
    {
      "date": "2024-12-31T00:00:00",
      "quarter_label": "2024-12 (Q4)",
      "revenue": 2188000000,
      "gross_profit": null,
      "operating_income": 2000000,
      "net_income": -60000000,
      "opex": 2186000000,
      "cogs": null,
      "rd": null,
      "sga": null,
      "fcf": 468000000,
      "ocf": 1020000000,
      "capex": -552000000,
      "gross_margin": null,
      "op_margin": 0.0009140767824497258,
      "fcf_margin": 0.21389396709323583,
      "incr_op_margin_yoy": 1.212678936605317,
      "rev_growth_yoy": -0.30890713834491473,
      "rev_growth_yoy_accel": -0.18621933162539794,
      "fcf_margin_change": 0.005632349193063713
    },
    {
      "date": "2025-03-31T00:00:00",
      "quarter_label": "2025-03 (Q1)",
      "revenue": 2377000000,
      "gross_profit": null,
      "operating_income": -89000000,
      "net_income": -159000000,
      "opex": 2466000000,
      "cogs": null,
      "rd": null,
      "sga": null,
      "fcf": 256000000,
      "ocf": 873000000,
      "capex": -617000000,
      "gross_margin": null,
      "op_margin": -0.037442153975599496,
      "fcf_margin": 0.1076987799747581,
      "incr_op_margin_yoy": -23.32,
      "rev_growth_yoy": 0.010629251700680272,
      "rev_growth_yoy_accel": 0.31953639004559503,
      "op_leverage_ratio": 0.6743829981718464,
      "fcf_margin_change": -0.10619518711847772
    },
    {
      "date": "2025-06-30T00:00:00",
      "quarter_label": "2025-06 (Q2)",
      "revenue": 2318000000,
      "gross_profit": null,
      "operating_income": 511000000,
      "net_income": 307000000,
      "opex": 1807000000,
      "cogs": null,
      "rd": null,
      "sga": null,
      "fcf": 492000000,
      "ocf": 1013000000,
      "capex": -521000000,
      "gross_margin": null,
      "op_margin": 0.22044866264020707,
      "fcf_margin": 0.21225194132873165,
      "incr_op_margin_yoy": -1.5,
      "rev_growth_yoy": 0.013111888111888112,
      "rev_growth_yoy_accel": 0.0024826364112078402,
      "fcf_margin_change": 0.10455316135397355
    },
    {
      "date": "2025-09-30T00:00:00",
      "quarter_label": "2025-09 (Q3)",
      "revenue": 2066000000,
      "gross_profit": null,
      "operating_income": 273000000,
      "net_income": 148000000,
      "opex": 1793000000,
      "cogs": null,
      "rd": null,
      "sga": null,
      "fcf": 268000000,
      "ocf": 812000000,
      "capex": -544000000,
      "gross_margin": null,
      "op_margin": 0.13213939980638917,
      "fcf_margin": 0.12971926427879962,
      "incr_op_margin_yoy": 0.9844961240310077,
      "rev_growth_yoy": -0.11101549053356283,
      "rev_growth_yoy_accel": -0.12412737864545094,
      "fcf_margin_change": -0.08253267704993203
    },
    {
      "date": "2025-12-31T00:00:00",
      "quarter_label": "2025-12 (Q4)",
      "revenue": 2147000000,
      "gross_profit": null,
      "operating_income": 436000000,
      "net_income": 946000000,
      "opex": 1711000000,
      "cogs": null,
      "rd": null,
      "sga": null,
      "fcf": 489000000,
      "ocf": 954000000,
      "capex": -465000000,
      "gross_margin": null,
      "op_margin": 0.20307405682347462,
      "fcf_margin": 0.22775966464834654,
      "incr_op_margin_yoy": -10.585365853658537,
      "rev_growth_yoy": -0.018738574040219377,
      "rev_growth_yoy_accel": 0.09227691649334345,
      "op_leverage_ratio": null,
      "fcf_margin_change": 0.09804040036954692
    }
  ],
  "signals": [
    {
      "quarter": "2025-12 (Q4)",
      "signal": "FCF MARGIN EXPANSION",
      "detail": "FCF margin: +13.0% -> +22.8% (+9.8%)",
      "severity": "MEDIUM"
    },
    {
      "quarter": "2025-12 (Q4)",
      "signal": "YoY REVENUE GROWTH ACCELERATION",
      "detail": "YoY growth: -1.9% vs prior quarter YoY: -11.1% (accel: +9.2%)",
      "severity": "MEDIUM"
    },
    {
      "quarter": "2025-09 (Q3)",
      "signal": "YoY REVENUE GROWTH DECELERATION",
      "detail": "YoY growth: -11.1% vs prior quarter YoY: +1.3% (decel: -12.4%)",
      "severity": "WARNING"
    },
    {
      "quarter": "2025-09 (Q3)",
      "signal": "INCREMENTAL MARGIN (YoY)",
      "detail": "YoY Incr OPM: +98.4% vs year-ago OPM: +22.7%",
      "severity": "HIGH"
    },
    {
      "quarter": "2025-06 (Q2)",
      "signal": "FCF MARGIN EXPANSION",
      "detail": "FCF margin: +10.8% -> +21.2% (+10.5%)",
      "severity": "MEDIUM"
    },
    {
      "quarter": "2025-06 (Q2)",
      "signal": "OP MARGIN TURNED POSITIVE (QoQ)",
      "detail": "Op margin: -3.7% -> +22.0%",
      "severity": "HIGH"
    },
    {
      "quarter": "2025-03 (Q1)",
      "signal": "YoY REVENUE GROWTH ACCELERATION",
      "detail": "YoY growth: +1.1% vs prior quarter YoY: -30.9% (accel: +32.0%)",
      "severity": "HIGH"
    },
    {
      "quarter": "2024-12 (Q4)",
      "signal": "YoY REVENUE GROWTH DECELERATION",
      "detail": "YoY growth: -30.9% vs prior quarter YoY: -12.3% (decel: -18.6%)",
      "severity": "WARNING"
    },
    {
      "quarter": "2024-12 (Q4)",
      "signal": "INCREMENTAL MARGIN (YoY)",
      "detail": "YoY Incr OPM: +121.3% vs year-ago OPM: +37.5%",
      "severity": "HIGH"
    },
    {
      "quarter": "2024-06 (Q2)",
      "signal": "FCF MARGIN EXPANSION",
      "detail": "FCF margin: +2.9% -> +17.4% (+14.5%)",
      "severity": "MEDIUM"
    },
    {
      "quarter": "2024-03 (Q1)",
      "signal": "YoY REVENUE GROWTH DECELERATION",
      "detail": "YoY growth: -7.8% vs prior quarter YoY: -1.4% (decel: -6.4%)",
      "severity": "WARNING"
    },
    {
      "quarter": "2024-03 (Q1)",
      "signal": "INCREMENTAL MARGIN (YoY)",
      "detail": "YoY Incr OPM: +92.5% vs year-ago OPM: +26.6%",
      "severity": "HIGH"
    },
    {
      "quarter": "2023-12 (Q4)",
      "signal": "FCF MARGIN EXPANSION",
      "detail": "FCF margin: +2.7% -> +22.2% (+19.5%)",
      "severity": "MEDIUM"
    },
    {
      "quarter": "2023-12 (Q4)",
      "signal": "YoY REVENUE GROWTH ACCELERATION",
      "detail": "YoY growth: -1.4% vs prior quarter YoY: -25.4% (accel: +23.9%)",
      "severity": "HIGH"
    },
    {
      "quarter": "2023-09 (Q3)",
      "signal": "YoY REVENUE GROWTH ACCELERATION",
      "detail": "YoY growth: -25.4% vs prior quarter YoY: -32.6% (accel: +7.3%)",
      "severity": "MEDIUM"
    },
    {
      "quarter": "2023-09 (Q3)",
      "signal": "INCREMENTAL MARGIN (YoY)",
      "detail": "YoY Incr OPM: +100.7% vs year-ago OPM: +38.7%",
      "severity": "HIGH"
    },
    {
      "quarter": "2023-06 (Q2)",
      "signal": "YoY REVENUE GROWTH DECELERATION",
      "detail": "YoY growth: -32.6% vs prior quarter YoY: +29.7% (decel: -62.3%)",
      "severity": "WARNING"
    },
    {
      "quarter": "2023-06 (Q2)",
      "signal": "INCREMENTAL MARGIN (YoY)",
      "detail": "YoY Incr OPM: +80.8% vs year-ago OPM: +40.6%",
      "severity": "HIGH"
    },
    {
      "quarter": "2023-03 (Q1)",
      "signal": "YoY REVENUE GROWTH ACCELERATION",
      "detail": "YoY growth: +29.7% vs prior quarter YoY: -3.8% (accel: +33.5%)",
      "severity": "HIGH"
    },
    {
      "quarter": "2023-03 (Q1)",
      "signal": "OP MARGIN TURNED POSITIVE (YoY)",
      "detail": "Op margin: -10.2% (year-ago) -> +26.6%",
      "severity": "HIGH"
    },
    {
      "quarter": "2022-12 (Q4)",
      "signal": "YoY REVENUE GROWTH DECELERATION",
      "detail": "YoY growth: -3.8% vs prior quarter YoY: +98.4% (decel: -102.2%)",
      "severity": "WARNING"
    },
    {
      "quarter": "2022-12 (Q4)",
      "signal": "INCREMENTAL MARGIN (YoY)",
      "detail": "YoY Incr OPM: +221.3% vs year-ago OPM: +43.3%",
      "severity": "HIGH"
    },
    {
      "quarter": "2022-09 (Q3)",
      "signal": "YoY REVENUE GROWTH DECELERATION",
      "detail": "YoY growth: +98.4% vs prior quarter YoY: +120.8% (decel: -22.4%)",
      "severity": "WARNING"
    },
    {
      "quarter": "2022-06 (Q2)",
      "signal": "FCF MARGIN EXPANSION",
      "detail": "FCF margin: +11.9% -> +22.3% (+10.4%)",
      "severity": "MEDIUM"
    },
    {
      "quarter": "2022-06 (Q2)",
      "signal": "OPERATING LEVERAGE",
      "detail": "Rev growth +89.9% vs OpEx growth +2.4% (leverage: 36.8x)",
      "severity": "MEDIUM"
    },
    {
      "quarter": "2022-06 (Q2)",
      "signal": "YoY REVENUE GROWTH ACCELERATION",
      "detail": "YoY growth: +120.8% vs prior quarter YoY: +7.0% (accel: +113.8%)",
      "severity": "HIGH"
    },
    {
      "quarter": "2022-06 (Q2)",
      "signal": "OP MARGIN TURNED POSITIVE (YoY)",
      "detail": "Op margin: -7.2% (year-ago) -> +40.6%",
      "severity": "HIGH"
    },
    {
      "quarter": "2022-06 (Q2)",
      "signal": "OP MARGIN TURNED POSITIVE (QoQ)",
      "detail": "Op margin: -10.2% -> +40.6%",
      "severity": "HIGH"
    },
    {
      "quarter": "2021-12 (Q4)",
      "signal": "OPERATING LEVERAGE",
      "detail": "Rev growth +86.6% vs OpEx growth +5.9% (leverage: 14.8x)",
      "severity": "MEDIUM"
    }
  ],
  "data_quality": {
    "n_quarters": 20,
    "coverage": {
      "revenue": [
        20,
        20
      ],
      "gross_profit": [
        0,
        20
      ],
      "op_income": [
        20,
        20
      ],
      "fcf": [
        20,
        20
      ]
    },
    "gaps": [],
    "warnings": [
      "gross_profit: no data"
    ]
  },
  "market_cap": null,
  "source": "SEC EDGAR",
  "last_updated": "2026-02-24T10:10:07.201386"
}