{
  "ticker": "OWL",
  "name": "BLUE OWL CAPITAL INC.",
  "sector": "Financial Services",
  "industry": "Asset Management",
  "quarters": [
    {
      "date": "2021-03-31T00:00:00",
      "quarter_label": "2021-03 (Q1)",
      "revenue": 108224000,
      "gross_profit": null,
      "operating_income": -155920,
      "net_income": 13655787,
      "opex": 62844000,
      "cogs": null,
      "rd": null,
      "sga": null,
      "fcf": 292000,
      "ocf": 587000,
      "capex": -295000,
      "gross_margin": null,
      "op_margin": -0.0014407155529272619,
      "fcf_margin": 0.002698107628622117
    },
    {
      "date": "2021-06-30T00:00:00",
      "quarter_label": "2021-06 (Q2)",
      "revenue": 179260000,
      "gross_profit": null,
      "operating_income": null,
      "net_income": -362344000,
      "opex": 1294421000,
      "cogs": null,
      "rd": null,
      "sga": null,
      "fcf": 17495000,
      "ocf": 17733000,
      "capex": -238000,
      "gross_margin": null,
      "op_margin": null,
      "fcf_margin": 0.09759567109226822,
      "op_leverage_ratio": 0.033493240441390945,
      "fcf_margin_change": 0.0948975634636461
    },
    {
      "date": "2021-09-30T00:00:00",
      "quarter_label": "2021-09 (Q3)",
      "revenue": 247875000,
      "gross_profit": null,
      "operating_income": null,
      "net_income": -53323000,
      "opex": 171539000,
      "cogs": null,
      "rd": null,
      "sga": null,
      "fcf": 107540000,
      "ocf": 109050000,
      "capex": -1510000,
      "gross_margin": null,
      "op_margin": null,
      "fcf_margin": 0.43384770549672214,
      "op_leverage_ratio": null,
      "fcf_margin_change": 0.33625203440445395
    },
    {
      "date": "2021-12-31T00:00:00",
      "quarter_label": "2021-12 (Q4)",
      "revenue": 288519000,
      "gross_profit": null,
      "operating_income": null,
      "net_income": 82000,
      "opex": 222341000,
      "cogs": null,
      "rd": null,
      "sga": null,
      "fcf": 151070000,
      "ocf": 154288000,
      "capex": -3218000,
      "gross_margin": null,
      "op_margin": null,
      "fcf_margin": 0.5236050312111161,
      "op_leverage_ratio": 0.5536633540521383,
      "fcf_margin_change": 0.08975732571439399
    },
    {
      "date": "2022-03-31T00:00:00",
      "quarter_label": "2022-03 (Q1)",
      "revenue": 275977000,
      "gross_profit": null,
      "operating_income": null,
      "net_income": -11815000,
      "opex": 298712000,
      "cogs": null,
      "rd": null,
      "sga": null,
      "fcf": 74825000,
      "ocf": 93204000,
      "capex": -18379000,
      "gross_margin": null,
      "op_margin": null,
      "fcf_margin": 0.27112766643597114,
      "rev_growth_yoy": 1.5500535925487877,
      "fcf_margin_change": -0.252477364775145
    },
    {
      "date": "2022-06-30T00:00:00",
      "quarter_label": "2022-06 (Q2)",
      "revenue": 327246000,
      "gross_profit": null,
      "operating_income": null,
      "net_income": -1126000,
      "opex": 337392000,
      "cogs": null,
      "rd": null,
      "sga": null,
      "fcf": 142830000,
      "ocf": 152290000,
      "capex": -9460000,
      "gross_margin": null,
      "op_margin": null,
      "fcf_margin": 0.43646064428595,
      "rev_growth_yoy": 0.8255383242218007,
      "rev_growth_yoy_accel": -0.724515268326987,
      "op_leverage_ratio": 1.4346572636579626,
      "fcf_margin_change": 0.16533297784997886
    },
    {
      "date": "2022-09-30T00:00:00",
      "quarter_label": "2022-09 (Q3)",
      "revenue": 370986000,
      "gross_profit": null,
      "operating_income": null,
      "net_income": 2060000,
      "opex": 368552000,
      "cogs": null,
      "rd": null,
      "sga": null,
      "fcf": 193103000,
      "ocf": 206899000,
      "capex": -13796000,
      "gross_margin": null,
      "op_margin": null,
      "fcf_margin": 0.5205129034518823,
      "rev_growth_yoy": 0.49666565809379726,
      "rev_growth_yoy_accel": -0.3288726661280035,
      "op_leverage_ratio": 1.447244019579528,
      "fcf_margin_change": 0.08405225916593229
    },
    {
      "date": "2022-12-31T00:00:00",
      "quarter_label": "2022-12 (Q4)",
      "revenue": -740216000,
      "gross_profit": null,
      "operating_income": null,
      "net_income": 1592000,
      "opex": 367549000,
      "cogs": null,
      "rd": null,
      "sga": null,
      "fcf": 252150000,
      "ocf": 276054000,
      "capex": -23904000,
      "gross_margin": null,
      "op_margin": null,
      "fcf_margin": -0.340643812076475,
      "rev_growth_yoy": -3.5655710715758753,
      "rev_growth_yoy_accel": -4.062236729669673,
      "fcf_margin_change": -0.8611567155283573
    },
    {
      "date": "2023-03-31T00:00:00",
      "quarter_label": "2023-03 (Q1)",
      "revenue": 85864000,
      "gross_profit": null,
      "operating_income": null,
      "net_income": 8317000,
      "opex": 324643000,
      "cogs": null,
      "rd": null,
      "sga": null,
      "fcf": 115337000,
      "ocf": 121009000,
      "capex": -5672000,
      "gross_margin": null,
      "op_margin": null,
      "fcf_margin": 1.3432521196310445,
      "rev_growth_yoy": -0.688872623443258,
      "rev_growth_yoy_accel": 2.8766984481326174,
      "fcf_margin_change": 1.6838959317075195
    },
    {
      "date": "2023-06-30T00:00:00",
      "quarter_label": "2023-06 (Q2)",
      "revenue": 91938000,
      "gross_profit": null,
      "operating_income": null,
      "net_income": 12859000,
      "opex": 375680000,
      "cogs": null,
      "rd": null,
      "sga": null,
      "fcf": 227904000,
      "ocf": 238085000,
      "capex": -10181000,
      "gross_margin": null,
      "op_margin": null,
      "fcf_margin": 2.4788879462246296,
      "rev_growth_yoy": -0.7190553895234778,
      "rev_growth_yoy_accel": -0.03018276608021986,
      "op_leverage_ratio": 0.44997105280131183,
      "fcf_margin_change": 1.135635826593585
    },
    {
      "date": "2023-09-30T00:00:00",
      "quarter_label": "2023-09 (Q3)",
      "revenue": 97621000,
      "gross_profit": null,
      "operating_income": null,
      "net_income": 15109000,
      "opex": 336185000,
      "cogs": null,
      "rd": null,
      "sga": null,
      "fcf": 263183000,
      "ocf": 281702000,
      "capex": -18519000,
      "gross_margin": null,
      "op_margin": null,
      "fcf_margin": 2.6959670562686306,
      "rev_growth_yoy": -0.7368606901608147,
      "rev_growth_yoy_accel": -0.017805300637336874,
      "op_leverage_ratio": null,
      "fcf_margin_change": 0.21707911004400104
    },
    {
      "date": "2023-12-31T00:00:00",
      "quarter_label": "2023-12 (Q4)",
      "revenue": 111923000,
      "gross_profit": null,
      "operating_income": null,
      "net_income": 18058000,
      "opex": 377284000,
      "cogs": null,
      "rd": null,
      "sga": null,
      "fcf": 274816000,
      "ocf": 308349000,
      "capex": -33533000,
      "gross_margin": null,
      "op_margin": null,
      "fcf_margin": 2.455402374846993,
      "op_leverage_ratio": 1.19839668404349,
      "fcf_margin_change": -0.24056468142163778
    },
    {
      "date": "2024-03-31T00:00:00",
      "quarter_label": "2024-03 (Q1)",
      "revenue": 120161000,
      "gross_profit": null,
      "operating_income": null,
      "net_income": 25091000,
      "opex": 357734000,
      "cogs": null,
      "rd": null,
      "sga": null,
      "fcf": 41106000,
      "ocf": 47247000,
      "capex": -6141000,
      "gross_margin": null,
      "op_margin": null,
      "fcf_margin": 0.3420910278709398,
      "rev_growth_yoy": 0.39943398863318735,
      "op_leverage_ratio": null,
      "fcf_margin_change": -2.113311346976053
    },
    {
      "date": "2024-06-30T00:00:00",
      "quarter_label": "2024-06 (Q2)",
      "revenue": 129442000,
      "gross_profit": null,
      "operating_income": null,
      "net_income": 33945000,
      "opex": 377295000,
      "cogs": null,
      "rd": null,
      "sga": null,
      "fcf": 269403000,
      "ocf": 302294000,
      "capex": -32891000,
      "gross_margin": null,
      "op_margin": null,
      "fcf_margin": 2.0812641955470403,
      "rev_growth_yoy": 0.40792708129391547,
      "rev_growth_yoy_accel": 0.008493092660728119,
      "op_leverage_ratio": 1.4125388595106023,
      "fcf_margin_change": 1.7391731676761006
    },
    {
      "date": "2024-09-30T00:00:00",
      "quarter_label": "2024-09 (Q3)",
      "revenue": 140676000,
      "gross_profit": null,
      "operating_income": null,
      "net_income": 29805000,
      "opex": 461110000,
      "cogs": null,
      "rd": null,
      "sga": null,
      "fcf": 314758000,
      "ocf": 325995000,
      "capex": -11237000,
      "gross_margin": null,
      "op_margin": null,
      "fcf_margin": 2.2374676561744717,
      "rev_growth_yoy": 0.44104239866422185,
      "rev_growth_yoy_accel": 0.033115317370306374,
      "op_leverage_ratio": 0.3906775949395768,
      "fcf_margin_change": 0.1562034606274314
    },
    {
      "date": "2024-12-31T00:00:00",
      "quarter_label": "2024-12 (Q4)",
      "revenue": 137580000,
      "gross_profit": null,
      "operating_income": null,
      "net_income": 20743000,
      "opex": 492531000,
      "cogs": null,
      "rd": null,
      "sga": null,
      "fcf": 310101000,
      "ocf": 324019000,
      "capex": -13918000,
      "gross_margin": null,
      "op_margin": null,
      "fcf_margin": 2.253968600087222,
      "rev_growth_yoy": 0.22923795823914656,
      "rev_growth_yoy_accel": -0.2118044404250753,
      "fcf_margin_change": 0.016500943912750365
    },
    {
      "date": "2025-03-31T00:00:00",
      "quarter_label": "2025-03 (Q1)",
      "revenue": 132556000,
      "gross_profit": null,
      "operating_income": null,
      "net_income": 7430000,
      "opex": 606192000,
      "cogs": null,
      "rd": null,
      "sga": null,
      "fcf": 4246000,
      "ocf": 17586000,
      "capex": -13340000,
      "gross_margin": null,
      "op_margin": null,
      "fcf_margin": 0.032031745073780135,
      "rev_growth_yoy": 0.10315326936360383,
      "rev_growth_yoy_accel": -0.12608468887554272,
      "fcf_margin_change": -2.221936855013442
    },
    {
      "date": "2025-06-30T00:00:00",
      "quarter_label": "2025-06 (Q2)",
      "revenue": 137965000,
      "gross_profit": null,
      "operating_income": null,
      "net_income": 17426000,
      "opex": 603824000,
      "cogs": null,
      "rd": null,
      "sga": null,
      "fcf": 412462000,
      "ocf": 422507000,
      "capex": -10045000,
      "gross_margin": null,
      "op_margin": null,
      "fcf_margin": 2.989613307722973,
      "rev_growth_yoy": 0.06584416186400087,
      "rev_growth_yoy_accel": -0.037309107499602964,
      "op_leverage_ratio": null,
      "fcf_margin_change": 2.9575815626491933
    },
    {
      "date": "2025-09-30T00:00:00",
      "quarter_label": "2025-09 (Q3)",
      "revenue": 150441000,
      "gross_profit": null,
      "operating_income": null,
      "net_income": 6310000,
      "opex": 615314000,
      "cogs": null,
      "rd": null,
      "sga": null,
      "fcf": 422457000,
      "ocf": 433089000,
      "capex": -10632000,
      "gross_margin": null,
      "op_margin": null,
      "fcf_margin": 2.8081241151016014,
      "rev_growth_yoy": 0.06941482555659814,
      "rev_growth_yoy_accel": 0.003570663692597273,
      "op_leverage_ratio": 4.75222268283189,
      "fcf_margin_change": -0.18148919262137175
    },
    {
      "date": "2025-12-31T00:00:00",
      "quarter_label": "2025-12 (Q4)",
      "revenue": 146792000,
      "gross_profit": null,
      "operating_income": null,
      "net_income": 47667000,
      "opex": 588598000,
      "cogs": null,
      "rd": null,
      "sga": null,
      "fcf": 359119000,
      "ocf": 382850000,
      "capex": -23731000,
      "gross_margin": null,
      "op_margin": null,
      "fcf_margin": 2.446448035315276,
      "rev_growth_yoy": 0.06695740659979649,
      "rev_growth_yoy_accel": -0.0024574189568016547,
      "fcf_margin_change": -0.3616760797863252
    }
  ],
  "signals": [
    {
      "quarter": "2025-09 (Q3)",
      "signal": "OPERATING LEVERAGE",
      "detail": "Rev growth +9.0% vs OpEx growth +1.9% (leverage: 4.8x)",
      "severity": "MEDIUM"
    },
    {
      "quarter": "2025-06 (Q2)",
      "signal": "FCF MARGIN EXPANSION",
      "detail": "FCF margin: +3.2% -> +299.0% (+295.8%)",
      "severity": "MEDIUM"
    },
    {
      "quarter": "2025-03 (Q1)",
      "signal": "YoY REVENUE GROWTH DECELERATION",
      "detail": "YoY growth: +10.3% vs prior quarter YoY: +22.9% (decel: -12.6%)",
      "severity": "WARNING"
    },
    {
      "quarter": "2024-12 (Q4)",
      "signal": "YoY REVENUE GROWTH DECELERATION",
      "detail": "YoY growth: +22.9% vs prior quarter YoY: +44.1% (decel: -21.2%)",
      "severity": "WARNING"
    },
    {
      "quarter": "2024-09 (Q3)",
      "signal": "FCF MARGIN EXPANSION",
      "detail": "FCF margin: +208.1% -> +223.7% (+15.6%)",
      "severity": "MEDIUM"
    },
    {
      "quarter": "2024-06 (Q2)",
      "signal": "FCF MARGIN EXPANSION",
      "detail": "FCF margin: +34.2% -> +208.1% (+173.9%)",
      "severity": "MEDIUM"
    },
    {
      "quarter": "2023-09 (Q3)",
      "signal": "FCF MARGIN EXPANSION",
      "detail": "FCF margin: +247.9% -> +269.6% (+21.7%)",
      "severity": "MEDIUM"
    },
    {
      "quarter": "2023-06 (Q2)",
      "signal": "FCF MARGIN EXPANSION",
      "detail": "FCF margin: +134.3% -> +247.9% (+113.6%)",
      "severity": "MEDIUM"
    },
    {
      "quarter": "2023-03 (Q1)",
      "signal": "FCF TURNED POSITIVE",
      "detail": "FCF margin: -34.1% -> +134.3%",
      "severity": "HIGH"
    },
    {
      "quarter": "2023-03 (Q1)",
      "signal": "YoY REVENUE GROWTH ACCELERATION",
      "detail": "YoY growth: -68.9% vs prior quarter YoY: -356.6% (accel: +287.7%)",
      "severity": "HIGH"
    },
    {
      "quarter": "2022-12 (Q4)",
      "signal": "YoY REVENUE GROWTH DECELERATION",
      "detail": "YoY growth: -356.6% vs prior quarter YoY: +49.7% (decel: -406.2%)",
      "severity": "WARNING"
    },
    {
      "quarter": "2022-09 (Q3)",
      "signal": "FCF MARGIN EXPANSION",
      "detail": "FCF margin: +43.6% -> +52.1% (+8.4%)",
      "severity": "MEDIUM"
    },
    {
      "quarter": "2022-09 (Q3)",
      "signal": "YoY REVENUE GROWTH DECELERATION",
      "detail": "YoY growth: +49.7% vs prior quarter YoY: +82.6% (decel: -32.9%)",
      "severity": "WARNING"
    },
    {
      "quarter": "2022-06 (Q2)",
      "signal": "FCF MARGIN EXPANSION",
      "detail": "FCF margin: +27.1% -> +43.6% (+16.5%)",
      "severity": "MEDIUM"
    },
    {
      "quarter": "2022-06 (Q2)",
      "signal": "YoY REVENUE GROWTH DECELERATION",
      "detail": "YoY growth: +82.6% vs prior quarter YoY: +155.0% (decel: -72.5%)",
      "severity": "WARNING"
    },
    {
      "quarter": "2021-12 (Q4)",
      "signal": "FCF MARGIN EXPANSION",
      "detail": "FCF margin: +43.4% -> +52.4% (+9.0%)",
      "severity": "MEDIUM"
    },
    {
      "quarter": "2021-09 (Q3)",
      "signal": "FCF MARGIN EXPANSION",
      "detail": "FCF margin: +9.8% -> +43.4% (+33.6%)",
      "severity": "MEDIUM"
    },
    {
      "quarter": "2021-06 (Q2)",
      "signal": "FCF MARGIN EXPANSION",
      "detail": "FCF margin: +0.3% -> +9.8% (+9.5%)",
      "severity": "MEDIUM"
    }
  ],
  "data_quality": {
    "n_quarters": 20,
    "coverage": {
      "revenue": [
        20,
        20
      ],
      "gross_profit": [
        0,
        20
      ],
      "op_income": [
        1,
        20
      ],
      "fcf": [
        20,
        20
      ]
    },
    "gaps": [],
    "warnings": [
      "gross_profit: no data",
      "op_income: 1/20Q"
    ]
  },
  "market_cap": null,
  "source": "SEC EDGAR",
  "last_updated": "2026-02-24T10:23:01.594762"
}