{
  "ticker": "OXY",
  "name": "OCCIDENTAL PETROLEUM CORPORATION",
  "quarters": [
    {
      "date": "2020-12-31T00:00:00",
      "quarter_label": "2020-12 (Q4)",
      "revenue": 4160000000,
      "gross_profit": 3559000000,
      "operating_income": null,
      "net_income": null,
      "opex": null,
      "cogs": 601000000,
      "rd": null,
      "sga": 209000000,
      "fcf": 790000000,
      "ocf": 1404000000,
      "capex": -614000000,
      "gross_margin": 0.8555288461538462,
      "op_margin": null,
      "fcf_margin": 0.18990384615384615
    },
    {
      "date": "2021-03-31T00:00:00",
      "quarter_label": "2021-03 (Q1)",
      "revenue": 5293000000,
      "gross_profit": 4699000000,
      "operating_income": null,
      "net_income": null,
      "opex": null,
      "cogs": 594000000,
      "rd": null,
      "sga": 166000000,
      "fcf": 331000000,
      "ocf": 910000000,
      "capex": -579000000,
      "gross_margin": 0.8877763083317589,
      "op_margin": null,
      "fcf_margin": 0.0625354241450973,
      "fcf_margin_change": -0.12736842200874884
    },
    {
      "date": "2021-06-30T00:00:00",
      "quarter_label": "2021-06 (Q2)",
      "revenue": 5958000000,
      "gross_profit": 5282000000,
      "operating_income": null,
      "net_income": 103000000,
      "opex": null,
      "cogs": 676000000,
      "rd": null,
      "sga": 177000000,
      "fcf": 2616000000,
      "ocf": 3314000000,
      "capex": -698000000,
      "gross_margin": 0.8865391070829137,
      "op_margin": null,
      "fcf_margin": 0.4390735146022155,
      "fcf_margin_change": 0.37653809045711817
    },
    {
      "date": "2021-09-30T00:00:00",
      "quarter_label": "2021-09 (Q3)",
      "revenue": 6792000000,
      "gross_profit": 6061000000,
      "operating_income": null,
      "net_income": 828000000,
      "opex": null,
      "cogs": 731000000,
      "rd": null,
      "sga": 240000000,
      "fcf": 2462000000,
      "ocf": 3118000000,
      "capex": -656000000,
      "gross_margin": 0.8923733804475854,
      "op_margin": null,
      "fcf_margin": 0.3624852767962309,
      "fcf_margin_change": -0.07658823780598462
    },
    {
      "date": "2021-12-31T00:00:00",
      "quarter_label": "2021-12 (Q4)",
      "revenue": 7913000000,
      "gross_profit": 7142000000,
      "operating_income": null,
      "net_income": 1537000000,
      "opex": null,
      "cogs": 771000000,
      "rd": null,
      "sga": 280000000,
      "fcf": 2155000000,
      "ocf": 3092000000,
      "capex": -937000000,
      "gross_margin": 0.902565398710982,
      "op_margin": null,
      "fcf_margin": 0.2723366611904461,
      "rev_growth_yoy": 0.9021634615384615,
      "fcf_margin_change": -0.0901486156057848
    },
    {
      "date": "2022-03-31T00:00:00",
      "quarter_label": "2022-03 (Q1)",
      "revenue": 8349000000,
      "gross_profit": 7531000000,
      "operating_income": null,
      "net_income": 4876000000,
      "opex": null,
      "cogs": 818000000,
      "rd": null,
      "sga": 196000000,
      "fcf": 2381000000,
      "ocf": 3239000000,
      "capex": -858000000,
      "gross_margin": 0.902024194514313,
      "op_margin": null,
      "fcf_margin": 0.2851838543538148,
      "rev_growth_yoy": 0.5773663328924995,
      "rev_growth_yoy_accel": -0.324797128645962,
      "fcf_margin_change": 0.012847193163368742
    },
    {
      "date": "2022-06-30T00:00:00",
      "quarter_label": "2022-06 (Q2)",
      "revenue": 10676000000,
      "gross_profit": 9841000000,
      "operating_income": null,
      "net_income": 3755000000,
      "opex": null,
      "cogs": 835000000,
      "rd": null,
      "sga": 244000000,
      "fcf": 4357000000,
      "ocf": 5329000000,
      "capex": -972000000,
      "gross_margin": 0.9217871862120645,
      "op_margin": null,
      "fcf_margin": 0.4081116523042338,
      "rev_growth_yoy": 0.7918764686136287,
      "rev_growth_yoy_accel": 0.2145101357211292,
      "fcf_margin_change": 0.12292779795041897
    },
    {
      "date": "2022-09-30T00:00:00",
      "quarter_label": "2022-09 (Q3)",
      "revenue": 9390000000,
      "gross_profit": 8555000000,
      "operating_income": null,
      "net_income": 2746000000,
      "opex": null,
      "cogs": 835000000,
      "rd": null,
      "sga": 247000000,
      "fcf": 3120000000,
      "ocf": 4267000000,
      "capex": -1147000000,
      "gross_margin": 0.9110756123535676,
      "op_margin": null,
      "fcf_margin": 0.33226837060702874,
      "rev_growth_yoy": 0.3825088339222615,
      "rev_growth_yoy_accel": -0.4093676346913672,
      "fcf_margin_change": -0.07584328169720506
    },
    {
      "date": "2022-12-31T00:00:00",
      "quarter_label": "2022-12 (Q4)",
      "revenue": 8219000000,
      "gross_profit": 7434000000,
      "operating_income": null,
      "net_income": 1927000000,
      "opex": null,
      "cogs": 785000000,
      "rd": null,
      "sga": 258000000,
      "fcf": 2455000000,
      "ocf": 3975000000,
      "capex": -1520000000,
      "gross_margin": 0.9044895972746076,
      "op_margin": null,
      "fcf_margin": 0.29869813845966664,
      "rev_growth_yoy": 0.038670542145835964,
      "rev_growth_yoy_accel": -0.3438382917764255,
      "fcf_margin_change": -0.0335702321473621
    },
    {
      "date": "2023-03-31T00:00:00",
      "quarter_label": "2023-03 (Q1)",
      "revenue": 7225000000,
      "gross_profit": 6480000000,
      "operating_income": null,
      "net_income": 1263000000,
      "opex": null,
      "cogs": 745000000,
      "rd": null,
      "sga": 241000000,
      "fcf": 1409000000,
      "ocf": 2870000000,
      "capex": -1461000000,
      "gross_margin": 0.8968858131487889,
      "op_margin": null,
      "fcf_margin": 0.19501730103806228,
      "rev_growth_yoy": -0.1346269014253204,
      "rev_growth_yoy_accel": -0.17329744357115637,
      "fcf_margin_change": -0.10368083742160436
    },
    {
      "date": "2023-06-30T00:00:00",
      "quarter_label": "2023-06 (Q2)",
      "revenue": 6702000000,
      "gross_profit": 5911000000,
      "operating_income": null,
      "net_income": 860000000,
      "opex": null,
      "cogs": 791000000,
      "rd": null,
      "sga": 277000000,
      "fcf": 1424000000,
      "ocf": 3070000000,
      "capex": -1646000000,
      "gross_margin": 0.881975529692629,
      "op_margin": null,
      "fcf_margin": 0.21247388839152492,
      "rev_growth_yoy": -0.3722367928062945,
      "rev_growth_yoy_accel": -0.2376098913809741,
      "fcf_margin_change": 0.017456587353462644
    },
    {
      "date": "2023-09-30T00:00:00",
      "quarter_label": "2023-09 (Q3)",
      "revenue": 7158000000,
      "gross_profit": 6476000000,
      "operating_income": null,
      "net_income": 1375000000,
      "opex": null,
      "cogs": 682000000,
      "rd": null,
      "sga": 258000000,
      "fcf": 1510000000,
      "ocf": 3129000000,
      "capex": -1619000000,
      "gross_margin": 0.904721989382509,
      "op_margin": null,
      "fcf_margin": 0.2109527801061749,
      "rev_growth_yoy": -0.23769968051118212,
      "rev_growth_yoy_accel": 0.1345371122951124,
      "fcf_margin_change": -0.0015211082853500146
    },
    {
      "date": "2023-12-31T00:00:00",
      "quarter_label": "2023-12 (Q4)",
      "revenue": 7172000000,
      "gross_profit": 6274000000,
      "operating_income": null,
      "net_income": 1198000000,
      "opex": null,
      "cogs": 898000000,
      "rd": null,
      "sga": 307000000,
      "fcf": 1695000000,
      "ocf": 3239000000,
      "capex": -1544000000,
      "gross_margin": 0.8747908533184606,
      "op_margin": null,
      "fcf_margin": 0.23633575013943112,
      "rev_growth_yoy": -0.12738776006813482,
      "rev_growth_yoy_accel": 0.1103119204430473,
      "fcf_margin_change": 0.025382970033256208
    },
    {
      "date": "2024-03-31T00:00:00",
      "quarter_label": "2024-03 (Q1)",
      "revenue": 5975000000,
      "gross_profit": 5233000000,
      "operating_income": null,
      "net_income": 888000000,
      "opex": null,
      "cogs": 742000000,
      "rd": null,
      "sga": 259000000,
      "fcf": 224000000,
      "ocf": 2007000000,
      "capex": -1783000000,
      "gross_margin": 0.87581589958159,
      "op_margin": null,
      "fcf_margin": 0.03748953974895398,
      "rev_growth_yoy": -0.17301038062283736,
      "rev_growth_yoy_accel": -0.045622620554702537,
      "fcf_margin_change": -0.19884621039047715
    },
    {
      "date": "2024-06-30T00:00:00",
      "quarter_label": "2024-06 (Q2)",
      "revenue": 6817000000,
      "gross_profit": 5996000000,
      "operating_income": null,
      "net_income": null,
      "opex": null,
      "cogs": 821000000,
      "rd": null,
      "sga": 259000000,
      "fcf": 623000000,
      "ocf": 2394000000,
      "capex": -1771000000,
      "gross_margin": 0.8795657914038433,
      "op_margin": null,
      "fcf_margin": 0.09138917412351474,
      "rev_growth_yoy": 0.017159056997911072,
      "rev_growth_yoy_accel": 0.19016943762074842,
      "fcf_margin_change": 0.053899634374560766
    },
    {
      "date": "2024-09-30T00:00:00",
      "quarter_label": "2024-09 (Q3)",
      "revenue": 7173000000,
      "gross_profit": 6367000000,
      "operating_income": null,
      "net_income": null,
      "opex": null,
      "cogs": 806000000,
      "rd": null,
      "sga": 268000000,
      "fcf": 1999000000,
      "ocf": 3682000000,
      "capex": -1683000000,
      "gross_margin": 0.8876341837445978,
      "op_margin": null,
      "fcf_margin": 0.27868395371532134,
      "rev_growth_yoy": 0.0020955574182732607,
      "rev_growth_yoy_accel": -0.015063499579637811,
      "fcf_margin_change": 0.1872947795918066
    },
    {
      "date": "2024-12-31T00:00:00",
      "quarter_label": "2024-12 (Q4)",
      "revenue": 6760000000,
      "gross_profit": 6008000000,
      "operating_income": null,
      "net_income": null,
      "opex": null,
      "cogs": 752000000,
      "rd": null,
      "sga": 276000000,
      "fcf": 1575000000,
      "ocf": 3356000000,
      "capex": -1781000000,
      "gross_margin": 0.8887573964497042,
      "op_margin": null,
      "fcf_margin": 0.23298816568047337,
      "rev_growth_yoy": -0.05744562186279978,
      "rev_growth_yoy_accel": -0.05954117928107304,
      "fcf_margin_change": -0.04569578803484797
    },
    {
      "date": "2025-03-31T00:00:00",
      "quarter_label": "2025-03 (Q1)",
      "revenue": 6803000000,
      "gross_profit": 6002000000,
      "operating_income": null,
      "net_income": null,
      "opex": null,
      "cogs": 801000000,
      "rd": null,
      "sga": 267000000,
      "fcf": 240000000,
      "ocf": 2148000000,
      "capex": -1908000000,
      "gross_margin": 0.8822578274290754,
      "op_margin": null,
      "fcf_margin": 0.03527855357930325,
      "rev_growth_yoy": 0.1385774058577406,
      "rev_growth_yoy_accel": 0.19602302772054037,
      "fcf_margin_change": -0.1977096121011701
    },
    {
      "date": "2025-06-30T00:00:00",
      "quarter_label": "2025-06 (Q2)",
      "revenue": 6414000000,
      "gross_profit": 5567000000,
      "operating_income": null,
      "net_income": null,
      "opex": null,
      "cogs": 847000000,
      "rd": null,
      "sga": 284000000,
      "fcf": 962000000,
      "ocf": 2960000000,
      "capex": -1998000000,
      "gross_margin": 0.8679451200498909,
      "op_margin": null,
      "fcf_margin": 0.14998440910508262,
      "rev_growth_yoy": -0.05911691359835705,
      "rev_growth_yoy_accel": -0.19769431945609764,
      "fcf_margin_change": 0.11470585552577937
    },
    {
      "date": "2025-09-30T00:00:00",
      "quarter_label": "2025-09 (Q3)",
      "revenue": 6624000000,
      "gross_profit": 5812000000,
      "operating_income": null,
      "net_income": null,
      "opex": null,
      "cogs": 812000000,
      "rd": null,
      "sga": 277000000,
      "fcf": 1022000000,
      "ocf": 2790000000,
      "capex": -1768000000,
      "gross_margin": 0.8774154589371981,
      "op_margin": null,
      "fcf_margin": 0.15428743961352656,
      "rev_growth_yoy": -0.07653701380175659,
      "rev_growth_yoy_accel": -0.01742010020339954,
      "fcf_margin_change": 0.004303030508443939
    }
  ],
  "signals": [
    {
      "quarter": "2025-06 (Q2)",
      "signal": "FCF MARGIN EXPANSION",
      "detail": "FCF margin: +3.5% -> +15.0% (+11.5%)",
      "severity": "MEDIUM"
    },
    {
      "quarter": "2025-06 (Q2)",
      "signal": "YoY REVENUE GROWTH DECELERATION",
      "detail": "YoY growth: -5.9% vs prior quarter YoY: +13.9% (decel: -19.8%)",
      "severity": "WARNING"
    },
    {
      "quarter": "2025-03 (Q1)",
      "signal": "YoY REVENUE GROWTH ACCELERATION",
      "detail": "YoY growth: +13.9% vs prior quarter YoY: -5.7% (accel: +19.6%)",
      "severity": "HIGH"
    },
    {
      "quarter": "2024-12 (Q4)",
      "signal": "YoY REVENUE GROWTH DECELERATION",
      "detail": "YoY growth: -5.7% vs prior quarter YoY: +0.2% (decel: -6.0%)",
      "severity": "WARNING"
    },
    {
      "quarter": "2024-09 (Q3)",
      "signal": "FCF MARGIN EXPANSION",
      "detail": "FCF margin: +9.1% -> +27.9% (+18.7%)",
      "severity": "MEDIUM"
    },
    {
      "quarter": "2024-06 (Q2)",
      "signal": "FCF MARGIN EXPANSION",
      "detail": "FCF margin: +3.7% -> +9.1% (+5.4%)",
      "severity": "MEDIUM"
    },
    {
      "quarter": "2024-06 (Q2)",
      "signal": "YoY REVENUE GROWTH ACCELERATION",
      "detail": "YoY growth: +1.7% vs prior quarter YoY: -17.3% (accel: +19.0%)",
      "severity": "HIGH"
    },
    {
      "quarter": "2023-12 (Q4)",
      "signal": "YoY REVENUE GROWTH ACCELERATION",
      "detail": "YoY growth: -12.7% vs prior quarter YoY: -23.8% (accel: +11.0%)",
      "severity": "MEDIUM"
    },
    {
      "quarter": "2023-09 (Q3)",
      "signal": "GROSS MARGIN INFLECTION",
      "detail": "GM: +89.7% -> +88.2% -> +90.5% (reversal +2.3%)",
      "severity": "MEDIUM"
    },
    {
      "quarter": "2023-09 (Q3)",
      "signal": "YoY REVENUE GROWTH ACCELERATION",
      "detail": "YoY growth: -23.8% vs prior quarter YoY: -37.2% (accel: +13.5%)",
      "severity": "MEDIUM"
    },
    {
      "quarter": "2023-06 (Q2)",
      "signal": "YoY REVENUE GROWTH DECELERATION",
      "detail": "YoY growth: -37.2% vs prior quarter YoY: -13.5% (decel: -23.8%)",
      "severity": "WARNING"
    },
    {
      "quarter": "2023-03 (Q1)",
      "signal": "YoY REVENUE GROWTH DECELERATION",
      "detail": "YoY growth: -13.5% vs prior quarter YoY: +3.9% (decel: -17.3%)",
      "severity": "WARNING"
    },
    {
      "quarter": "2022-12 (Q4)",
      "signal": "YoY REVENUE GROWTH DECELERATION",
      "detail": "YoY growth: +3.9% vs prior quarter YoY: +38.3% (decel: -34.4%)",
      "severity": "WARNING"
    },
    {
      "quarter": "2022-09 (Q3)",
      "signal": "YoY REVENUE GROWTH DECELERATION",
      "detail": "YoY growth: +38.3% vs prior quarter YoY: +79.2% (decel: -40.9%)",
      "severity": "WARNING"
    },
    {
      "quarter": "2022-06 (Q2)",
      "signal": "FCF MARGIN EXPANSION",
      "detail": "FCF margin: +28.5% -> +40.8% (+12.3%)",
      "severity": "MEDIUM"
    },
    {
      "quarter": "2022-06 (Q2)",
      "signal": "YoY REVENUE GROWTH ACCELERATION",
      "detail": "YoY growth: +79.2% vs prior quarter YoY: +57.7% (accel: +21.5%)",
      "severity": "HIGH"
    },
    {
      "quarter": "2022-03 (Q1)",
      "signal": "YoY REVENUE GROWTH DECELERATION",
      "detail": "YoY growth: +57.7% vs prior quarter YoY: +90.2% (decel: -32.5%)",
      "severity": "WARNING"
    },
    {
      "quarter": "2021-06 (Q2)",
      "signal": "FCF MARGIN EXPANSION",
      "detail": "FCF margin: +6.3% -> +43.9% (+37.7%)",
      "severity": "MEDIUM"
    }
  ],
  "data_quality": {
    "n_quarters": 20,
    "coverage": {
      "revenue": [
        20,
        20
      ],
      "gross_profit": [
        20,
        20
      ],
      "op_income": [
        0,
        20
      ],
      "fcf": [
        20,
        20
      ]
    },
    "gaps": [],
    "warnings": [
      "op_income: no data"
    ]
  },
  "market_cap": null,
  "source": "SEC EDGAR",
  "last_updated": "2026-02-02T20:01:37.699468"
}