{
  "ticker": "PACS",
  "name": "PACS Group, Inc.",
  "quarters": [
    {
      "date": "2023-03-31T00:00:00",
      "quarter_label": "2023-03 (Q1)",
      "revenue": 708442000,
      "gross_profit": 169670000,
      "operating_income": 59295000,
      "net_income": 37597000,
      "opex": 649147000,
      "cogs": 538772000,
      "rd": null,
      "sga": null,
      "fcf": 79290000,
      "ocf": 79290000,
      "capex": null,
      "gross_margin": 0.23949737593197468,
      "op_margin": 0.08369774801606907,
      "fcf_margin": 0.11192165343105011
    },
    {
      "date": "2023-06-30T00:00:00",
      "quarter_label": "2023-06 (Q2)",
      "revenue": 760664000,
      "gross_profit": 169849000,
      "operating_income": 49539000,
      "net_income": 21218000,
      "opex": 711125000,
      "cogs": 590815000,
      "rd": null,
      "sga": null,
      "fcf": -21078000,
      "ocf": -21078000,
      "capex": null,
      "gross_margin": 0.22329044098314105,
      "op_margin": 0.06512599518315577,
      "fcf_margin": -0.0277100007361989,
      "op_leverage_ratio": 0.7720664784779252,
      "fcf_margin_change": -0.13963165416724901
    },
    {
      "date": "2023-09-30T00:00:00",
      "quarter_label": "2023-09 (Q3)",
      "revenue": 789186000,
      "gross_profit": 150695000,
      "operating_income": 36402000,
      "net_income": 19925000,
      "opex": 752784000,
      "cogs": 638491000,
      "rd": null,
      "sga": null,
      "fcf": 15186000,
      "ocf": 15186000,
      "capex": null,
      "gross_margin": 0.19094991548253518,
      "op_margin": 0.04612600831743087,
      "fcf_margin": 0.019242612007815647,
      "op_leverage_ratio": 0.6400652047669418,
      "fcf_margin_change": 0.04695261274401455
    },
    {
      "date": "2023-12-31T00:00:00",
      "quarter_label": "2023-12 (Q4)",
      "revenue": 853200000,
      "gross_profit": 173565000,
      "operating_income": 62536000,
      "net_income": 34134000,
      "opex": 790664000,
      "cogs": 679635000,
      "rd": null,
      "sga": null,
      "fcf": -9701000,
      "ocf": -9701000,
      "capex": null,
      "gross_margin": 0.2034282700421941,
      "op_margin": 0.07329582747304267,
      "fcf_margin": -0.011370135958743553,
      "op_leverage_ratio": 1.6119664652473067,
      "fcf_margin_change": -0.0306127479665592
    },
    {
      "date": "2024-03-31T00:00:00",
      "quarter_label": "2024-03 (Q1)",
      "revenue": 934721000,
      "gross_profit": 198729000,
      "operating_income": 79960000,
      "net_income": 49138000,
      "opex": 854761000,
      "cogs": 735992000,
      "rd": null,
      "sga": null,
      "fcf": 58751000,
      "ocf": 58751000,
      "capex": null,
      "gross_margin": 0.21260782629255146,
      "op_margin": 0.08554424261357133,
      "fcf_margin": 0.06285404949712267,
      "incr_op_margin_yoy": 0.09132531078889336,
      "rev_growth_yoy": 0.31940370559622383,
      "op_leverage_ratio": 1.178617577243398,
      "fcf_margin_change": 0.07422418545586623
    },
    {
      "date": "2024-06-30T00:00:00",
      "quarter_label": "2024-06 (Q2)",
      "revenue": 981846000,
      "gross_profit": 219699000,
      "operating_income": 710000,
      "net_income": -10910000,
      "opex": 981136000,
      "cogs": 762147000,
      "rd": null,
      "sga": null,
      "fcf": 34772000,
      "ocf": 34772000,
      "capex": null,
      "gross_margin": 0.22376116010046382,
      "op_margin": 0.0007231276595311281,
      "fcf_margin": 0.03541492250312167,
      "incr_op_margin_yoy": -0.2207638957962221,
      "rev_growth_yoy": 0.29077490192778943,
      "rev_growth_yoy_accel": -0.0286288036684344,
      "op_leverage_ratio": 0.34099883336763953,
      "fcf_margin_change": -0.027439126994001
    },
    {
      "date": "2024-09-30T00:00:00",
      "quarter_label": "2024-09 (Q3)",
      "revenue": 1026305000,
      "gross_profit": 176706000,
      "operating_income": 22964000,
      "net_income": 15620000,
      "opex": 1003341000,
      "cogs": 849599000,
      "rd": null,
      "sga": null,
      "fcf": 209228000,
      "ocf": 209228000,
      "capex": null,
      "gross_margin": 0.17217688698778627,
      "op_margin": 0.022375414715898295,
      "fcf_margin": 0.2038653226867257,
      "incr_op_margin_yoy": -0.05667196639661942,
      "rev_growth_yoy": 0.30046022103787956,
      "rev_growth_yoy_accel": 0.00968531911009013,
      "op_leverage_ratio": 2.0007588591481604,
      "fcf_margin_change": 0.16845040018360402
    },
    {
      "date": "2024-12-31T00:00:00",
      "quarter_label": "2024-12 (Q4)",
      "revenue": 1207888000,
      "gross_profit": 258535000,
      "operating_income": 71979000,
      "net_income": 37201000,
      "opex": 1135909000,
      "cogs": 949353000,
      "rd": null,
      "sga": null,
      "fcf": 64590000,
      "ocf": 64590000,
      "capex": null,
      "gross_margin": 0.21403888439987814,
      "op_margin": 0.0595907898745579,
      "fcf_margin": 0.05347350085438385,
      "incr_op_margin_yoy": 0.02662339859256586,
      "rev_growth_yoy": 0.4157149554617909,
      "rev_growth_yoy_accel": 0.11525473442391132,
      "op_leverage_ratio": 1.3390863939234434,
      "fcf_margin_change": -0.15039182183234184
    },
    {
      "date": "2025-03-31T00:00:00",
      "quarter_label": "2025-03 (Q1)",
      "revenue": 1277150000,
      "gross_profit": 253359000,
      "operating_income": 48140000,
      "net_income": 28472000,
      "opex": 1229010000,
      "cogs": 1023791000,
      "rd": null,
      "sga": null,
      "fcf": 150244000,
      "ocf": 150244000,
      "capex": null,
      "gross_margin": 0.19837842070234507,
      "op_margin": 0.037693301491602396,
      "fcf_margin": 0.11764005794151039,
      "incr_op_margin_yoy": -0.09292437264367212,
      "rev_growth_yoy": 0.3663435399440047,
      "rev_growth_yoy_accel": -0.04937141551778618,
      "op_leverage_ratio": 0.699612493009832,
      "fcf_margin_change": 0.06416655708712654
    },
    {
      "date": "2025-06-30T00:00:00",
      "quarter_label": "2025-06 (Q2)",
      "revenue": 1309236000,
      "gross_profit": 288357000,
      "operating_income": 80499000,
      "net_income": 50963000,
      "opex": 1228737000,
      "cogs": 1020879000,
      "rd": null,
      "sga": null,
      "fcf": 52574000,
      "ocf": 52574000,
      "capex": null,
      "gross_margin": 0.2202482974803626,
      "op_margin": 0.061485477026296254,
      "fcf_margin": 0.0401562437940906,
      "incr_op_margin_yoy": 0.2437123919484407,
      "rev_growth_yoy": 0.333443330216755,
      "rev_growth_yoy_accel": -0.03290020972724972,
      "op_leverage_ratio": Infinity,
      "fcf_margin_change": -0.07748381414741978
    },
    {
      "date": "2025-09-30T00:00:00",
      "quarter_label": "2025-09 (Q3)",
      "revenue": 1344567000,
      "gross_profit": 298305000,
      "operating_income": 86269000,
      "net_income": 52406000,
      "opex": 1258298000,
      "cogs": 1046262000,
      "rd": null,
      "sga": null,
      "fcf": 204796000,
      "ocf": 204796000,
      "capex": null,
      "gross_margin": 0.2218595280116201,
      "op_margin": 0.06416117605147233,
      "fcf_margin": 0.15231371884034042,
      "incr_op_margin_yoy": 0.1989084465000534,
      "rev_growth_yoy": 0.31010469597244483,
      "rev_growth_yoy_accel": -0.023338634244310152,
      "op_leverage_ratio": 1.1217028047489574,
      "fcf_margin_change": 0.11215747504624982
    }
  ],
  "signals": [
    {
      "quarter": "2025-09 (Q3)",
      "signal": "FCF MARGIN EXPANSION",
      "detail": "FCF margin: +4.0% -> +15.2% (+11.2%)",
      "severity": "MEDIUM"
    },
    {
      "quarter": "2025-09 (Q3)",
      "signal": "INCREMENTAL MARGIN (YoY)",
      "detail": "YoY Incr OPM: +19.9% vs year-ago OPM: +2.2%",
      "severity": "MEDIUM"
    },
    {
      "quarter": "2025-06 (Q2)",
      "signal": "GROSS MARGIN INFLECTION",
      "detail": "GM: +21.4% -> +19.8% -> +22.0% (reversal +2.2%)",
      "severity": "MEDIUM"
    },
    {
      "quarter": "2025-06 (Q2)",
      "signal": "INCREMENTAL MARGIN (YoY)",
      "detail": "YoY Incr OPM: +24.4% vs year-ago OPM: +0.1%",
      "severity": "HIGH"
    },
    {
      "quarter": "2025-03 (Q1)",
      "signal": "FCF MARGIN EXPANSION",
      "detail": "FCF margin: +5.3% -> +11.8% (+6.4%)",
      "severity": "MEDIUM"
    },
    {
      "quarter": "2024-12 (Q4)",
      "signal": "GROSS MARGIN INFLECTION",
      "detail": "GM: +22.4% -> +17.2% -> +21.4% (reversal +4.2%)",
      "severity": "MEDIUM"
    },
    {
      "quarter": "2024-12 (Q4)",
      "signal": "YoY REVENUE GROWTH ACCELERATION",
      "detail": "YoY growth: +41.6% vs prior quarter YoY: +30.0% (accel: +11.5%)",
      "severity": "MEDIUM"
    },
    {
      "quarter": "2024-09 (Q3)",
      "signal": "FCF MARGIN EXPANSION",
      "detail": "FCF margin: +3.5% -> +20.4% (+16.8%)",
      "severity": "MEDIUM"
    },
    {
      "quarter": "2024-09 (Q3)",
      "signal": "OPERATING LEVERAGE",
      "detail": "Rev growth +4.5% vs OpEx growth +2.3% (leverage: 2.0x)",
      "severity": "MEDIUM"
    },
    {
      "quarter": "2024-03 (Q1)",
      "signal": "FCF TURNED POSITIVE",
      "detail": "FCF margin: -1.1% -> +6.3%",
      "severity": "HIGH"
    },
    {
      "quarter": "2023-12 (Q4)",
      "signal": "OPERATING LEVERAGE",
      "detail": "Rev growth +8.1% vs OpEx growth +5.0% (leverage: 1.6x)",
      "severity": "MEDIUM"
    },
    {
      "quarter": "2023-09 (Q3)",
      "signal": "FCF TURNED POSITIVE",
      "detail": "FCF margin: -2.8% -> +1.9%",
      "severity": "HIGH"
    }
  ],
  "data_quality": {
    "n_quarters": 11,
    "coverage": {
      "revenue": [
        11,
        11
      ],
      "gross_profit": [
        11,
        11
      ],
      "op_income": [
        11,
        11
      ],
      "fcf": [
        11,
        11
      ]
    },
    "gaps": [],
    "warnings": []
  },
  "market_cap": null,
  "source": "SEC EDGAR",
  "last_updated": "2026-02-02T21:01:07.526431"
}