{
  "ticker": "PAG",
  "name": "Penske Automotive Group, Inc.",
  "quarters": [
    {
      "date": "2020-12-31T00:00:00",
      "quarter_label": "2020-12 (Q4)",
      "revenue": 5812100000,
      "gross_profit": 898400000,
      "operating_income": 242500000,
      "net_income": 200200000,
      "opex": 655900000,
      "cogs": 4913700000,
      "rd": null,
      "sga": 625800000,
      "fcf": null,
      "ocf": null,
      "capex": null,
      "gross_margin": 0.1545740782161353,
      "op_margin": 0.041723301388482646,
      "fcf_margin": null
    },
    {
      "date": "2021-03-31T00:00:00",
      "quarter_label": "2021-03 (Q1)",
      "revenue": 5773800000,
      "gross_profit": 913200000,
      "operating_income": 219600000,
      "net_income": 182500000,
      "opex": 693600000,
      "cogs": 4860600000,
      "rd": null,
      "sga": 664300000,
      "fcf": null,
      "ocf": null,
      "capex": null,
      "gross_margin": 0.15816273511378987,
      "op_margin": 0.03803387716928193,
      "fcf_margin": null
    },
    {
      "date": "2021-06-30T00:00:00",
      "quarter_label": "2021-06 (Q2)",
      "revenue": 6987500000,
      "gross_profit": 1182700000,
      "operating_income": 402700000,
      "net_income": 338900000,
      "opex": 780000000,
      "cogs": 5804800000,
      "rd": null,
      "sga": 749800000,
      "fcf": null,
      "ocf": null,
      "capex": null,
      "gross_margin": 0.16925939177101967,
      "op_margin": 0.05763148479427549,
      "fcf_margin": null,
      "op_leverage_ratio": 1.6875045704542744
    },
    {
      "date": "2021-09-30T00:00:00",
      "quarter_label": "2021-09 (Q3)",
      "revenue": 6497300000,
      "gross_profit": 1165700000,
      "operating_income": 377800000,
      "net_income": 355100000,
      "opex": 787900000,
      "cogs": 5331600000,
      "rd": null,
      "sga": 757700000,
      "fcf": null,
      "ocf": null,
      "capex": null,
      "gross_margin": 0.17941298693303373,
      "op_margin": 0.05814723038800733,
      "fcf_margin": null
    },
    {
      "date": "2021-12-31T00:00:00",
      "quarter_label": "2021-12 (Q4)",
      "revenue": 6296100000,
      "gross_profit": 1179200000,
      "operating_income": 356300000,
      "net_income": 311300000,
      "opex": 822900000,
      "cogs": 5116900000,
      "rd": null,
      "sga": 791100000,
      "fcf": null,
      "ocf": null,
      "capex": null,
      "gross_margin": 0.18729054494051872,
      "op_margin": 0.05659058782420864,
      "fcf_margin": null,
      "incr_op_margin_yoy": 0.23512396694214877,
      "rev_growth_yoy": 0.08327454792587877
    },
    {
      "date": "2022-03-31T00:00:00",
      "quarter_label": "2022-03 (Q1)",
      "revenue": 6975400000,
      "gross_profit": 1231700000,
      "operating_income": 402000000,
      "net_income": 367900000,
      "opex": 829700000,
      "cogs": 5743700000,
      "rd": null,
      "sga": 797800000,
      "fcf": 380600000,
      "ocf": 380600000,
      "capex": null,
      "gross_margin": 0.17657768730108667,
      "op_margin": 0.057631103592625514,
      "fcf_margin": 0.05456317917252057,
      "incr_op_margin_yoy": 0.151797603195739,
      "rev_growth_yoy": 0.2081125082268177,
      "rev_growth_yoy_accel": 0.12483796030093894,
      "op_leverage_ratio": 13.0565413042808
    },
    {
      "date": "2022-06-30T00:00:00",
      "quarter_label": "2022-06 (Q2)",
      "revenue": 6906900000,
      "gross_profit": 1237000000,
      "operating_income": 387600000,
      "net_income": 374000000,
      "opex": 849400000,
      "cogs": 5669900000,
      "rd": null,
      "sga": 817700000,
      "fcf": 498600000,
      "ocf": 498600000,
      "capex": null,
      "gross_margin": 0.17909626605278778,
      "op_margin": 0.05611779524823003,
      "fcf_margin": 0.07218868088433306,
      "incr_op_margin_yoy": 0.18734491315136476,
      "rev_growth_yoy": -0.011534883720930233,
      "rev_growth_yoy_accel": -0.21964739194774793,
      "fcf_margin_change": 0.017625501711812486
    },
    {
      "date": "2022-09-30T00:00:00",
      "quarter_label": "2022-09 (Q3)",
      "revenue": 6920700000,
      "gross_profit": 1186900000,
      "operating_income": 362700000,
      "net_income": 340100000,
      "opex": 824200000,
      "cogs": 5733800000,
      "rd": null,
      "sga": 792700000,
      "fcf": 329000000,
      "ocf": 329000000,
      "capex": null,
      "gross_margin": 0.1714999927752973,
      "op_margin": 0.052407993411071135,
      "fcf_margin": 0.04753854378892309,
      "incr_op_margin_yoy": -0.035663675011809164,
      "rev_growth_yoy": 0.06516553029720037,
      "rev_growth_yoy_accel": 0.0767004140181306,
      "fcf_margin_change": -0.024650137095409967
    },
    {
      "date": "2022-12-31T00:00:00",
      "quarter_label": "2022-12 (Q4)",
      "revenue": 7011800000,
      "gross_profit": 1183200000,
      "operating_income": 335500000,
      "net_income": 298000000,
      "opex": 847700000,
      "cogs": 5828600000,
      "rd": null,
      "sga": 815500000,
      "fcf": 250800000,
      "ocf": 250800000,
      "capex": null,
      "gross_margin": 0.16874411705981346,
      "op_margin": 0.04784791351721384,
      "fcf_margin": 0.035768276334179526,
      "incr_op_margin_yoy": -0.02906245633645382,
      "rev_growth_yoy": 0.1136735439398993,
      "rev_growth_yoy_accel": 0.048508013642698924,
      "op_leverage_ratio": 0.4616715379608938,
      "fcf_margin_change": -0.011770267454743563
    },
    {
      "date": "2023-03-31T00:00:00",
      "quarter_label": "2023-03 (Q1)",
      "revenue": 7339000000,
      "gross_profit": 1252300000,
      "operating_income": 373500000,
      "net_income": 298300000,
      "opex": 878800000,
      "cogs": 6086700000,
      "rd": null,
      "sga": 844900000,
      "fcf": 311200000,
      "ocf": 311200000,
      "capex": null,
      "gross_margin": 0.1706363264749966,
      "op_margin": 0.05089249216514512,
      "fcf_margin": 0.04240359722032974,
      "incr_op_margin_yoy": -0.07838283828382839,
      "rev_growth_yoy": 0.05212604295094188,
      "rev_growth_yoy_accel": -0.06154750098895742,
      "op_leverage_ratio": 1.2719369067247137,
      "fcf_margin_change": 0.006635320886150216
    },
    {
      "date": "2023-06-30T00:00:00",
      "quarter_label": "2023-06 (Q2)",
      "revenue": 7468500000,
      "gross_profit": 1273000000,
      "operating_income": 380800000,
      "net_income": 300800000,
      "opex": 892200000,
      "cogs": 6195500000,
      "rd": null,
      "sga": 858100000,
      "fcf": 293300000,
      "ocf": 293300000,
      "capex": null,
      "gross_margin": 0.17044922005757515,
      "op_margin": 0.050987480752493805,
      "fcf_margin": 0.03927160741782152,
      "incr_op_margin_yoy": -0.012108262108262107,
      "rev_growth_yoy": 0.08130999435347261,
      "rev_growth_yoy_accel": 0.02918395140253073,
      "op_leverage_ratio": 1.1572258614272959,
      "fcf_margin_change": -0.0031319898025082213
    },
    {
      "date": "2023-09-30T00:00:00",
      "quarter_label": "2023-09 (Q3)",
      "revenue": 7447800000,
      "gross_profit": 1220400000,
      "operating_income": 331500000,
      "net_income": 263400000,
      "opex": 888900000,
      "cogs": 6227400000,
      "rd": null,
      "sga": 853500000,
      "fcf": 417700000,
      "ocf": 417700000,
      "capex": null,
      "gross_margin": 0.16386046886328848,
      "op_margin": 0.04450978812535245,
      "fcf_margin": 0.05608367571631891,
      "incr_op_margin_yoy": -0.05919180421172453,
      "rev_growth_yoy": 0.0761628159001257,
      "rev_growth_yoy_accel": -0.005147178453346904,
      "fcf_margin_change": 0.016812068298497393
    },
    {
      "date": "2023-12-31T00:00:00",
      "quarter_label": "2023-12 (Q4)",
      "revenue": 7272100000,
      "gross_profit": 1188100000,
      "operating_income": 265700000,
      "net_income": 190700000,
      "opex": 922400000,
      "cogs": 6084000000,
      "rd": null,
      "sga": 844100000,
      "fcf": 71400000,
      "ocf": 71400000,
      "capex": null,
      "gross_margin": 0.16337784133881547,
      "op_margin": 0.03653690130773779,
      "fcf_margin": 0.009818346832414296,
      "incr_op_margin_yoy": -0.26815213215520556,
      "rev_growth_yoy": 0.03712313528623178,
      "rev_growth_yoy_accel": -0.03903968061389392,
      "fcf_margin_change": -0.04626532888390462
    },
    {
      "date": "2024-03-31T00:00:00",
      "quarter_label": "2024-03 (Q1)",
      "revenue": 7447800000,
      "gross_profit": 1245200000,
      "operating_income": 327600000,
      "net_income": 215200000,
      "opex": 917600000,
      "cogs": 6202600000,
      "rd": null,
      "sga": 879800000,
      "fcf": 456000000,
      "ocf": 456000000,
      "capex": null,
      "gross_margin": 0.16719031123284728,
      "op_margin": 0.04398614355917184,
      "fcf_margin": 0.06122613389188754,
      "incr_op_margin_yoy": -0.421875,
      "rev_growth_yoy": 0.014824908025616569,
      "rev_growth_yoy_accel": -0.022298227260615214,
      "op_leverage_ratio": Infinity,
      "fcf_margin_change": 0.05140778705947324
    },
    {
      "date": "2024-06-30T00:00:00",
      "quarter_label": "2024-06 (Q2)",
      "revenue": 7696700000,
      "gross_profit": 1264100000,
      "operating_income": 338000000,
      "net_income": 241200000,
      "opex": 926100000,
      "cogs": 6432600000,
      "rd": null,
      "sga": 887500000,
      "fcf": 235100000,
      "ocf": 235100000,
      "capex": null,
      "gross_margin": 0.16423921940571934,
      "op_margin": 0.04391492457806592,
      "fcf_margin": 0.030545558486104435,
      "incr_op_margin_yoy": -0.18755477651183172,
      "rev_growth_yoy": 0.030554997656825334,
      "rev_growth_yoy_accel": 0.015730089631208765,
      "op_leverage_ratio": 3.6077079216444496,
      "fcf_margin_change": -0.030680575405783103
    },
    {
      "date": "2024-09-30T00:00:00",
      "quarter_label": "2024-09 (Q3)",
      "revenue": 7590800000,
      "gross_profit": 1243200000,
      "operating_income": 317400000,
      "net_income": 226100000,
      "opex": 925800000,
      "cogs": 6347600000,
      "rd": null,
      "sga": 885200000,
      "fcf": 271000000,
      "ocf": 271000000,
      "capex": null,
      "gross_margin": 0.16377720398376983,
      "op_margin": 0.04181377456921537,
      "fcf_margin": 0.035701111872266426,
      "incr_op_margin_yoy": -0.0986013986013986,
      "rev_growth_yoy": 0.01920030075995596,
      "rev_growth_yoy_accel": -0.011354696896869375,
      "fcf_margin_change": 0.0051555533861619915
    },
    {
      "date": "2024-12-31T00:00:00",
      "quarter_label": "2024-12 (Q4)",
      "revenue": 7719900000,
      "gross_profit": 1260800000,
      "operating_income": 333800000,
      "net_income": 236400000,
      "opex": 927000000,
      "cogs": 6459100000,
      "rd": null,
      "sga": 886000000,
      "fcf": 217700000,
      "ocf": 217700000,
      "capex": null,
      "gross_margin": 0.16331817769660228,
      "op_margin": 0.04323890205831682,
      "fcf_margin": 0.02819984714827912,
      "incr_op_margin_yoy": 0.15207682000893255,
      "rev_growth_yoy": 0.061577811086206184,
      "rev_growth_yoy_accel": 0.04237751032625023,
      "op_leverage_ratio": 13.121232281182484,
      "fcf_margin_change": -0.007501264723987305
    },
    {
      "date": "2025-03-31T00:00:00",
      "quarter_label": "2025-03 (Q1)",
      "revenue": 7604500000,
      "gross_profit": 1269000000,
      "operating_income": 315500000,
      "net_income": 244300000,
      "opex": 953500000,
      "cogs": 6335500000,
      "rd": null,
      "sga": 913600000,
      "fcf": 282700000,
      "ocf": 282700000,
      "capex": null,
      "gross_margin": 0.16687487671773293,
      "op_margin": 0.04148859228088632,
      "fcf_margin": 0.037175356696692745,
      "incr_op_margin_yoy": -0.07721761327377154,
      "rev_growth_yoy": 0.02103977013346223,
      "rev_growth_yoy_accel": -0.04053804095274395,
      "fcf_margin_change": 0.008975509548413623
    },
    {
      "date": "2025-06-30T00:00:00",
      "quarter_label": "2025-06 (Q2)",
      "revenue": 7662300000,
      "gross_profit": 1296600000,
      "operating_income": 348200000,
      "net_income": 250000000,
      "opex": 948400000,
      "cogs": 6365700000,
      "rd": null,
      "sga": 906300000,
      "fcf": 189700000,
      "ocf": 189700000,
      "capex": null,
      "gross_margin": 0.169218119885674,
      "op_margin": 0.045443274212703756,
      "fcf_margin": 0.024757579316915287,
      "incr_op_margin_yoy": -0.29651162790697677,
      "rev_growth_yoy": -0.004469447945223278,
      "rev_growth_yoy_accel": -0.02550921807868551,
      "fcf_margin_change": -0.012417777379777457
    },
    {
      "date": "2025-09-30T00:00:00",
      "quarter_label": "2025-09 (Q3)",
      "revenue": 7695300000,
      "gross_profit": 1249100000,
      "operating_income": 298700000,
      "net_income": 213000000,
      "opex": 950400000,
      "cogs": 6446200000,
      "rd": null,
      "sga": 907500000,
      "fcf": 379500000,
      "ocf": 379500000,
      "capex": null,
      "gross_margin": 0.16231985757540318,
      "op_margin": 0.0388159006146609,
      "fcf_margin": 0.049315816147518614,
      "incr_op_margin_yoy": -0.17894736842105263,
      "rev_growth_yoy": 0.013766664910154398,
      "rev_growth_yoy_accel": 0.018236112855377677,
      "fcf_margin_change": 0.024558236830603326
    }
  ],
  "signals": [
    {
      "quarter": "2024-12 (Q4)",
      "signal": "OPERATING LEVERAGE",
      "detail": "Rev growth +1.7% vs OpEx growth +0.1% (leverage: 13.1x)",
      "severity": "MEDIUM"
    },
    {
      "quarter": "2024-12 (Q4)",
      "signal": "INCREMENTAL MARGIN (YoY)",
      "detail": "YoY Incr OPM: +15.2% vs year-ago OPM: +3.7%",
      "severity": "MEDIUM"
    },
    {
      "quarter": "2024-06 (Q2)",
      "signal": "OPERATING LEVERAGE",
      "detail": "Rev growth +3.3% vs OpEx growth +0.9% (leverage: 3.6x)",
      "severity": "MEDIUM"
    },
    {
      "quarter": "2024-03 (Q1)",
      "signal": "FCF MARGIN EXPANSION",
      "detail": "FCF margin: +1.0% -> +6.1% (+5.1%)",
      "severity": "MEDIUM"
    },
    {
      "quarter": "2023-03 (Q1)",
      "signal": "YoY REVENUE GROWTH DECELERATION",
      "detail": "YoY growth: +5.2% vs prior quarter YoY: +11.4% (decel: -6.2%)",
      "severity": "WARNING"
    },
    {
      "quarter": "2022-09 (Q3)",
      "signal": "YoY REVENUE GROWTH ACCELERATION",
      "detail": "YoY growth: +6.5% vs prior quarter YoY: -1.2% (accel: +7.7%)",
      "severity": "MEDIUM"
    },
    {
      "quarter": "2022-06 (Q2)",
      "signal": "YoY REVENUE GROWTH DECELERATION",
      "detail": "YoY growth: -1.2% vs prior quarter YoY: +20.8% (decel: -22.0%)",
      "severity": "WARNING"
    },
    {
      "quarter": "2022-06 (Q2)",
      "signal": "INCREMENTAL MARGIN (YoY)",
      "detail": "YoY Incr OPM: +18.7% vs year-ago OPM: +5.8%",
      "severity": "MEDIUM"
    },
    {
      "quarter": "2022-03 (Q1)",
      "signal": "OPERATING LEVERAGE",
      "detail": "Rev growth +10.8% vs OpEx growth +0.8% (leverage: 13.1x)",
      "severity": "MEDIUM"
    },
    {
      "quarter": "2022-03 (Q1)",
      "signal": "YoY REVENUE GROWTH ACCELERATION",
      "detail": "YoY growth: +20.8% vs prior quarter YoY: +8.3% (accel: +12.5%)",
      "severity": "MEDIUM"
    },
    {
      "quarter": "2022-03 (Q1)",
      "signal": "INCREMENTAL MARGIN (YoY)",
      "detail": "YoY Incr OPM: +15.2% vs year-ago OPM: +3.8%",
      "severity": "MEDIUM"
    },
    {
      "quarter": "2021-12 (Q4)",
      "signal": "INCREMENTAL MARGIN (YoY)",
      "detail": "YoY Incr OPM: +23.5% vs year-ago OPM: +4.2%",
      "severity": "MEDIUM"
    },
    {
      "quarter": "2021-06 (Q2)",
      "signal": "OPERATING LEVERAGE",
      "detail": "Rev growth +21.0% vs OpEx growth +12.5% (leverage: 1.7x)",
      "severity": "MEDIUM"
    }
  ],
  "data_quality": {
    "n_quarters": 20,
    "coverage": {
      "revenue": [
        20,
        20
      ],
      "gross_profit": [
        20,
        20
      ],
      "op_income": [
        20,
        20
      ],
      "fcf": [
        15,
        20
      ]
    },
    "gaps": [],
    "warnings": [
      "fcf: 15/20Q"
    ]
  },
  "market_cap": null,
  "source": "SEC EDGAR",
  "last_updated": "2026-02-02T20:36:25.598673"
}