{
  "ticker": "PAHC",
  "name": "Phibro Animal Health Corporation",
  "quarters": [
    {
      "date": "2020-12-31T00:00:00",
      "quarter_label": "2020-12 (Q4)",
      "revenue": 206149000,
      "gross_profit": 68265000,
      "operating_income": 19890000,
      "net_income": 12801000,
      "opex": 48375000,
      "cogs": 137884000,
      "rd": null,
      "sga": 48375000,
      "fcf": 26913000,
      "ocf": 26913000,
      "capex": null,
      "gross_margin": 0.3311439783845665,
      "op_margin": 0.0964836113684762,
      "fcf_margin": 0.13055120325589745
    },
    {
      "date": "2021-03-31T00:00:00",
      "quarter_label": "2021-03 (Q1)",
      "revenue": 211729000,
      "gross_profit": 69165000,
      "operating_income": 20132000,
      "net_income": 12161000,
      "opex": 49033000,
      "cogs": 142564000,
      "rd": null,
      "sga": 49033000,
      "fcf": 16625000,
      "ocf": 16625000,
      "capex": null,
      "gross_margin": 0.3266675797835913,
      "op_margin": 0.0950838099646246,
      "fcf_margin": 0.07852018381988296,
      "op_leverage_ratio": 1.9899769725680605,
      "fcf_margin_change": -0.052031019436014486
    },
    {
      "date": "2021-06-30T00:00:00",
      "quarter_label": "2021-06 (Q2)",
      "revenue": 220278000,
      "gross_profit": 69828000,
      "operating_income": 19158000,
      "net_income": 17121000,
      "opex": 50670000,
      "cogs": 150450000,
      "rd": null,
      "sga": 50670000,
      "fcf": 3070000,
      "ocf": 3070000,
      "capex": null,
      "gross_margin": 0.31699942799553293,
      "op_margin": 0.08697191730449705,
      "fcf_margin": 0.013936934237645157,
      "op_leverage_ratio": 1.209413346476693,
      "fcf_margin_change": -0.06458324958223781
    },
    {
      "date": "2021-09-30T00:00:00",
      "quarter_label": "2021-09 (Q3)",
      "revenue": 214665000,
      "gross_profit": 64678000,
      "operating_income": 14612000,
      "net_income": 6534000,
      "opex": 50066000,
      "cogs": 149987000,
      "rd": null,
      "sga": 50066000,
      "fcf": 3821000,
      "ocf": 3821000,
      "capex": null,
      "gross_margin": 0.30129737032119813,
      "op_margin": 0.06806885146623809,
      "fcf_margin": 0.01779982763841334,
      "fcf_margin_change": 0.0038628934007681835
    },
    {
      "date": "2021-12-31T00:00:00",
      "quarter_label": "2021-12 (Q4)",
      "revenue": 232712000,
      "gross_profit": 70672000,
      "operating_income": 22294000,
      "net_income": 17465000,
      "opex": 48378000,
      "cogs": 162040000,
      "rd": null,
      "sga": 48378000,
      "fcf": 20122000,
      "ocf": 20122000,
      "capex": null,
      "gross_margin": 0.3036886795695968,
      "op_margin": 0.09580081817869297,
      "fcf_margin": 0.08646739317267696,
      "incr_op_margin_yoy": 0.09050182584798404,
      "rev_growth_yoy": 0.12885340215087146,
      "op_leverage_ratio": Infinity,
      "fcf_margin_change": 0.06866756553426362
    },
    {
      "date": "2022-03-31T00:00:00",
      "quarter_label": "2022-03 (Q1)",
      "revenue": 239619000,
      "gross_profit": 71626000,
      "operating_income": 19194000,
      "net_income": 17689000,
      "opex": 52432000,
      "cogs": 167993000,
      "rd": null,
      "sga": 52432000,
      "fcf": 6132000,
      "ocf": 6132000,
      "capex": null,
      "gross_margin": 0.2989161961280199,
      "op_margin": 0.08010216218246466,
      "fcf_margin": 0.02559062511737383,
      "incr_op_margin_yoy": -0.03363212621011115,
      "rev_growth_yoy": 0.1317249880743781,
      "rev_growth_yoy_accel": 0.002871585923506642,
      "op_leverage_ratio": 0.35418881564552845,
      "fcf_margin_change": -0.06087676805530313
    },
    {
      "date": "2022-06-30T00:00:00",
      "quarter_label": "2022-06 (Q2)",
      "revenue": 255265000,
      "gross_profit": 78424000,
      "operating_income": 22886000,
      "net_income": 7487000,
      "opex": 55538000,
      "cogs": 176841000,
      "rd": null,
      "sga": 55538000,
      "fcf": 1574000,
      "ocf": 1574000,
      "capex": null,
      "gross_margin": 0.3072258241435371,
      "op_margin": 0.089655847844397,
      "fcf_margin": 0.006166141069085068,
      "incr_op_margin_yoy": 0.10655386286334924,
      "rev_growth_yoy": 0.1588311134112349,
      "rev_growth_yoy_accel": 0.0271061253368568,
      "op_leverage_ratio": 1.1022422328113834,
      "fcf_margin_change": -0.019424484048288764
    },
    {
      "date": "2022-09-30T00:00:00",
      "quarter_label": "2022-09 (Q3)",
      "revenue": 232521000,
      "gross_profit": 68646000,
      "operating_income": 13684000,
      "net_income": 3856000,
      "opex": 54962000,
      "cogs": 163875000,
      "rd": null,
      "sga": 54962000,
      "fcf": -10698000,
      "ocf": -10698000,
      "capex": null,
      "gross_margin": 0.29522494742410366,
      "op_margin": 0.05885059844057096,
      "fcf_margin": -0.04600874759699124,
      "incr_op_margin_yoy": -0.05197132616487455,
      "rev_growth_yoy": 0.08318077003703445,
      "rev_growth_yoy_accel": -0.07565034337420046,
      "fcf_margin_change": -0.05217488866607631
    },
    {
      "date": "2022-12-31T00:00:00",
      "quarter_label": "2022-12 (Q4)",
      "revenue": 244646000,
      "gross_profit": 77385000,
      "operating_income": 15844000,
      "net_income": 7210000,
      "opex": 61541000,
      "cogs": 167261000,
      "rd": null,
      "sga": 61541000,
      "fcf": -2489000,
      "ocf": -2489000,
      "capex": null,
      "gross_margin": 0.31631418457689886,
      "op_margin": 0.06476296362908039,
      "fcf_margin": -0.01017388389754993,
      "incr_op_margin_yoy": -0.5404725992961287,
      "rev_growth_yoy": 0.05128227164907697,
      "rev_growth_yoy_accel": -0.031898498387957476,
      "op_leverage_ratio": 0.4356344401011299,
      "fcf_margin_change": 0.035834863699441305
    },
    {
      "date": "2023-03-31T00:00:00",
      "quarter_label": "2023-03 (Q1)",
      "revenue": 245673000,
      "gross_profit": 75540000,
      "operating_income": 18553000,
      "net_income": 10042000,
      "opex": 56987000,
      "cogs": 170133000,
      "rd": null,
      "sga": 56987000,
      "fcf": 6259000,
      "ocf": 6259000,
      "capex": null,
      "gross_margin": 0.30748189666752146,
      "op_margin": 0.07551908431125928,
      "fcf_margin": 0.025476955139555425,
      "incr_op_margin_yoy": -0.1058804096465147,
      "rev_growth_yoy": 0.025265108359520737,
      "rev_growth_yoy_accel": -0.026017163289556233,
      "fcf_margin_change": 0.03565083903710536
    },
    {
      "date": "2023-06-30T00:00:00",
      "quarter_label": "2023-06 (Q2)",
      "revenue": 255049000,
      "gross_profit": 76666000,
      "operating_income": 23766000,
      "net_income": 11498000,
      "opex": 52900000,
      "cogs": 178383000,
      "rd": null,
      "sga": 52900000,
      "fcf": 20238000,
      "ocf": 20238000,
      "capex": null,
      "gross_margin": 0.3005932193421656,
      "op_margin": 0.09318209442107203,
      "fcf_margin": 0.07934945833937793,
      "rev_growth_yoy": -0.0008461794605605939,
      "rev_growth_yoy_accel": -0.026111287820081333,
      "op_leverage_ratio": Infinity,
      "fcf_margin_change": 0.0538725031998225
    },
    {
      "date": "2023-09-30T00:00:00",
      "quarter_label": "2023-09 (Q3)",
      "revenue": 231349000,
      "gross_profit": 67726000,
      "operating_income": -726000,
      "net_income": -8015000,
      "opex": 68452000,
      "cogs": 163623000,
      "rd": null,
      "sga": 68452000,
      "fcf": 16199000,
      "ocf": 16199000,
      "capex": null,
      "gross_margin": 0.2927438631677682,
      "op_margin": -0.0031381160065528705,
      "fcf_margin": 0.0700197537054407,
      "incr_op_margin_yoy": 12.295221843003413,
      "rev_growth_yoy": -0.005040404952670941,
      "rev_growth_yoy_accel": -0.0041942254921103475,
      "fcf_margin_change": -0.00932970463393723
    },
    {
      "date": "2023-12-31T00:00:00",
      "quarter_label": "2023-12 (Q4)",
      "revenue": 249943000,
      "gross_profit": 78616000,
      "operating_income": 15701000,
      "net_income": 1274000,
      "opex": 62915000,
      "cogs": 171327000,
      "rd": null,
      "sga": 62915000,
      "fcf": 31558000,
      "ocf": 31558000,
      "capex": null,
      "gross_margin": 0.31453571414282455,
      "op_margin": 0.06281832257754769,
      "fcf_margin": 0.12626078745954078,
      "incr_op_margin_yoy": -0.02699641306399849,
      "rev_growth_yoy": 0.021651692649787856,
      "rev_growth_yoy_accel": 0.026692097602458796,
      "op_leverage_ratio": Infinity,
      "fcf_margin_change": 0.056241033754100084
    },
    {
      "date": "2024-03-31T00:00:00",
      "quarter_label": "2024-03 (Q1)",
      "revenue": 263223000,
      "gross_profit": 79600000,
      "operating_income": 19924000,
      "net_income": 8405000,
      "opex": 59676000,
      "cogs": 183623000,
      "rd": null,
      "sga": 59676000,
      "fcf": 11408000,
      "ocf": 11408000,
      "capex": null,
      "gross_margin": 0.30240518495724156,
      "op_margin": 0.07569247368201107,
      "fcf_margin": 0.04333967776372125,
      "incr_op_margin_yoy": 0.07811965811965813,
      "rev_growth_yoy": 0.07143642158478954,
      "rev_growth_yoy_accel": 0.04978472893500168,
      "op_leverage_ratio": Infinity,
      "fcf_margin_change": -0.08292110969581953
    },
    {
      "date": "2024-06-30T00:00:00",
      "quarter_label": "2024-06 (Q2)",
      "revenue": 273164000,
      "gross_profit": 87150000,
      "operating_income": 18416000,
      "net_income": 752000,
      "opex": 68734000,
      "cogs": 186014000,
      "rd": null,
      "sga": 68734000,
      "fcf": 28429000,
      "ocf": 28429000,
      "capex": null,
      "gross_margin": 0.31903911203526086,
      "op_margin": 0.06741737564247119,
      "fcf_margin": 0.10407301108491603,
      "incr_op_margin_yoy": -0.2953353574385868,
      "rev_growth_yoy": 0.07102556763602288,
      "rev_growth_yoy_accel": -0.00041085394876665127,
      "op_leverage_ratio": 0.2488133211290645,
      "fcf_margin_change": 0.06073333332119477
    },
    {
      "date": "2024-09-30T00:00:00",
      "quarter_label": "2024-09 (Q3)",
      "revenue": 260432000,
      "gross_profit": 83495000,
      "operating_income": 17699000,
      "net_income": 6975000,
      "opex": 65796000,
      "cogs": 176937000,
      "rd": null,
      "sga": 65796000,
      "fcf": 12622000,
      "ocf": 12622000,
      "capex": null,
      "gross_margin": 0.3206019229587762,
      "op_margin": 0.06796015850586717,
      "fcf_margin": 0.04846562634392087,
      "incr_op_margin_yoy": 0.633531616408211,
      "rev_growth_yoy": 0.12571050663715858,
      "rev_growth_yoy_accel": 0.05468493900113569,
      "fcf_margin_change": -0.05560738474099516
    },
    {
      "date": "2024-12-31T00:00:00",
      "quarter_label": "2024-12 (Q4)",
      "revenue": 309261000,
      "gross_profit": 101870000,
      "operating_income": 25533000,
      "net_income": 3185000,
      "opex": 76337000,
      "cogs": 207391000,
      "rd": null,
      "sga": 76337000,
      "fcf": 3076000,
      "ocf": 3076000,
      "capex": null,
      "gross_margin": 0.3293981459026518,
      "op_margin": 0.08256133169070785,
      "fcf_margin": 0.0099462913202764,
      "incr_op_margin_yoy": 0.16575069961900266,
      "rev_growth_yoy": 0.2373261103531605,
      "rev_growth_yoy_accel": 0.11161560371600193,
      "op_leverage_ratio": 1.1703106646875148,
      "fcf_margin_change": -0.03851933502364447
    },
    {
      "date": "2025-03-31T00:00:00",
      "quarter_label": "2025-03 (Q1)",
      "revenue": 347825000,
      "gross_profit": 104568000,
      "operating_income": 33515000,
      "net_income": 20880000,
      "opex": 71053000,
      "cogs": 243257000,
      "rd": null,
      "sga": 71053000,
      "fcf": 43154000,
      "ocf": 43154000,
      "capex": null,
      "gross_margin": 0.3006339394810609,
      "op_margin": 0.0963559261122691,
      "fcf_margin": 0.12406813771293035,
      "incr_op_margin_yoy": 0.160646320417957,
      "rev_growth_yoy": 0.3214080836401074,
      "rev_growth_yoy_accel": 0.08408197328694691,
      "op_leverage_ratio": Infinity,
      "fcf_margin_change": 0.11412184639265395
    },
    {
      "date": "2025-06-30T00:00:00",
      "quarter_label": "2025-06 (Q2)",
      "revenue": 378697000,
      "gross_profit": 110009000,
      "operating_income": 33718000,
      "net_income": 17224000,
      "opex": 76291000,
      "cogs": 268688000,
      "rd": null,
      "sga": 76291000,
      "fcf": 21272000,
      "ocf": 21272000,
      "capex": null,
      "gross_margin": 0.29049345518976916,
      "op_margin": 0.08903688172866434,
      "fcf_margin": 0.05617155667987864,
      "incr_op_margin_yoy": 0.14499729942292933,
      "rev_growth_yoy": 0.38633568112928496,
      "rev_growth_yoy_accel": 0.06492759748917754,
      "op_leverage_ratio": 1.2039845033832266,
      "fcf_margin_change": -0.06789658103305171
    },
    {
      "date": "2025-09-30T00:00:00",
      "quarter_label": "2025-09 (Q3)",
      "revenue": 363893000,
      "gross_profit": 119783000,
      "operating_income": 51260000,
      "net_income": 26527000,
      "opex": 68523000,
      "cogs": 244110000,
      "rd": null,
      "sga": 68523000,
      "fcf": 9302000,
      "ocf": 9302000,
      "capex": null,
      "gross_margin": 0.3291709376107812,
      "op_margin": 0.14086558411401154,
      "fcf_margin": 0.02556245929435301,
      "incr_op_margin_yoy": 0.32438310087859196,
      "rev_growth_yoy": 0.3972668489279351,
      "rev_growth_yoy_accel": 0.010931167798650165,
      "fcf_margin_change": -0.030609097385525627
    }
  ],
  "signals": [
    {
      "quarter": "2025-09 (Q3)",
      "signal": "GROSS MARGIN INFLECTION",
      "detail": "GM: +30.1% -> +29.0% -> +32.9% (reversal +3.9%)",
      "severity": "MEDIUM"
    },
    {
      "quarter": "2025-09 (Q3)",
      "signal": "INCREMENTAL MARGIN (YoY)",
      "detail": "YoY Incr OPM: +32.4% vs year-ago OPM: +6.8%",
      "severity": "HIGH"
    },
    {
      "quarter": "2025-06 (Q2)",
      "signal": "YoY REVENUE GROWTH ACCELERATION",
      "detail": "YoY growth: +38.6% vs prior quarter YoY: +32.1% (accel: +6.5%)",
      "severity": "MEDIUM"
    },
    {
      "quarter": "2025-03 (Q1)",
      "signal": "FCF MARGIN EXPANSION",
      "detail": "FCF margin: +1.0% -> +12.4% (+11.4%)",
      "severity": "MEDIUM"
    },
    {
      "quarter": "2025-03 (Q1)",
      "signal": "YoY REVENUE GROWTH ACCELERATION",
      "detail": "YoY growth: +32.1% vs prior quarter YoY: +23.7% (accel: +8.4%)",
      "severity": "MEDIUM"
    },
    {
      "quarter": "2024-12 (Q4)",
      "signal": "YoY REVENUE GROWTH ACCELERATION",
      "detail": "YoY growth: +23.7% vs prior quarter YoY: +12.6% (accel: +11.2%)",
      "severity": "MEDIUM"
    },
    {
      "quarter": "2024-12 (Q4)",
      "signal": "INCREMENTAL MARGIN (YoY)",
      "detail": "YoY Incr OPM: +16.6% vs year-ago OPM: +6.3%",
      "severity": "MEDIUM"
    },
    {
      "quarter": "2024-09 (Q3)",
      "signal": "YoY REVENUE GROWTH ACCELERATION",
      "detail": "YoY growth: +12.6% vs prior quarter YoY: +7.1% (accel: +5.5%)",
      "severity": "MEDIUM"
    },
    {
      "quarter": "2024-09 (Q3)",
      "signal": "OP MARGIN TURNED POSITIVE (YoY)",
      "detail": "Op margin: -0.3% (year-ago) -> +6.8%",
      "severity": "HIGH"
    },
    {
      "quarter": "2024-06 (Q2)",
      "signal": "FCF MARGIN EXPANSION",
      "detail": "FCF margin: +4.3% -> +10.4% (+6.1%)",
      "severity": "MEDIUM"
    },
    {
      "quarter": "2023-12 (Q4)",
      "signal": "FCF MARGIN EXPANSION",
      "detail": "FCF margin: +7.0% -> +12.6% (+5.6%)",
      "severity": "MEDIUM"
    },
    {
      "quarter": "2023-12 (Q4)",
      "signal": "GROSS MARGIN INFLECTION",
      "detail": "GM: +30.1% -> +29.3% -> +31.5% (reversal +2.2%)",
      "severity": "MEDIUM"
    },
    {
      "quarter": "2023-12 (Q4)",
      "signal": "OP MARGIN TURNED POSITIVE (QoQ)",
      "detail": "Op margin: -0.3% -> +6.3%",
      "severity": "HIGH"
    },
    {
      "quarter": "2023-06 (Q2)",
      "signal": "FCF MARGIN EXPANSION",
      "detail": "FCF margin: +2.5% -> +7.9% (+5.4%)",
      "severity": "MEDIUM"
    },
    {
      "quarter": "2023-03 (Q1)",
      "signal": "FCF TURNED POSITIVE",
      "detail": "FCF margin: -1.0% -> +2.5%",
      "severity": "HIGH"
    },
    {
      "quarter": "2022-12 (Q4)",
      "signal": "GROSS MARGIN INFLECTION",
      "detail": "GM: +30.7% -> +29.5% -> +31.6% (reversal +2.1%)",
      "severity": "MEDIUM"
    },
    {
      "quarter": "2022-09 (Q3)",
      "signal": "YoY REVENUE GROWTH DECELERATION",
      "detail": "YoY growth: +8.3% vs prior quarter YoY: +15.9% (decel: -7.6%)",
      "severity": "WARNING"
    },
    {
      "quarter": "2021-12 (Q4)",
      "signal": "FCF MARGIN EXPANSION",
      "detail": "FCF margin: +1.8% -> +8.6% (+6.9%)",
      "severity": "MEDIUM"
    },
    {
      "quarter": "2021-03 (Q1)",
      "signal": "OPERATING LEVERAGE",
      "detail": "Rev growth +2.7% vs OpEx growth +1.4% (leverage: 2.0x)",
      "severity": "MEDIUM"
    }
  ],
  "data_quality": {
    "n_quarters": 20,
    "coverage": {
      "revenue": [
        20,
        20
      ],
      "gross_profit": [
        20,
        20
      ],
      "op_income": [
        20,
        20
      ],
      "fcf": [
        20,
        20
      ]
    },
    "gaps": [],
    "warnings": []
  },
  "market_cap": null,
  "source": "SEC EDGAR",
  "last_updated": "2026-02-02T21:45:45.014925"
}