{
  "ticker": "PAMT",
  "name": "PAMT CORP",
  "quarters": [
    {
      "date": "2020-12-31T00:00:00",
      "quarter_label": "2020-12 (Q4)",
      "revenue": 142750000,
      "gross_profit": null,
      "operating_income": 16370000,
      "net_income": 13953000,
      "opex": 126380000,
      "cogs": null,
      "rd": null,
      "sga": null,
      "fcf": 6021000,
      "ocf": 14484000,
      "capex": -8463000,
      "gross_margin": null,
      "op_margin": 0.11467600700525395,
      "fcf_margin": 0.04217863397548161
    },
    {
      "date": "2021-03-31T00:00:00",
      "quarter_label": "2021-03 (Q1)",
      "revenue": 148858000,
      "gross_profit": null,
      "operating_income": 13654000,
      "net_income": 11949000,
      "opex": 135204000,
      "cogs": null,
      "rd": null,
      "sga": null,
      "fcf": 21997000,
      "ocf": 23926000,
      "capex": -1929000,
      "gross_margin": null,
      "op_margin": 0.09172499966410942,
      "fcf_margin": 0.14777170189039218,
      "op_leverage_ratio": 0.6128239969641782,
      "fcf_margin_change": 0.10559306791491058
    },
    {
      "date": "2021-06-30T00:00:00",
      "quarter_label": "2021-06 (Q2)",
      "revenue": 161263000,
      "gross_profit": null,
      "operating_income": 21019000,
      "net_income": 15317000,
      "opex": 140244000,
      "cogs": null,
      "rd": null,
      "sga": null,
      "fcf": 24858000,
      "ocf": 27382000,
      "capex": -2524000,
      "gross_margin": null,
      "op_margin": 0.13033987957560011,
      "fcf_margin": 0.15414571228366086,
      "op_leverage_ratio": 2.235545908564826,
      "fcf_margin_change": 0.006374010393268681
    },
    {
      "date": "2021-09-30T00:00:00",
      "quarter_label": "2021-09 (Q3)",
      "revenue": 183085000,
      "gross_profit": null,
      "operating_income": 30823000,
      "net_income": 21359000,
      "opex": 152262000,
      "cogs": null,
      "rd": null,
      "sga": null,
      "fcf": 11804000,
      "ocf": 22648000,
      "capex": -10844000,
      "gross_margin": null,
      "op_margin": 0.1683534970095857,
      "fcf_margin": 0.06447278586448917,
      "op_leverage_ratio": 1.5791082665918832,
      "fcf_margin_change": -0.0896729264191717
    },
    {
      "date": "2021-12-31T00:00:00",
      "quarter_label": "2021-12 (Q4)",
      "revenue": 213914000,
      "gross_profit": null,
      "operating_income": 34709000,
      "net_income": 27891000,
      "opex": 179205000,
      "cogs": null,
      "rd": null,
      "sga": null,
      "fcf": 23937000,
      "ocf": 27784000,
      "capex": -3847000,
      "gross_margin": null,
      "op_margin": 0.16225679478668997,
      "fcf_margin": 0.11190010938975477,
      "incr_op_margin_yoy": 0.25770052273621497,
      "rev_growth_yoy": 0.4985218914185639,
      "op_leverage_ratio": 0.9515952210478225,
      "fcf_margin_change": 0.0474273235252656
    },
    {
      "date": "2022-03-31T00:00:00",
      "quarter_label": "2022-03 (Q1)",
      "revenue": 219448000,
      "gross_profit": null,
      "operating_income": 31344000,
      "net_income": 23942000,
      "opex": 188104000,
      "cogs": null,
      "rd": null,
      "sga": null,
      "fcf": 31077000,
      "ocf": 41093000,
      "capex": -10016000,
      "gross_margin": null,
      "op_margin": 0.1428311034960446,
      "fcf_margin": 0.14161441434872954,
      "incr_op_margin_yoy": 0.2506020682816263,
      "rev_growth_yoy": 0.47421032124575097,
      "rev_growth_yoy_accel": -0.024311570172812935,
      "op_leverage_ratio": 0.5209653778683513,
      "fcf_margin_change": 0.02971430495897477
    },
    {
      "date": "2022-06-30T00:00:00",
      "quarter_label": "2022-06 (Q2)",
      "revenue": 237168000,
      "gross_profit": null,
      "operating_income": 36683000,
      "net_income": 24182000,
      "opex": 200485000,
      "cogs": null,
      "rd": null,
      "sga": null,
      "fcf": 21450000,
      "ocf": 33775000,
      "capex": -12325000,
      "gross_margin": null,
      "op_margin": 0.15467095054982122,
      "fcf_margin": 0.0904422181744586,
      "incr_op_margin_yoy": 0.20636321717936895,
      "rev_growth_yoy": 0.4706907350105108,
      "rev_growth_yoy_accel": -0.0035195862352401797,
      "op_leverage_ratio": 1.2268017806356586,
      "fcf_margin_change": -0.051172196174270934
    },
    {
      "date": "2022-09-30T00:00:00",
      "quarter_label": "2022-09 (Q3)",
      "revenue": 252630000,
      "gross_profit": null,
      "operating_income": 35495000,
      "net_income": 24566000,
      "opex": 217135000,
      "cogs": null,
      "rd": null,
      "sga": null,
      "fcf": 24593000,
      "ocf": 45205000,
      "capex": -20612000,
      "gross_margin": null,
      "op_margin": 0.14050191980366544,
      "fcf_margin": 0.09734790009104223,
      "incr_op_margin_yoy": 0.06717952404917679,
      "rev_growth_yoy": 0.3798508889313707,
      "rev_growth_yoy_accel": -0.09083984607914009,
      "op_leverage_ratio": 0.7850136794353552,
      "fcf_margin_change": 0.006905681916583625
    },
    {
      "date": "2022-12-31T00:00:00",
      "quarter_label": "2022-12 (Q4)",
      "revenue": 237616000,
      "gross_profit": null,
      "operating_income": 20246000,
      "net_income": 17982000,
      "opex": 217370000,
      "cogs": null,
      "rd": null,
      "sga": null,
      "fcf": 27734000,
      "ocf": 48742000,
      "capex": -21008000,
      "gross_margin": null,
      "op_margin": 0.08520470002020065,
      "fcf_margin": 0.11671772944582856,
      "incr_op_margin_yoy": -0.6102016707450848,
      "rev_growth_yoy": 0.11080153706629767,
      "rev_growth_yoy_accel": -0.26904935186507306,
      "fcf_margin_change": 0.01936982935478633
    },
    {
      "date": "2023-03-31T00:00:00",
      "quarter_label": "2023-03 (Q1)",
      "revenue": 221724000,
      "gross_profit": null,
      "operating_income": 8499000,
      "net_income": 5231000,
      "opex": 213225000,
      "cogs": null,
      "rd": null,
      "sga": null,
      "fcf": 28099000,
      "ocf": 34207000,
      "capex": -6108000,
      "gross_margin": null,
      "op_margin": 0.03833143908643178,
      "fcf_margin": 0.12672962782558497,
      "incr_op_margin_yoy": -10.037346221441124,
      "rev_growth_yoy": 0.010371477525427436,
      "rev_growth_yoy_accel": -0.10043005954087023,
      "fcf_margin_change": 0.010011898379756412
    },
    {
      "date": "2023-06-30T00:00:00",
      "quarter_label": "2023-06 (Q2)",
      "revenue": 207412000,
      "gross_profit": null,
      "operating_income": 13789000,
      "net_income": 9319000,
      "opex": 193623000,
      "cogs": null,
      "rd": null,
      "sga": null,
      "fcf": 26387000,
      "ocf": 33264000,
      "capex": -6877000,
      "gross_margin": null,
      "op_margin": 0.06648120648757064,
      "fcf_margin": 0.12722021869515746,
      "incr_op_margin_yoy": 0.7693910471837613,
      "rev_growth_yoy": -0.1254638062470485,
      "rev_growth_yoy_accel": -0.13583528377247595,
      "fcf_margin_change": 0.0004905908695724825
    },
    {
      "date": "2023-09-30T00:00:00",
      "quarter_label": "2023-09 (Q3)",
      "revenue": 201502000,
      "gross_profit": null,
      "operating_income": 8833000,
      "net_income": 6097000,
      "opex": 192669000,
      "cogs": null,
      "rd": null,
      "sga": null,
      "fcf": 12534000,
      "ocf": 26333000,
      "capex": -13799000,
      "gross_margin": null,
      "op_margin": 0.04383579319311967,
      "fcf_margin": 0.06220285654732956,
      "incr_op_margin_yoy": 0.5214755124393678,
      "rev_growth_yoy": -0.2023829315599889,
      "rev_growth_yoy_accel": -0.0769191253129404,
      "fcf_margin_change": -0.0650173621478279
    },
    {
      "date": "2023-12-31T00:00:00",
      "quarter_label": "2023-12 (Q4)",
      "revenue": 180168000,
      "gross_profit": null,
      "operating_income": -811000,
      "net_income": -2232000,
      "opex": 180979000,
      "cogs": null,
      "rd": null,
      "sga": null,
      "fcf": 13497000,
      "ocf": 20773000,
      "capex": -7276000,
      "gross_margin": null,
      "op_margin": -0.004501354291550109,
      "fcf_margin": 0.07491341414679632,
      "incr_op_margin_yoy": 0.3665401754630274,
      "rev_growth_yoy": -0.24176823109554912,
      "rev_growth_yoy_accel": -0.03938529953556022,
      "fcf_margin_change": 0.012710557599466765
    },
    {
      "date": "2024-03-31T00:00:00",
      "quarter_label": "2024-03 (Q1)",
      "revenue": 182592000,
      "gross_profit": null,
      "operating_income": -677000,
      "net_income": 281000,
      "opex": 183269000,
      "cogs": null,
      "rd": null,
      "sga": null,
      "fcf": -12239000,
      "ocf": 9585000,
      "capex": -21824000,
      "gross_margin": null,
      "op_margin": -0.003707719943918682,
      "fcf_margin": -0.06702922362425517,
      "incr_op_margin_yoy": 0.2344883982418481,
      "rev_growth_yoy": -0.17648968988472155,
      "rev_growth_yoy_accel": 0.06527854121082757,
      "op_leverage_ratio": 1.063280036158392,
      "fcf_margin_change": -0.14194263777105148
    },
    {
      "date": "2024-06-30T00:00:00",
      "quarter_label": "2024-06 (Q2)",
      "revenue": 182948000,
      "gross_profit": null,
      "operating_income": -705000,
      "net_income": -2910000,
      "opex": 183653000,
      "cogs": null,
      "rd": null,
      "sga": null,
      "fcf": 4068000,
      "ocf": 18685000,
      "capex": -14617000,
      "gross_margin": null,
      "op_margin": -0.0038535540153486238,
      "fcf_margin": 0.022235826573671208,
      "incr_op_margin_yoy": 0.5924623937213865,
      "rev_growth_yoy": -0.11794881684762694,
      "rev_growth_yoy_accel": 0.05854087303709461,
      "fcf_margin_change": 0.08926505019792638
    },
    {
      "date": "2024-09-30T00:00:00",
      "quarter_label": "2024-09 (Q3)",
      "revenue": 182577000,
      "gross_profit": null,
      "operating_income": 2309000,
      "net_income": 2412000,
      "opex": 180268000,
      "cogs": null,
      "rd": null,
      "sga": null,
      "fcf": -33614000,
      "ocf": 15522000,
      "capex": -49136000,
      "gross_margin": null,
      "op_margin": 0.012646718918593251,
      "fcf_margin": -0.18410862266331465,
      "incr_op_margin_yoy": 0.3447291941875826,
      "rev_growth_yoy": -0.0939196633284037,
      "rev_growth_yoy_accel": 0.024029153519223245,
      "fcf_margin_change": -0.20634444923698586
    },
    {
      "date": "2024-12-31T00:00:00",
      "quarter_label": "2024-12 (Q4)",
      "revenue": 166530000,
      "gross_profit": null,
      "operating_income": -37693000,
      "net_income": -31578000,
      "opex": 204223000,
      "cogs": null,
      "rd": null,
      "sga": null,
      "fcf": -39933000,
      "ocf": 15249000,
      "capex": -55182000,
      "gross_margin": null,
      "op_margin": -0.22634360175343782,
      "fcf_margin": -0.23979463159791028,
      "incr_op_margin_yoy": 2.7043554773427187,
      "rev_growth_yoy": -0.07569601705075263,
      "rev_growth_yoy_accel": 0.018223646277651065,
      "fcf_margin_change": -0.05568600893459563
    },
    {
      "date": "2025-03-31T00:00:00",
      "quarter_label": "2025-03 (Q1)",
      "revenue": 155342000,
      "gross_profit": null,
      "operating_income": -9191000,
      "net_income": -8142000,
      "opex": 164533000,
      "cogs": null,
      "rd": null,
      "sga": null,
      "fcf": -6805000,
      "ocf": 4996000,
      "capex": -11801000,
      "gross_margin": null,
      "op_margin": -0.059166226777046776,
      "fcf_margin": -0.04380656873221666,
      "incr_op_margin_yoy": 0.31244036697247707,
      "rev_growth_yoy": -0.14923983526112863,
      "rev_growth_yoy_accel": -0.073543818210376,
      "fcf_margin_change": 0.19598806286569362
    },
    {
      "date": "2025-06-30T00:00:00",
      "quarter_label": "2025-06 (Q2)",
      "revenue": 151134000,
      "gross_profit": null,
      "operating_income": -11069000,
      "net_income": -9627000,
      "opex": 162203000,
      "cogs": null,
      "rd": null,
      "sga": null,
      "fcf": 5862000,
      "ocf": 12210000,
      "capex": -6348000,
      "gross_margin": null,
      "op_margin": -0.07323964164251591,
      "fcf_margin": 0.03878677200365239,
      "incr_op_margin_yoy": 0.32576852957817315,
      "rev_growth_yoy": -0.17389640772241294,
      "rev_growth_yoy_accel": -0.024656572461284304,
      "fcf_margin_change": 0.08259334073586905
    },
    {
      "date": "2025-09-30T00:00:00",
      "quarter_label": "2025-09 (Q3)",
      "revenue": 150264000,
      "gross_profit": null,
      "operating_income": -5711000,
      "net_income": -5587000,
      "opex": 155975000,
      "cogs": null,
      "rd": null,
      "sga": null,
      "fcf": 2513000,
      "ocf": 5936000,
      "capex": -3423000,
      "gross_margin": null,
      "op_margin": -0.03800644199542139,
      "fcf_margin": 0.016723899270617047,
      "incr_op_margin_yoy": 0.24819731996410113,
      "rev_growth_yoy": -0.17698286202533725,
      "rev_growth_yoy_accel": -0.003086454302924313,
      "fcf_margin_change": -0.02206287273303534
    }
  ],
  "signals": [
    {
      "quarter": "2025-06 (Q2)",
      "signal": "FCF TURNED POSITIVE",
      "detail": "FCF margin: -4.4% -> +3.9%",
      "severity": "HIGH"
    },
    {
      "quarter": "2025-03 (Q1)",
      "signal": "FCF MARGIN EXPANSION",
      "detail": "FCF margin: -24.0% -> -4.4% (+19.6%)",
      "severity": "MEDIUM"
    },
    {
      "quarter": "2025-03 (Q1)",
      "signal": "YoY REVENUE GROWTH DECELERATION",
      "detail": "YoY growth: -14.9% vs prior quarter YoY: -7.6% (decel: -7.4%)",
      "severity": "WARNING"
    },
    {
      "quarter": "2024-09 (Q3)",
      "signal": "INCREMENTAL MARGIN (YoY)",
      "detail": "YoY Incr OPM: +34.5% vs year-ago OPM: +4.4%",
      "severity": "HIGH"
    },
    {
      "quarter": "2024-09 (Q3)",
      "signal": "OP MARGIN TURNED POSITIVE (QoQ)",
      "detail": "Op margin: -0.4% -> +1.3%",
      "severity": "HIGH"
    },
    {
      "quarter": "2024-06 (Q2)",
      "signal": "FCF TURNED POSITIVE",
      "detail": "FCF margin: -6.7% -> +2.2%",
      "severity": "HIGH"
    },
    {
      "quarter": "2024-06 (Q2)",
      "signal": "YoY REVENUE GROWTH ACCELERATION",
      "detail": "YoY growth: -11.8% vs prior quarter YoY: -17.6% (accel: +5.9%)",
      "severity": "MEDIUM"
    },
    {
      "quarter": "2024-03 (Q1)",
      "signal": "YoY REVENUE GROWTH ACCELERATION",
      "detail": "YoY growth: -17.6% vs prior quarter YoY: -24.2% (accel: +6.5%)",
      "severity": "MEDIUM"
    },
    {
      "quarter": "2023-09 (Q3)",
      "signal": "YoY REVENUE GROWTH DECELERATION",
      "detail": "YoY growth: -20.2% vs prior quarter YoY: -12.5% (decel: -7.7%)",
      "severity": "WARNING"
    },
    {
      "quarter": "2023-09 (Q3)",
      "signal": "INCREMENTAL MARGIN (YoY)",
      "detail": "YoY Incr OPM: +52.1% vs year-ago OPM: +14.1%",
      "severity": "HIGH"
    },
    {
      "quarter": "2023-06 (Q2)",
      "signal": "YoY REVENUE GROWTH DECELERATION",
      "detail": "YoY growth: -12.5% vs prior quarter YoY: +1.0% (decel: -13.6%)",
      "severity": "WARNING"
    },
    {
      "quarter": "2023-06 (Q2)",
      "signal": "INCREMENTAL MARGIN (YoY)",
      "detail": "YoY Incr OPM: +76.9% vs year-ago OPM: +15.5%",
      "severity": "HIGH"
    },
    {
      "quarter": "2023-03 (Q1)",
      "signal": "YoY REVENUE GROWTH DECELERATION",
      "detail": "YoY growth: +1.0% vs prior quarter YoY: +11.1% (decel: -10.0%)",
      "severity": "WARNING"
    },
    {
      "quarter": "2022-12 (Q4)",
      "signal": "YoY REVENUE GROWTH DECELERATION",
      "detail": "YoY growth: +11.1% vs prior quarter YoY: +38.0% (decel: -26.9%)",
      "severity": "WARNING"
    },
    {
      "quarter": "2022-09 (Q3)",
      "signal": "YoY REVENUE GROWTH DECELERATION",
      "detail": "YoY growth: +38.0% vs prior quarter YoY: +47.1% (decel: -9.1%)",
      "severity": "WARNING"
    },
    {
      "quarter": "2022-03 (Q1)",
      "signal": "INCREMENTAL MARGIN (YoY)",
      "detail": "YoY Incr OPM: +25.1% vs year-ago OPM: +9.2%",
      "severity": "MEDIUM"
    },
    {
      "quarter": "2021-12 (Q4)",
      "signal": "INCREMENTAL MARGIN (YoY)",
      "detail": "YoY Incr OPM: +25.8% vs year-ago OPM: +11.5%",
      "severity": "MEDIUM"
    },
    {
      "quarter": "2021-09 (Q3)",
      "signal": "OPERATING LEVERAGE",
      "detail": "Rev growth +13.5% vs OpEx growth +8.6% (leverage: 1.6x)",
      "severity": "MEDIUM"
    },
    {
      "quarter": "2021-06 (Q2)",
      "signal": "OPERATING LEVERAGE",
      "detail": "Rev growth +8.3% vs OpEx growth +3.7% (leverage: 2.2x)",
      "severity": "MEDIUM"
    },
    {
      "quarter": "2021-03 (Q1)",
      "signal": "FCF MARGIN EXPANSION",
      "detail": "FCF margin: +4.2% -> +14.8% (+10.6%)",
      "severity": "MEDIUM"
    }
  ],
  "data_quality": {
    "n_quarters": 20,
    "coverage": {
      "revenue": [
        20,
        20
      ],
      "gross_profit": [
        0,
        20
      ],
      "op_income": [
        20,
        20
      ],
      "fcf": [
        20,
        20
      ]
    },
    "gaps": [],
    "warnings": [
      "gross_profit: no data"
    ]
  },
  "market_cap": null,
  "source": "SEC EDGAR",
  "last_updated": "2026-02-02T22:58:06.831002"
}