{
  "ticker": "PANL",
  "name": "PANGAEA LOGISTICS SOLUTIONS LTD.",
  "quarters": [
    {
      "date": "2020-12-31T00:00:00",
      "quarter_label": "2020-12 (Q4)",
      "revenue": 112800000,
      "gross_profit": null,
      "operating_income": 8200000,
      "net_income": 7600000,
      "opex": 104600000,
      "cogs": null,
      "rd": null,
      "sga": null,
      "fcf": -1605832,
      "ocf": -1605832,
      "capex": null,
      "gross_margin": null,
      "op_margin": 0.0726950354609929,
      "fcf_margin": -0.014236099290780142
    },
    {
      "date": "2021-03-31T00:00:00",
      "quarter_label": "2021-03 (Q1)",
      "revenue": 124972527,
      "gross_profit": null,
      "operating_income": 6378833,
      "net_income": 5854171,
      "opex": 118593694,
      "cogs": null,
      "rd": null,
      "sga": null,
      "fcf": 4940149,
      "ocf": 4940149,
      "capex": null,
      "gross_margin": null,
      "op_margin": 0.051041882189035034,
      "fcf_margin": 0.03952988003515365,
      "op_leverage_ratio": 0.8066236633504423,
      "fcf_margin_change": 0.053765979325933785
    },
    {
      "date": "2021-06-30T00:00:00",
      "quarter_label": "2021-06 (Q2)",
      "revenue": 145544365,
      "gross_profit": null,
      "operating_income": 16156083,
      "net_income": 19227275,
      "opex": 129388282,
      "cogs": null,
      "rd": null,
      "sga": null,
      "fcf": 14593718,
      "ocf": 14593718,
      "capex": null,
      "gross_margin": null,
      "op_margin": 0.11100452429058315,
      "fcf_margin": 0.10026989365064047,
      "op_leverage_ratio": 1.80848149724585,
      "fcf_margin_change": 0.060740013615486824
    },
    {
      "date": "2021-09-30T00:00:00",
      "quarter_label": "2021-09 (Q3)",
      "revenue": 213029235,
      "gross_profit": null,
      "operating_income": 25542941,
      "net_income": 26995231,
      "opex": 187486294,
      "cogs": null,
      "rd": null,
      "sga": null,
      "fcf": 23143414,
      "ocf": 23143414,
      "capex": null,
      "gross_margin": null,
      "op_margin": 0.11990345362691651,
      "fcf_margin": 0.1086396146519514,
      "op_leverage_ratio": 1.0326298963351475,
      "fcf_margin_change": 0.008369721001310934
    },
    {
      "date": "2021-12-31T00:00:00",
      "quarter_label": "2021-12 (Q4)",
      "revenue": 234600000,
      "gross_profit": null,
      "operating_income": 30800000,
      "net_income": 15200000,
      "opex": 203800000,
      "cogs": null,
      "rd": null,
      "sga": null,
      "fcf": 19068025,
      "ocf": 19068025,
      "capex": null,
      "gross_margin": null,
      "op_margin": 0.13128729752770674,
      "fcf_margin": 0.0812788789428815,
      "incr_op_margin_yoy": 0.18555008210180624,
      "rev_growth_yoy": 1.0797872340425532,
      "op_leverage_ratio": 1.1637058911767435,
      "fcf_margin_change": -0.02736073570906991
    },
    {
      "date": "2022-03-31T00:00:00",
      "quarter_label": "2022-03 (Q1)",
      "revenue": 191762403,
      "gross_profit": null,
      "operating_income": 20021880,
      "net_income": 20167965,
      "opex": 171740523,
      "cogs": null,
      "rd": null,
      "sga": null,
      "fcf": 32062008,
      "ocf": 32062008,
      "capex": null,
      "gross_margin": null,
      "op_margin": 0.10440983053388207,
      "fcf_margin": 0.16719652809106694,
      "incr_op_margin_yoy": 0.20426818878957045,
      "rev_growth_yoy": 0.5344364685848114,
      "rev_growth_yoy_accel": -0.5453507654577417,
      "fcf_margin_change": 0.08591764914818545
    },
    {
      "date": "2022-06-30T00:00:00",
      "quarter_label": "2022-06 (Q2)",
      "revenue": 195543956,
      "gross_profit": null,
      "operating_income": 36244564,
      "net_income": 25032433,
      "opex": 159299392,
      "cogs": null,
      "rd": null,
      "sga": null,
      "fcf": 37163057,
      "ocf": 37163057,
      "capex": null,
      "gross_margin": null,
      "op_margin": 0.18535251480746354,
      "fcf_margin": 0.1900496326258225,
      "incr_op_margin_yoy": 0.4017729065023752,
      "rev_growth_yoy": 0.3435350520097429,
      "rev_growth_yoy_accel": -0.19090141657506854,
      "op_leverage_ratio": Infinity,
      "fcf_margin_change": 0.02285310453475556
    },
    {
      "date": "2022-09-30T00:00:00",
      "quarter_label": "2022-09 (Q3)",
      "revenue": 184477137,
      "gross_profit": null,
      "operating_income": 30506267,
      "net_income": 18788414,
      "opex": 153970870,
      "cogs": null,
      "rd": null,
      "sga": null,
      "fcf": 32643189,
      "ocf": 32643189,
      "capex": null,
      "gross_margin": null,
      "op_margin": 0.16536611254976274,
      "fcf_margin": 0.17694978104522513,
      "incr_op_margin_yoy": -0.17383402088350916,
      "rev_growth_yoy": -0.1340290124968059,
      "rev_growth_yoy_accel": -0.47756406450654876,
      "fcf_margin_change": -0.013099851580597371
    },
    {
      "date": "2022-12-31T00:00:00",
      "quarter_label": "2022-12 (Q4)",
      "revenue": 127900000,
      "gross_profit": null,
      "operating_income": 18700000,
      "net_income": 15500000,
      "opex": 109200000,
      "cogs": null,
      "rd": null,
      "sga": null,
      "fcf": 32933146,
      "ocf": 32933146,
      "capex": null,
      "gross_margin": null,
      "op_margin": 0.1462079749804535,
      "fcf_margin": 0.25749136825645036,
      "incr_op_margin_yoy": 0.1134020618556701,
      "rev_growth_yoy": -0.45481670929241264,
      "rev_growth_yoy_accel": -0.3207876967956067,
      "fcf_margin_change": 0.08054158721122523
    },
    {
      "date": "2023-03-31T00:00:00",
      "quarter_label": "2023-03 (Q1)",
      "revenue": 113699075,
      "gross_profit": null,
      "operating_income": 6496000,
      "net_income": 3474267,
      "opex": 107203075,
      "cogs": null,
      "rd": null,
      "sga": null,
      "fcf": 11571650,
      "ocf": 11571650,
      "capex": null,
      "gross_margin": null,
      "op_margin": 0.05713327043337864,
      "fcf_margin": 0.10177435480455756,
      "incr_op_margin_yoy": 0.17326804206963864,
      "rev_growth_yoy": -0.4070835929188893,
      "rev_growth_yoy_accel": 0.04773311637352334,
      "fcf_margin_change": -0.15571701345189282
    },
    {
      "date": "2023-06-30T00:00:00",
      "quarter_label": "2023-06 (Q2)",
      "revenue": 118075654,
      "gross_profit": null,
      "operating_income": 7854772,
      "net_income": 2844540,
      "opex": 110220882,
      "cogs": null,
      "rd": null,
      "sga": null,
      "fcf": 2007760,
      "ocf": 2007760,
      "capex": null,
      "gross_margin": null,
      "op_margin": 0.06652321400650468,
      "fcf_margin": 0.017004013376034317,
      "incr_op_margin_yoy": 0.36646978528069457,
      "rev_growth_yoy": -0.39616822521479517,
      "rev_growth_yoy_accel": 0.010915367704094125,
      "op_leverage_ratio": 1.3673938487186073,
      "fcf_margin_change": -0.08477034142852324
    },
    {
      "date": "2023-09-30T00:00:00",
      "quarter_label": "2023-09 (Q3)",
      "revenue": 135616188,
      "gross_profit": null,
      "operating_income": 19711209,
      "net_income": 18868291,
      "opex": 115904979,
      "cogs": null,
      "rd": null,
      "sga": null,
      "fcf": 16303159,
      "ocf": 16303159,
      "capex": null,
      "gross_margin": null,
      "op_margin": 0.1453455468015367,
      "fcf_margin": 0.12021543475326117,
      "incr_op_margin_yoy": 0.22093426797748034,
      "rev_growth_yoy": -0.2648618132012749,
      "rev_growth_yoy_accel": 0.13130641201352028,
      "op_leverage_ratio": 2.8806125762684256,
      "fcf_margin_change": 0.10321142137722686
    },
    {
      "date": "2023-12-31T00:00:00",
      "quarter_label": "2023-12 (Q4)",
      "revenue": 131900000,
      "gross_profit": null,
      "operating_income": 10600000,
      "net_income": 1100000,
      "opex": 121300000,
      "cogs": null,
      "rd": null,
      "sga": null,
      "fcf": 23904708,
      "ocf": 23904708,
      "capex": null,
      "gross_margin": null,
      "op_margin": 0.0803639120545868,
      "fcf_margin": 0.18123357088703562,
      "incr_op_margin_yoy": -2.025,
      "rev_growth_yoy": 0.03127443315089914,
      "rev_growth_yoy_accel": 0.296136246352174,
      "fcf_margin_change": 0.06101813613377445
    },
    {
      "date": "2024-03-31T00:00:00",
      "quarter_label": "2024-03 (Q1)",
      "revenue": 104748553,
      "gross_profit": null,
      "operating_income": 11028119,
      "net_income": 11674176,
      "opex": 93720434,
      "cogs": null,
      "rd": null,
      "sga": null,
      "fcf": 8999281,
      "ocf": 8999281,
      "capex": null,
      "gross_margin": null,
      "op_margin": 0.10528182666160553,
      "fcf_margin": 0.08591317724455821,
      "incr_op_margin_yoy": -0.5063524786599038,
      "rev_growth_yoy": -0.07872115054585976,
      "rev_growth_yoy_accel": -0.10999558369675891,
      "fcf_margin_change": -0.09532039364247741
    },
    {
      "date": "2024-06-30T00:00:00",
      "quarter_label": "2024-06 (Q2)",
      "revenue": 131497852,
      "gross_profit": null,
      "operating_income": 7614226,
      "net_income": 3682775,
      "opex": 123883626,
      "cogs": null,
      "rd": null,
      "sga": null,
      "fcf": 8956238,
      "ocf": 8956238,
      "capex": null,
      "gross_margin": null,
      "op_margin": 0.05790380515112901,
      "fcf_margin": 0.06810938630389186,
      "incr_op_margin_yoy": -0.017921505851724136,
      "rev_growth_yoy": 0.11367455987158877,
      "rev_growth_yoy_accel": 0.19239571041744852,
      "op_leverage_ratio": 0.7934532903335475,
      "fcf_margin_change": -0.01780379094066635
    },
    {
      "date": "2024-09-30T00:00:00",
      "quarter_label": "2024-09 (Q3)",
      "revenue": 153115064,
      "gross_profit": null,
      "operating_income": 15001221,
      "net_income": 5111040,
      "opex": 138113843,
      "cogs": null,
      "rd": null,
      "sga": null,
      "fcf": 28452366,
      "ocf": 28452366,
      "capex": null,
      "gross_margin": null,
      "op_margin": 0.09797351487244912,
      "fcf_margin": 0.1858234275368229,
      "incr_op_margin_yoy": -0.2691594591561195,
      "rev_growth_yoy": 0.1290323541611419,
      "rev_growth_yoy_accel": 0.015357794289553126,
      "op_leverage_ratio": 1.4311442452663479,
      "fcf_margin_change": 0.11771404123293104
    },
    {
      "date": "2024-12-31T00:00:00",
      "quarter_label": "2024-12 (Q4)",
      "revenue": 147174777,
      "gross_profit": null,
      "operating_income": 14805048,
      "net_income": 8435392,
      "opex": 132369729,
      "cogs": null,
      "rd": null,
      "sga": null,
      "fcf": 19283508,
      "ocf": 19283508,
      "capex": null,
      "gross_margin": null,
      "op_margin": 0.10059500888525212,
      "fcf_margin": 0.13102454369609814,
      "incr_op_margin_yoy": 0.2752935771173615,
      "rev_growth_yoy": 0.11580573919636088,
      "rev_growth_yoy_accel": -0.013226614964781017,
      "fcf_margin_change": -0.05479888384072476
    },
    {
      "date": "2025-03-31T00:00:00",
      "quarter_label": "2025-03 (Q1)",
      "revenue": 122801886,
      "gross_profit": null,
      "operating_income": 2926446,
      "net_income": -1980877,
      "opex": 119875440,
      "cogs": null,
      "rd": null,
      "sga": null,
      "fcf": -4355819,
      "ocf": -4355819,
      "capex": null,
      "gross_margin": null,
      "op_margin": 0.023830627487268396,
      "fcf_margin": -0.03547029399857914,
      "incr_op_margin_yoy": -0.4487632837659395,
      "rev_growth_yoy": 0.17234923522046172,
      "rev_growth_yoy_accel": 0.056543496024100845,
      "fcf_margin_change": -0.1664948376946773
    },
    {
      "date": "2025-06-30T00:00:00",
      "quarter_label": "2025-06 (Q2)",
      "revenue": 156689442,
      "gross_profit": null,
      "operating_income": 3653592,
      "net_income": -2742116,
      "opex": 153035850,
      "cogs": null,
      "rd": null,
      "sga": null,
      "fcf": 14394977,
      "ocf": 14394977,
      "capex": null,
      "gross_margin": null,
      "op_margin": 0.023317410243888673,
      "fcf_margin": 0.0918694764386231,
      "incr_op_margin_yoy": -0.15722048509046074,
      "rev_growth_yoy": 0.19157415590332227,
      "rev_growth_yoy_accel": 0.019224920682860552,
      "op_leverage_ratio": 0.9975749478522747,
      "fcf_margin_change": 0.12733977043720224
    },
    {
      "date": "2025-09-30T00:00:00",
      "quarter_label": "2025-09 (Q3)",
      "revenue": 168669832,
      "gross_profit": null,
      "operating_income": 16922232,
      "net_income": 12208328,
      "opex": 151747600,
      "cogs": null,
      "rd": null,
      "sga": null,
      "fcf": 28561719,
      "ocf": 28561719,
      "capex": null,
      "gross_margin": null,
      "op_margin": 0.10032755590816027,
      "fcf_margin": 0.16933507706345496,
      "incr_op_margin_yoy": 0.12349981690501588,
      "rev_growth_yoy": 0.10158875027476069,
      "rev_growth_yoy_accel": -0.08998540562856158,
      "op_leverage_ratio": Infinity,
      "fcf_margin_change": 0.07746560062483186
    }
  ],
  "signals": [
    {
      "quarter": "2025-09 (Q3)",
      "signal": "FCF MARGIN EXPANSION",
      "detail": "FCF margin: +9.2% -> +16.9% (+7.7%)",
      "severity": "MEDIUM"
    },
    {
      "quarter": "2025-09 (Q3)",
      "signal": "YoY REVENUE GROWTH DECELERATION",
      "detail": "YoY growth: +10.2% vs prior quarter YoY: +19.2% (decel: -9.0%)",
      "severity": "WARNING"
    },
    {
      "quarter": "2025-06 (Q2)",
      "signal": "FCF TURNED POSITIVE",
      "detail": "FCF margin: -3.5% -> +9.2%",
      "severity": "HIGH"
    },
    {
      "quarter": "2025-03 (Q1)",
      "signal": "YoY REVENUE GROWTH ACCELERATION",
      "detail": "YoY growth: +17.2% vs prior quarter YoY: +11.6% (accel: +5.7%)",
      "severity": "MEDIUM"
    },
    {
      "quarter": "2024-12 (Q4)",
      "signal": "INCREMENTAL MARGIN (YoY)",
      "detail": "YoY Incr OPM: +27.5% vs year-ago OPM: +8.0%",
      "severity": "MEDIUM"
    },
    {
      "quarter": "2024-09 (Q3)",
      "signal": "FCF MARGIN EXPANSION",
      "detail": "FCF margin: +6.8% -> +18.6% (+11.8%)",
      "severity": "MEDIUM"
    },
    {
      "quarter": "2024-06 (Q2)",
      "signal": "YoY REVENUE GROWTH ACCELERATION",
      "detail": "YoY growth: +11.4% vs prior quarter YoY: -7.9% (accel: +19.2%)",
      "severity": "HIGH"
    },
    {
      "quarter": "2024-03 (Q1)",
      "signal": "YoY REVENUE GROWTH DECELERATION",
      "detail": "YoY growth: -7.9% vs prior quarter YoY: +3.1% (decel: -11.0%)",
      "severity": "WARNING"
    },
    {
      "quarter": "2023-12 (Q4)",
      "signal": "FCF MARGIN EXPANSION",
      "detail": "FCF margin: +12.0% -> +18.1% (+6.1%)",
      "severity": "MEDIUM"
    },
    {
      "quarter": "2023-12 (Q4)",
      "signal": "YoY REVENUE GROWTH ACCELERATION",
      "detail": "YoY growth: +3.1% vs prior quarter YoY: -26.5% (accel: +29.6%)",
      "severity": "HIGH"
    },
    {
      "quarter": "2023-09 (Q3)",
      "signal": "FCF MARGIN EXPANSION",
      "detail": "FCF margin: +1.7% -> +12.0% (+10.3%)",
      "severity": "MEDIUM"
    },
    {
      "quarter": "2023-09 (Q3)",
      "signal": "OPERATING LEVERAGE",
      "detail": "Rev growth +14.9% vs OpEx growth +5.2% (leverage: 2.9x)",
      "severity": "MEDIUM"
    },
    {
      "quarter": "2023-09 (Q3)",
      "signal": "YoY REVENUE GROWTH ACCELERATION",
      "detail": "YoY growth: -26.5% vs prior quarter YoY: -39.6% (accel: +13.1%)",
      "severity": "MEDIUM"
    },
    {
      "quarter": "2023-06 (Q2)",
      "signal": "INCREMENTAL MARGIN (YoY)",
      "detail": "YoY Incr OPM: +36.6% vs year-ago OPM: +18.5%",
      "severity": "MEDIUM"
    },
    {
      "quarter": "2022-12 (Q4)",
      "signal": "FCF MARGIN EXPANSION",
      "detail": "FCF margin: +17.7% -> +25.7% (+8.1%)",
      "severity": "MEDIUM"
    },
    {
      "quarter": "2022-12 (Q4)",
      "signal": "YoY REVENUE GROWTH DECELERATION",
      "detail": "YoY growth: -45.5% vs prior quarter YoY: -13.4% (decel: -32.1%)",
      "severity": "WARNING"
    },
    {
      "quarter": "2022-09 (Q3)",
      "signal": "YoY REVENUE GROWTH DECELERATION",
      "detail": "YoY growth: -13.4% vs prior quarter YoY: +34.4% (decel: -47.8%)",
      "severity": "WARNING"
    },
    {
      "quarter": "2022-06 (Q2)",
      "signal": "YoY REVENUE GROWTH DECELERATION",
      "detail": "YoY growth: +34.4% vs prior quarter YoY: +53.4% (decel: -19.1%)",
      "severity": "WARNING"
    },
    {
      "quarter": "2022-06 (Q2)",
      "signal": "INCREMENTAL MARGIN (YoY)",
      "detail": "YoY Incr OPM: +40.2% vs year-ago OPM: +11.1%",
      "severity": "HIGH"
    },
    {
      "quarter": "2022-03 (Q1)",
      "signal": "FCF MARGIN EXPANSION",
      "detail": "FCF margin: +8.1% -> +16.7% (+8.6%)",
      "severity": "MEDIUM"
    },
    {
      "quarter": "2022-03 (Q1)",
      "signal": "YoY REVENUE GROWTH DECELERATION",
      "detail": "YoY growth: +53.4% vs prior quarter YoY: +108.0% (decel: -54.5%)",
      "severity": "WARNING"
    },
    {
      "quarter": "2022-03 (Q1)",
      "signal": "INCREMENTAL MARGIN (YoY)",
      "detail": "YoY Incr OPM: +20.4% vs year-ago OPM: +5.1%",
      "severity": "MEDIUM"
    },
    {
      "quarter": "2021-12 (Q4)",
      "signal": "INCREMENTAL MARGIN (YoY)",
      "detail": "YoY Incr OPM: +18.6% vs year-ago OPM: +7.3%",
      "severity": "MEDIUM"
    },
    {
      "quarter": "2021-06 (Q2)",
      "signal": "FCF MARGIN EXPANSION",
      "detail": "FCF margin: +4.0% -> +10.0% (+6.1%)",
      "severity": "MEDIUM"
    },
    {
      "quarter": "2021-06 (Q2)",
      "signal": "OPERATING LEVERAGE",
      "detail": "Rev growth +16.5% vs OpEx growth +9.1% (leverage: 1.8x)",
      "severity": "MEDIUM"
    },
    {
      "quarter": "2021-03 (Q1)",
      "signal": "FCF TURNED POSITIVE",
      "detail": "FCF margin: -1.4% -> +4.0%",
      "severity": "HIGH"
    }
  ],
  "data_quality": {
    "n_quarters": 20,
    "coverage": {
      "revenue": [
        20,
        20
      ],
      "gross_profit": [
        0,
        20
      ],
      "op_income": [
        20,
        20
      ],
      "fcf": [
        20,
        20
      ]
    },
    "gaps": [],
    "warnings": [
      "gross_profit: no data"
    ]
  },
  "market_cap": null,
  "source": "SEC EDGAR",
  "last_updated": "2026-02-02T22:22:37.777828"
}