{
  "ticker": "PAYD",
  "name": "Paid, Inc.",
  "quarters": [
    {
      "date": "2020-12-31T00:00:00",
      "quarter_label": "2020-12 (Q4)",
      "revenue": 3617279,
      "gross_profit": 864543,
      "operating_income": -1987218,
      "net_income": -2100998,
      "opex": 2851761,
      "cogs": 2752736,
      "rd": null,
      "sga": null,
      "fcf": 264850,
      "ocf": 264850,
      "capex": null,
      "gross_margin": 0.23900368204940786,
      "op_margin": -0.5493681853127724,
      "fcf_margin": 0.07321801829496702
    },
    {
      "date": "2021-03-31T00:00:00",
      "quarter_label": "2021-03 (Q1)",
      "revenue": 3512773,
      "gross_profit": 879015,
      "operating_income": -179333,
      "net_income": -179733,
      "opex": 1058348,
      "cogs": 2633758,
      "rd": null,
      "sga": null,
      "fcf": 360594,
      "ocf": 361714,
      "capex": -1120,
      "gross_margin": 0.2502339319961751,
      "op_margin": -0.05105169050206205,
      "fcf_margin": 0.10265223514300525,
      "fcf_margin_change": 0.029434216848038236
    },
    {
      "date": "2021-06-30T00:00:00",
      "quarter_label": "2021-06 (Q2)",
      "revenue": 4015810,
      "gross_profit": 933049,
      "operating_income": -29808,
      "net_income": -30364,
      "opex": 962857,
      "cogs": 3082761,
      "rd": null,
      "sga": null,
      "fcf": 415618,
      "ocf": 415618,
      "capex": null,
      "gross_margin": 0.23234391069298596,
      "op_margin": -0.007422661928726708,
      "fcf_margin": 0.10349543429594528,
      "op_leverage_ratio": Infinity,
      "fcf_margin_change": 0.0008431991529400246
    },
    {
      "date": "2021-09-30T00:00:00",
      "quarter_label": "2021-09 (Q3)",
      "revenue": 3480109,
      "gross_profit": 776949,
      "operating_income": -144548,
      "net_income": -144548,
      "opex": 921497,
      "cogs": 2703160,
      "rd": null,
      "sga": null,
      "fcf": 845795,
      "ocf": 845795,
      "capex": null,
      "gross_margin": 0.22325421416398164,
      "op_margin": -0.041535480641554615,
      "fcf_margin": 0.24303692786633982,
      "fcf_margin_change": 0.13954149357039453
    },
    {
      "date": "2021-12-31T00:00:00",
      "quarter_label": "2021-12 (Q4)",
      "revenue": 3881024,
      "gross_profit": 864468,
      "operating_income": -136814,
      "net_income": -342115,
      "opex": 1001282,
      "cogs": 3016556,
      "rd": null,
      "sga": null,
      "fcf": 357559,
      "ocf": 357559,
      "capex": null,
      "gross_margin": 0.22274224534555828,
      "op_margin": -0.035252036575913984,
      "fcf_margin": 0.09213006670404512,
      "rev_growth_yoy": 0.07291254006118963,
      "op_leverage_ratio": 1.3305528669920608,
      "fcf_margin_change": -0.15090686116229468
    },
    {
      "date": "2022-03-31T00:00:00",
      "quarter_label": "2022-03 (Q1)",
      "revenue": 3609701,
      "gross_profit": 798492,
      "operating_income": -59554,
      "net_income": -60454,
      "opex": 858046,
      "cogs": 2811209,
      "rd": null,
      "sga": null,
      "fcf": 782,
      "ocf": 782,
      "capex": null,
      "gross_margin": 0.2212072412645812,
      "op_margin": -0.016498319389888525,
      "fcf_margin": 0.00021663844179891907,
      "rev_growth_yoy": 0.027593015546407355,
      "rev_growth_yoy_accel": -0.04531952451478228,
      "fcf_margin_change": -0.0919134282622462
    },
    {
      "date": "2022-06-30T00:00:00",
      "quarter_label": "2022-06 (Q2)",
      "revenue": 4535665,
      "gross_profit": 1021777,
      "operating_income": 159089,
      "net_income": 80000,
      "opex": 862688,
      "cogs": 3513888,
      "rd": null,
      "sga": null,
      "fcf": 427191,
      "ocf": 427191,
      "capex": null,
      "gross_margin": 0.2252761171735567,
      "op_margin": 0.035075121288719514,
      "fcf_margin": 0.09418486594578744,
      "rev_growth_yoy": 0.12945209061185664,
      "rev_growth_yoy_accel": 0.10185907506544928,
      "op_leverage_ratio": 47.416370479503534,
      "fcf_margin_change": 0.09396822750398852
    },
    {
      "date": "2022-09-30T00:00:00",
      "quarter_label": "2022-09 (Q3)",
      "revenue": 4145269,
      "gross_profit": 917255,
      "operating_income": -28689,
      "net_income": -105961,
      "opex": 945944,
      "cogs": 3228014,
      "rd": null,
      "sga": null,
      "fcf": 29017,
      "ocf": 29017,
      "capex": null,
      "gross_margin": 0.22127755762050666,
      "op_margin": -0.006920901876331789,
      "fcf_margin": 0.007000028224947524,
      "rev_growth_yoy": 0.19113194443047618,
      "rev_growth_yoy_accel": 0.06167985381861954,
      "fcf_margin_change": -0.08718483772083992
    },
    {
      "date": "2022-12-31T00:00:00",
      "quarter_label": "2022-12 (Q4)",
      "revenue": 4295294,
      "gross_profit": 951457,
      "operating_income": -11853,
      "net_income": 738561,
      "opex": 963310,
      "cogs": 3343837,
      "rd": null,
      "sga": null,
      "fcf": 344422,
      "ocf": 344422,
      "capex": null,
      "gross_margin": 0.22151149606988485,
      "op_margin": -0.002759531710751348,
      "fcf_margin": 0.08018589647181311,
      "rev_growth_yoy": 0.10674244735410036,
      "rev_growth_yoy_accel": -0.08438949707637582,
      "op_leverage_ratio": 1.9714081473000797,
      "fcf_margin_change": 0.07318586824686558
    },
    {
      "date": "2023-03-31T00:00:00",
      "quarter_label": "2023-03 (Q1)",
      "revenue": 3806275,
      "gross_profit": 852594,
      "operating_income": -419528,
      "net_income": -294928,
      "opex": 1272122,
      "cogs": 2953681,
      "rd": null,
      "sga": null,
      "fcf": -15071,
      "ocf": -15071,
      "capex": null,
      "gross_margin": 0.22399695240096945,
      "op_margin": -0.11022009707653808,
      "fcf_margin": -0.0039595142232234926,
      "rev_growth_yoy": 0.05445714201813391,
      "rev_growth_yoy_accel": -0.05228530533596645,
      "fcf_margin_change": -0.0841454106950366
    },
    {
      "date": "2023-06-30T00:00:00",
      "quarter_label": "2023-06 (Q2)",
      "revenue": 4130381,
      "gross_profit": 944648,
      "operating_income": -67370,
      "net_income": 57174,
      "opex": 1012018,
      "cogs": 3185733,
      "rd": null,
      "sga": null,
      "fcf": 94573,
      "ocf": 94573,
      "capex": null,
      "gross_margin": 0.22870723064046633,
      "op_margin": -0.01631084396330508,
      "fcf_margin": 0.02289691919462151,
      "rev_growth_yoy": -0.0893549236991709,
      "rev_growth_yoy_accel": -0.14381206571730482,
      "op_leverage_ratio": Infinity,
      "fcf_margin_change": 0.026856433417845004
    },
    {
      "date": "2023-09-30T00:00:00",
      "quarter_label": "2023-09 (Q3)",
      "revenue": 4107771,
      "gross_profit": 944272,
      "operating_income": -65616,
      "net_income": -44783,
      "opex": 1009888,
      "cogs": 3163499,
      "rd": null,
      "sga": null,
      "fcf": -114244,
      "ocf": -114244,
      "capex": null,
      "gross_margin": 0.22987454753441708,
      "op_margin": -0.01597362657265948,
      "fcf_margin": -0.027811676941095303,
      "rev_growth_yoy": -0.009045975062173287,
      "rev_growth_yoy_accel": 0.08030894863699761,
      "fcf_margin_change": -0.050708596135716814
    },
    {
      "date": "2023-12-31T00:00:00",
      "quarter_label": "2023-12 (Q4)",
      "revenue": 4520402,
      "gross_profit": 1044134,
      "operating_income": -35309,
      "net_income": 635751,
      "opex": 1079443,
      "cogs": 3476268,
      "rd": null,
      "sga": null,
      "fcf": 270258,
      "ocf": 270258,
      "capex": null,
      "gross_margin": 0.23098255420646216,
      "op_margin": -0.007811030965830031,
      "fcf_margin": 0.05978627564539614,
      "rev_growth_yoy": 0.05240805402377579,
      "rev_growth_yoy_accel": 0.061454029085949075,
      "op_leverage_ratio": 1.4584800219966518,
      "fcf_margin_change": 0.08759795258649145
    },
    {
      "date": "2024-03-31T00:00:00",
      "quarter_label": "2024-03 (Q1)",
      "revenue": 4160750,
      "gross_profit": 1018358,
      "operating_income": -37827,
      "net_income": 299562,
      "opex": 1056185,
      "cogs": 3142392,
      "rd": null,
      "sga": null,
      "fcf": -232078,
      "ocf": -225449,
      "capex": -6629,
      "gross_margin": 0.24475346992729677,
      "op_margin": -0.009091389773478339,
      "fcf_margin": -0.05577792465300727,
      "rev_growth_yoy": 0.09312910916841269,
      "rev_growth_yoy_accel": 0.0407210551446369,
      "fcf_margin_change": -0.11556420029840342
    },
    {
      "date": "2024-06-30T00:00:00",
      "quarter_label": "2024-06 (Q2)",
      "revenue": 4603299,
      "gross_profit": 1107569,
      "operating_income": -75526,
      "net_income": 770452,
      "opex": 1183095,
      "cogs": 3495730,
      "rd": null,
      "sga": null,
      "fcf": 302198,
      "ocf": 302150,
      "capex": 48,
      "gross_margin": 0.2406033151442042,
      "op_margin": -0.016406929030679952,
      "fcf_margin": 0.06564813626053836,
      "rev_growth_yoy": 0.11449742771913778,
      "rev_growth_yoy_accel": 0.021368318550725088,
      "op_leverage_ratio": 0.8851846884856853,
      "fcf_margin_change": 0.12142606091354563
    },
    {
      "date": "2024-09-30T00:00:00",
      "quarter_label": "2024-09 (Q3)",
      "revenue": 4445910,
      "gross_profit": 1083834,
      "operating_income": -149780,
      "net_income": -133679,
      "opex": 1233614,
      "cogs": 3362076,
      "rd": null,
      "sga": null,
      "fcf": -219428,
      "ocf": -219437,
      "capex": 9,
      "gross_margin": 0.24378226279884208,
      "op_margin": -0.03368939092334303,
      "fcf_margin": -0.049355025180446745,
      "rev_growth_yoy": 0.08231690617612325,
      "rev_growth_yoy_accel": -0.032180521543014526,
      "fcf_margin_change": -0.1150031614409851
    },
    {
      "date": "2024-12-31T00:00:00",
      "quarter_label": "2024-12 (Q4)",
      "revenue": 5375567,
      "gross_profit": 861657,
      "operating_income": -230248,
      "net_income": -172743,
      "opex": 1091905,
      "cogs": 4513910,
      "rd": null,
      "sga": null,
      "fcf": 590425,
      "ocf": 590379,
      "capex": 46,
      "gross_margin": 0.1602913701940651,
      "op_margin": -0.04283231889770884,
      "fcf_margin": 0.10983492532043597,
      "rev_growth_yoy": 0.18917897125078698,
      "rev_growth_yoy_accel": 0.10686206507466373,
      "op_leverage_ratio": Infinity,
      "fcf_margin_change": 0.15918995050088272
    },
    {
      "date": "2025-03-31T00:00:00",
      "quarter_label": "2025-03 (Q1)",
      "revenue": 4377790,
      "gross_profit": 1020076,
      "operating_income": -159129,
      "net_income": -148773,
      "opex": 1179205,
      "cogs": 3357714,
      "rd": null,
      "sga": null,
      "fcf": -477568,
      "ocf": -477568,
      "capex": null,
      "gross_margin": 0.23301163372386524,
      "op_margin": -0.036349162476957554,
      "fcf_margin": -0.10908883249310725,
      "rev_growth_yoy": 0.052163672414829054,
      "rev_growth_yoy_accel": -0.13701529883595792,
      "fcf_margin_change": -0.21892375781354323
    },
    {
      "date": "2025-06-30T00:00:00",
      "quarter_label": "2025-06 (Q2)",
      "revenue": 5428025,
      "gross_profit": 1201653,
      "operating_income": -407315,
      "net_income": -397349,
      "opex": 1608968,
      "cogs": 4226372,
      "rd": null,
      "sga": null,
      "fcf": 223245,
      "ocf": 225693,
      "capex": -2448,
      "gross_margin": 0.22137941516481593,
      "op_margin": -0.07503926382063458,
      "fcf_margin": 0.04112821882728985,
      "rev_growth_yoy": 0.17915977215470905,
      "rev_growth_yoy_accel": 0.12699609973988,
      "op_leverage_ratio": 0.6582514916313669,
      "fcf_margin_change": 0.1502170513203971
    },
    {
      "date": "2025-09-30T00:00:00",
      "quarter_label": "2025-09 (Q3)",
      "revenue": 5508629,
      "gross_profit": 1277525,
      "operating_income": 25246,
      "net_income": 32156,
      "opex": 1252279,
      "cogs": 4231104,
      "rd": null,
      "sga": null,
      "fcf": 172842,
      "ocf": 172861,
      "capex": -19,
      "gross_margin": 0.23191342165173948,
      "op_margin": 0.004582991521120772,
      "fcf_margin": 0.031376591162701285,
      "incr_op_margin_yoy": 0.16469640610547095,
      "rev_growth_yoy": 0.23903295388345694,
      "rev_growth_yoy_accel": 0.05987318172874789,
      "op_leverage_ratio": Infinity,
      "fcf_margin_change": -0.009751627664588564
    }
  ],
  "signals": [
    {
      "quarter": "2025-09 (Q3)",
      "signal": "YoY REVENUE GROWTH ACCELERATION",
      "detail": "YoY growth: +23.9% vs prior quarter YoY: +17.9% (accel: +6.0%)",
      "severity": "MEDIUM"
    },
    {
      "quarter": "2025-09 (Q3)",
      "signal": "OP MARGIN TURNED POSITIVE (YoY)",
      "detail": "Op margin: -3.4% (year-ago) -> +0.5%",
      "severity": "HIGH"
    },
    {
      "quarter": "2025-09 (Q3)",
      "signal": "OP MARGIN TURNED POSITIVE (QoQ)",
      "detail": "Op margin: -7.5% -> +0.5%",
      "severity": "HIGH"
    },
    {
      "quarter": "2025-06 (Q2)",
      "signal": "FCF TURNED POSITIVE",
      "detail": "FCF margin: -10.9% -> +4.1%",
      "severity": "HIGH"
    },
    {
      "quarter": "2025-06 (Q2)",
      "signal": "YoY REVENUE GROWTH ACCELERATION",
      "detail": "YoY growth: +17.9% vs prior quarter YoY: +5.2% (accel: +12.7%)",
      "severity": "MEDIUM"
    },
    {
      "quarter": "2025-03 (Q1)",
      "signal": "GROSS MARGIN INFLECTION",
      "detail": "GM: +24.4% -> +16.0% -> +23.3% (reversal +7.3%)",
      "severity": "HIGH"
    },
    {
      "quarter": "2025-03 (Q1)",
      "signal": "YoY REVENUE GROWTH DECELERATION",
      "detail": "YoY growth: +5.2% vs prior quarter YoY: +18.9% (decel: -13.7%)",
      "severity": "WARNING"
    },
    {
      "quarter": "2024-12 (Q4)",
      "signal": "FCF TURNED POSITIVE",
      "detail": "FCF margin: -4.9% -> +11.0%",
      "severity": "HIGH"
    },
    {
      "quarter": "2024-12 (Q4)",
      "signal": "YoY REVENUE GROWTH ACCELERATION",
      "detail": "YoY growth: +18.9% vs prior quarter YoY: +8.2% (accel: +10.7%)",
      "severity": "MEDIUM"
    },
    {
      "quarter": "2024-06 (Q2)",
      "signal": "FCF TURNED POSITIVE",
      "detail": "FCF margin: -5.6% -> +6.6%",
      "severity": "HIGH"
    },
    {
      "quarter": "2023-12 (Q4)",
      "signal": "FCF TURNED POSITIVE",
      "detail": "FCF margin: -2.8% -> +6.0%",
      "severity": "HIGH"
    },
    {
      "quarter": "2023-12 (Q4)",
      "signal": "YoY REVENUE GROWTH ACCELERATION",
      "detail": "YoY growth: +5.2% vs prior quarter YoY: -0.9% (accel: +6.1%)",
      "severity": "MEDIUM"
    },
    {
      "quarter": "2023-09 (Q3)",
      "signal": "YoY REVENUE GROWTH ACCELERATION",
      "detail": "YoY growth: -0.9% vs prior quarter YoY: -8.9% (accel: +8.0%)",
      "severity": "MEDIUM"
    },
    {
      "quarter": "2023-06 (Q2)",
      "signal": "FCF TURNED POSITIVE",
      "detail": "FCF margin: -0.4% -> +2.3%",
      "severity": "HIGH"
    },
    {
      "quarter": "2023-06 (Q2)",
      "signal": "YoY REVENUE GROWTH DECELERATION",
      "detail": "YoY growth: -8.9% vs prior quarter YoY: +5.4% (decel: -14.4%)",
      "severity": "WARNING"
    },
    {
      "quarter": "2023-03 (Q1)",
      "signal": "YoY REVENUE GROWTH DECELERATION",
      "detail": "YoY growth: +5.4% vs prior quarter YoY: +10.7% (decel: -5.2%)",
      "severity": "WARNING"
    },
    {
      "quarter": "2022-12 (Q4)",
      "signal": "FCF MARGIN EXPANSION",
      "detail": "FCF margin: +0.7% -> +8.0% (+7.3%)",
      "severity": "MEDIUM"
    },
    {
      "quarter": "2022-12 (Q4)",
      "signal": "OPERATING LEVERAGE",
      "detail": "Rev growth +3.6% vs OpEx growth +1.8% (leverage: 2.0x)",
      "severity": "MEDIUM"
    },
    {
      "quarter": "2022-12 (Q4)",
      "signal": "YoY REVENUE GROWTH DECELERATION",
      "detail": "YoY growth: +10.7% vs prior quarter YoY: +19.1% (decel: -8.4%)",
      "severity": "WARNING"
    },
    {
      "quarter": "2022-09 (Q3)",
      "signal": "YoY REVENUE GROWTH ACCELERATION",
      "detail": "YoY growth: +19.1% vs prior quarter YoY: +12.9% (accel: +6.2%)",
      "severity": "MEDIUM"
    },
    {
      "quarter": "2022-06 (Q2)",
      "signal": "FCF MARGIN EXPANSION",
      "detail": "FCF margin: +0.0% -> +9.4% (+9.4%)",
      "severity": "MEDIUM"
    },
    {
      "quarter": "2022-06 (Q2)",
      "signal": "OPERATING LEVERAGE",
      "detail": "Rev growth +25.7% vs OpEx growth +0.5% (leverage: 47.4x)",
      "severity": "MEDIUM"
    },
    {
      "quarter": "2022-06 (Q2)",
      "signal": "YoY REVENUE GROWTH ACCELERATION",
      "detail": "YoY growth: +12.9% vs prior quarter YoY: +2.8% (accel: +10.2%)",
      "severity": "MEDIUM"
    },
    {
      "quarter": "2022-06 (Q2)",
      "signal": "OP MARGIN TURNED POSITIVE (YoY)",
      "detail": "Op margin: -0.7% (year-ago) -> +3.5%",
      "severity": "HIGH"
    },
    {
      "quarter": "2022-06 (Q2)",
      "signal": "OP MARGIN TURNED POSITIVE (QoQ)",
      "detail": "Op margin: -1.6% -> +3.5%",
      "severity": "HIGH"
    },
    {
      "quarter": "2021-09 (Q3)",
      "signal": "FCF MARGIN EXPANSION",
      "detail": "FCF margin: +10.3% -> +24.3% (+14.0%)",
      "severity": "MEDIUM"
    }
  ],
  "data_quality": {
    "n_quarters": 20,
    "coverage": {
      "revenue": [
        20,
        20
      ],
      "gross_profit": [
        20,
        20
      ],
      "op_income": [
        20,
        20
      ],
      "fcf": [
        20,
        20
      ]
    },
    "gaps": [],
    "warnings": []
  },
  "market_cap": null,
  "source": "SEC EDGAR",
  "last_updated": "2026-02-02T23:55:27.519538"
}