{
  "ticker": "PAYO",
  "name": "Payoneer Global Inc.",
  "quarters": [
    {
      "date": "2020-12-31T00:00:00",
      "quarter_label": "2020-12 (Q4)",
      "revenue": 94707000,
      "gross_profit": null,
      "operating_income": -9424000,
      "net_income": -11215000,
      "opex": 104131000,
      "cogs": null,
      "rd": 17366000,
      "sga": null,
      "fcf": -10402000,
      "ocf": -9347000,
      "capex": -1055000,
      "gross_margin": null,
      "op_margin": -0.09950690022912773,
      "fcf_margin": -0.10983348643711659
    },
    {
      "date": "2021-03-31T00:00:00",
      "quarter_label": "2021-03 (Q1)",
      "revenue": 100606000,
      "gross_profit": null,
      "operating_income": -1149000,
      "net_income": -3508000,
      "opex": 101755000,
      "cogs": null,
      "rd": 16653000,
      "sga": null,
      "fcf": -17265000,
      "ocf": -16468000,
      "capex": -797000,
      "gross_margin": null,
      "op_margin": -0.011420790012524103,
      "fcf_margin": -0.1716100431385802,
      "op_leverage_ratio": Infinity,
      "fcf_margin_change": -0.061776556701463606
    },
    {
      "date": "2021-06-30T00:00:00",
      "quarter_label": "2021-06 (Q2)",
      "revenue": 110927000,
      "gross_profit": null,
      "operating_income": -18361000,
      "net_income": -12414000,
      "opex": 129288000,
      "cogs": null,
      "rd": 18541000,
      "sga": null,
      "fcf": 31917000,
      "ocf": 33164000,
      "capex": -1247000,
      "gross_margin": null,
      "op_margin": -0.16552327206180642,
      "fcf_margin": 0.2877297682259504,
      "op_leverage_ratio": 0.3791404486877296,
      "fcf_margin_change": 0.4593398113645306
    },
    {
      "date": "2021-09-30T00:00:00",
      "quarter_label": "2021-09 (Q3)",
      "revenue": 122651000,
      "gross_profit": null,
      "operating_income": -6506000,
      "net_income": 837000,
      "opex": 129157000,
      "cogs": null,
      "rd": 20104000,
      "sga": null,
      "fcf": -7684000,
      "ocf": -5908000,
      "capex": -1776000,
      "gross_margin": null,
      "op_margin": -0.05304481822406666,
      "fcf_margin": -0.06264930575372397,
      "op_leverage_ratio": Infinity,
      "fcf_margin_change": -0.3503790739796744
    },
    {
      "date": "2021-12-31T00:00:00",
      "quarter_label": "2021-12 (Q4)",
      "revenue": 139219000,
      "gross_profit": null,
      "operating_income": -4193000,
      "net_income": -18902000,
      "opex": 143412000,
      "cogs": null,
      "rd": 25462000,
      "sga": null,
      "fcf": 6156000,
      "ocf": 9227000,
      "capex": -3071000,
      "gross_margin": null,
      "op_margin": -0.030118015500757798,
      "fcf_margin": 0.044218102414181976,
      "incr_op_margin_yoy": 0.11751887131560029,
      "rev_growth_yoy": 0.46999693792433506,
      "op_leverage_ratio": 1.2239106663161232,
      "fcf_margin_change": 0.10686740816790595
    },
    {
      "date": "2022-03-31T00:00:00",
      "quarter_label": "2022-03 (Q1)",
      "revenue": 136958000,
      "gross_profit": null,
      "operating_income": -6343000,
      "net_income": 20211000,
      "opex": 143301000,
      "cogs": null,
      "rd": 25915000,
      "sga": null,
      "fcf": -318000,
      "ocf": 2372000,
      "capex": -2690000,
      "gross_margin": null,
      "op_margin": -0.046313468362563705,
      "fcf_margin": -0.0023218797003460917,
      "incr_op_margin_yoy": -0.1428807218309859,
      "rev_growth_yoy": 0.3613303381508061,
      "rev_growth_yoy_accel": -0.10866659977352894,
      "fcf_margin_change": -0.04653998211452807
    },
    {
      "date": "2022-06-30T00:00:00",
      "quarter_label": "2022-06 (Q2)",
      "revenue": 148190000,
      "gross_profit": null,
      "operating_income": -2204000,
      "net_income": 4422000,
      "opex": 150394000,
      "cogs": null,
      "rd": 26607000,
      "sga": null,
      "fcf": 24099000,
      "ocf": 26502000,
      "capex": -2403000,
      "gross_margin": null,
      "op_margin": -0.01487279843444227,
      "fcf_margin": 0.16262230919765167,
      "incr_op_margin_yoy": 0.4335936451708129,
      "rev_growth_yoy": 0.33592362544736626,
      "rev_growth_yoy_accel": -0.02540671270343986,
      "op_leverage_ratio": 1.656871969074907,
      "fcf_margin_change": 0.16494418889799775
    },
    {
      "date": "2022-09-30T00:00:00",
      "quarter_label": "2022-09 (Q3)",
      "revenue": 158917000,
      "gross_profit": null,
      "operating_income": -5103000,
      "net_income": -26452000,
      "opex": 164020000,
      "cogs": null,
      "rd": 29617000,
      "sga": null,
      "fcf": 13413000,
      "ocf": 15452000,
      "capex": -2039000,
      "gross_margin": null,
      "op_margin": -0.032111102021810126,
      "fcf_margin": 0.08440254975867906,
      "incr_op_margin_yoy": 0.03868637291126675,
      "rev_growth_yoy": 0.29568450318383055,
      "rev_growth_yoy_accel": -0.04023912226353571,
      "op_leverage_ratio": 0.7989535086456966,
      "fcf_margin_change": -0.07821975943897261
    },
    {
      "date": "2022-12-31T00:00:00",
      "quarter_label": "2022-12 (Q4)",
      "revenue": 183558000,
      "gross_profit": null,
      "operating_income": -8564000,
      "net_income": -10151000,
      "opex": 192122000,
      "cogs": null,
      "rd": 32902000,
      "sga": null,
      "fcf": 36262000,
      "ocf": 39634000,
      "capex": -3372000,
      "gross_margin": null,
      "op_margin": -0.046655553013216534,
      "fcf_margin": 0.1975506379454995,
      "incr_op_margin_yoy": -0.09858138433433321,
      "rev_growth_yoy": 0.3184838276384689,
      "rev_growth_yoy_accel": 0.022799324454638337,
      "op_leverage_ratio": 0.9049978529969191,
      "fcf_margin_change": 0.11314808818682046
    },
    {
      "date": "2023-03-31T00:00:00",
      "quarter_label": "2023-03 (Q1)",
      "revenue": 192014000,
      "gross_profit": null,
      "operating_income": 15012000,
      "net_income": 7938000,
      "opex": 177002000,
      "cogs": null,
      "rd": 29280000,
      "sga": null,
      "fcf": 2138000,
      "ocf": 3902000,
      "capex": -1764000,
      "gross_margin": null,
      "op_margin": 0.07818179924380514,
      "fcf_margin": 0.011134604768402305,
      "incr_op_margin_yoy": 0.3878777971519907,
      "rev_growth_yoy": 0.40199185151652334,
      "rev_growth_yoy_accel": 0.08350802387805445,
      "op_leverage_ratio": Infinity,
      "fcf_margin_change": -0.1864160331770972
    },
    {
      "date": "2023-06-30T00:00:00",
      "quarter_label": "2023-06 (Q2)",
      "revenue": 206734000,
      "gross_profit": null,
      "operating_income": 33392000,
      "net_income": 45549000,
      "opex": 173342000,
      "cogs": null,
      "rd": 27995000,
      "sga": null,
      "fcf": 55359000,
      "ocf": 56017000,
      "capex": -658000,
      "gross_margin": null,
      "op_margin": 0.1615215687792042,
      "fcf_margin": 0.26777888494393765,
      "incr_op_margin_yoy": 0.6080213172998087,
      "rev_growth_yoy": 0.3950603954382887,
      "rev_growth_yoy_accel": -0.0069314560782346435,
      "op_leverage_ratio": Infinity,
      "fcf_margin_change": 0.25664428017553537
    },
    {
      "date": "2023-09-30T00:00:00",
      "quarter_label": "2023-09 (Q3)",
      "revenue": 208035000,
      "gross_profit": null,
      "operating_income": 29499000,
      "net_income": 12825000,
      "opex": 178536000,
      "cogs": null,
      "rd": 26950000,
      "sga": null,
      "fcf": 39495000,
      "ocf": 41409000,
      "capex": -1914000,
      "gross_margin": null,
      "op_margin": 0.14179825510130506,
      "fcf_margin": 0.18984786213858246,
      "incr_op_margin_yoy": 0.7044667942505802,
      "rev_growth_yoy": 0.3090795824235293,
      "rev_growth_yoy_accel": -0.0859808130147594,
      "fcf_margin_change": -0.07793102280535519
    },
    {
      "date": "2023-12-31T00:00:00",
      "quarter_label": "2023-12 (Q4)",
      "revenue": 224320000,
      "gross_profit": null,
      "operating_income": 25706000,
      "net_income": 27021000,
      "opex": 198614000,
      "cogs": null,
      "rd": 34972000,
      "sga": null,
      "fcf": 54038000,
      "ocf": 58161000,
      "capex": -4123000,
      "gross_margin": null,
      "op_margin": 0.11459522111269616,
      "fcf_margin": 0.2408969329529244,
      "incr_op_margin_yoy": 0.8407340169765959,
      "rev_growth_yoy": 0.22206604996785756,
      "rev_growth_yoy_accel": -0.08701353245567173,
      "op_leverage_ratio": 0.6960760740947927,
      "fcf_margin_change": 0.05104907081434193
    },
    {
      "date": "2024-03-31T00:00:00",
      "quarter_label": "2024-03 (Q1)",
      "revenue": 228183000,
      "gross_profit": null,
      "operating_income": 38376000,
      "net_income": 28974000,
      "opex": 189807000,
      "cogs": null,
      "rd": 32051000,
      "sga": null,
      "fcf": 37894000,
      "ocf": 39510000,
      "capex": -1616000,
      "gross_margin": null,
      "op_margin": 0.168180802250825,
      "fcf_margin": 0.16606846259362004,
      "incr_op_margin_yoy": 0.6459675412646189,
      "rev_growth_yoy": 0.18836647327799014,
      "rev_growth_yoy_accel": -0.03369957668986742,
      "op_leverage_ratio": Infinity,
      "fcf_margin_change": -0.07482847035930434
    },
    {
      "date": "2024-06-30T00:00:00",
      "quarter_label": "2024-06 (Q2)",
      "revenue": 239520000,
      "gross_profit": null,
      "operating_income": 46309000,
      "net_income": 32425000,
      "opex": 193211000,
      "cogs": null,
      "rd": 27580000,
      "sga": null,
      "fcf": 40218000,
      "ocf": 41404000,
      "capex": -1186000,
      "gross_margin": null,
      "op_margin": 0.19334084836339346,
      "fcf_margin": 0.16791082164328658,
      "incr_op_margin_yoy": 0.3939791374367108,
      "rev_growth_yoy": 0.15859026575212593,
      "rev_growth_yoy_accel": -0.029776207525864212,
      "op_leverage_ratio": 2.770368462068859,
      "fcf_margin_change": 0.0018423590496665365
    },
    {
      "date": "2024-09-30T00:00:00",
      "quarter_label": "2024-09 (Q3)",
      "revenue": 248274000,
      "gross_profit": null,
      "operating_income": 35162000,
      "net_income": 41574000,
      "opex": 213112000,
      "cogs": null,
      "rd": 34616000,
      "sga": null,
      "fcf": 48478000,
      "ocf": 50125000,
      "capex": -1647000,
      "gross_margin": null,
      "op_margin": 0.14162578441560533,
      "fcf_margin": 0.19526007556167782,
      "incr_op_margin_yoy": 0.14073411367081687,
      "rev_growth_yoy": 0.19342418343067272,
      "rev_growth_yoy_accel": 0.034833917678546794,
      "op_leverage_ratio": 0.35483112473879974,
      "fcf_margin_change": 0.027349253918391242
    },
    {
      "date": "2024-12-31T00:00:00",
      "quarter_label": "2024-12 (Q4)",
      "revenue": 261739000,
      "gross_profit": null,
      "operating_income": 29184000,
      "net_income": 18190000,
      "opex": 232555000,
      "cogs": null,
      "rd": 40384000,
      "sga": null,
      "fcf": 42146000,
      "ocf": 45886000,
      "capex": -3740000,
      "gross_margin": null,
      "op_margin": 0.11150038779089093,
      "fcf_margin": 0.16102300383206172,
      "incr_op_margin_yoy": 0.09294743312221064,
      "rev_growth_yoy": 0.1668108059914408,
      "rev_growth_yoy_accel": -0.026613377439231922,
      "op_leverage_ratio": 0.5944560413950457,
      "fcf_margin_change": -0.0342370717296161
    },
    {
      "date": "2025-03-31T00:00:00",
      "quarter_label": "2025-03 (Q1)",
      "revenue": 246617000,
      "gross_profit": null,
      "operating_income": 29319000,
      "net_income": 20577000,
      "opex": 217298000,
      "cogs": null,
      "rd": 37271000,
      "sga": null,
      "fcf": 48990000,
      "ocf": 53716000,
      "capex": -4726000,
      "gross_margin": null,
      "op_margin": 0.11888474841555935,
      "fcf_margin": 0.19864810617272938,
      "incr_op_margin_yoy": -0.4913203862428122,
      "rev_growth_yoy": 0.08078603576953586,
      "rev_growth_yoy_accel": -0.08602477022190494,
      "fcf_margin_change": 0.037625102340667654
    },
    {
      "date": "2025-06-30T00:00:00",
      "quarter_label": "2025-06 (Q2)",
      "revenue": 260614000,
      "gross_profit": null,
      "operating_income": 30077000,
      "net_income": 19480000,
      "opex": 230537000,
      "cogs": null,
      "rd": 37387000,
      "sga": null,
      "fcf": 68107000,
      "ocf": 70685000,
      "capex": -2578000,
      "gross_margin": null,
      "op_margin": 0.11540822826095298,
      "fcf_margin": 0.26133285241775195,
      "incr_op_margin_yoy": -0.7695079169432066,
      "rev_growth_yoy": 0.08806780227120908,
      "rev_growth_yoy_accel": 0.007281766501673226,
      "op_leverage_ratio": 0.9315635755289233,
      "fcf_margin_change": 0.06268474624502257
    },
    {
      "date": "2025-09-30T00:00:00",
      "quarter_label": "2025-09 (Q3)",
      "revenue": 270850000,
      "gross_profit": null,
      "operating_income": 36347000,
      "net_income": 14123000,
      "opex": 234503000,
      "cogs": null,
      "rd": 39864000,
      "sga": null,
      "fcf": 49195000,
      "ocf": 54176000,
      "capex": -4981000,
      "gross_margin": null,
      "op_margin": 0.13419604947387853,
      "fcf_margin": 0.18163189957541073,
      "incr_op_margin_yoy": 0.05248936924167257,
      "rev_growth_yoy": 0.09093179309955936,
      "rev_growth_yoy_accel": 0.002863990828350274,
      "op_leverage_ratio": 2.2830764940799004,
      "fcf_margin_change": -0.07970095284234122
    }
  ],
  "signals": [
    {
      "quarter": "2025-09 (Q3)",
      "signal": "OPERATING LEVERAGE",
      "detail": "Rev growth +3.9% vs OpEx growth +1.7% (leverage: 2.3x)",
      "severity": "MEDIUM"
    },
    {
      "quarter": "2025-06 (Q2)",
      "signal": "FCF MARGIN EXPANSION",
      "detail": "FCF margin: +19.9% -> +26.1% (+6.3%)",
      "severity": "MEDIUM"
    },
    {
      "quarter": "2025-03 (Q1)",
      "signal": "YoY REVENUE GROWTH DECELERATION",
      "detail": "YoY growth: +8.1% vs prior quarter YoY: +16.7% (decel: -8.6%)",
      "severity": "WARNING"
    },
    {
      "quarter": "2024-06 (Q2)",
      "signal": "OPERATING LEVERAGE",
      "detail": "Rev growth +5.0% vs OpEx growth +1.8% (leverage: 2.8x)",
      "severity": "MEDIUM"
    },
    {
      "quarter": "2024-06 (Q2)",
      "signal": "INCREMENTAL MARGIN (YoY)",
      "detail": "YoY Incr OPM: +39.4% vs year-ago OPM: +16.2%",
      "severity": "HIGH"
    },
    {
      "quarter": "2024-03 (Q1)",
      "signal": "INCREMENTAL MARGIN (YoY)",
      "detail": "YoY Incr OPM: +64.6% vs year-ago OPM: +7.8%",
      "severity": "HIGH"
    },
    {
      "quarter": "2023-12 (Q4)",
      "signal": "FCF MARGIN EXPANSION",
      "detail": "FCF margin: +19.0% -> +24.1% (+5.1%)",
      "severity": "MEDIUM"
    },
    {
      "quarter": "2023-12 (Q4)",
      "signal": "YoY REVENUE GROWTH DECELERATION",
      "detail": "YoY growth: +22.2% vs prior quarter YoY: +30.9% (decel: -8.7%)",
      "severity": "WARNING"
    },
    {
      "quarter": "2023-12 (Q4)",
      "signal": "OP MARGIN TURNED POSITIVE (YoY)",
      "detail": "Op margin: -4.7% (year-ago) -> +11.5%",
      "severity": "HIGH"
    },
    {
      "quarter": "2023-09 (Q3)",
      "signal": "YoY REVENUE GROWTH DECELERATION",
      "detail": "YoY growth: +30.9% vs prior quarter YoY: +39.5% (decel: -8.6%)",
      "severity": "WARNING"
    },
    {
      "quarter": "2023-09 (Q3)",
      "signal": "OP MARGIN TURNED POSITIVE (YoY)",
      "detail": "Op margin: -3.2% (year-ago) -> +14.2%",
      "severity": "HIGH"
    },
    {
      "quarter": "2023-06 (Q2)",
      "signal": "FCF MARGIN EXPANSION",
      "detail": "FCF margin: +1.1% -> +26.8% (+25.7%)",
      "severity": "MEDIUM"
    },
    {
      "quarter": "2023-06 (Q2)",
      "signal": "OP MARGIN TURNED POSITIVE (YoY)",
      "detail": "Op margin: -1.5% (year-ago) -> +16.2%",
      "severity": "HIGH"
    },
    {
      "quarter": "2023-03 (Q1)",
      "signal": "YoY REVENUE GROWTH ACCELERATION",
      "detail": "YoY growth: +40.2% vs prior quarter YoY: +31.8% (accel: +8.4%)",
      "severity": "MEDIUM"
    },
    {
      "quarter": "2023-03 (Q1)",
      "signal": "OP MARGIN TURNED POSITIVE (YoY)",
      "detail": "Op margin: -4.6% (year-ago) -> +7.8%",
      "severity": "HIGH"
    },
    {
      "quarter": "2023-03 (Q1)",
      "signal": "OP MARGIN TURNED POSITIVE (QoQ)",
      "detail": "Op margin: -4.7% -> +7.8%",
      "severity": "HIGH"
    },
    {
      "quarter": "2022-12 (Q4)",
      "signal": "FCF MARGIN EXPANSION",
      "detail": "FCF margin: +8.4% -> +19.8% (+11.3%)",
      "severity": "MEDIUM"
    },
    {
      "quarter": "2022-06 (Q2)",
      "signal": "FCF TURNED POSITIVE",
      "detail": "FCF margin: -0.2% -> +16.3%",
      "severity": "HIGH"
    },
    {
      "quarter": "2022-06 (Q2)",
      "signal": "OPERATING LEVERAGE",
      "detail": "Rev growth +8.2% vs OpEx growth +4.9% (leverage: 1.7x)",
      "severity": "MEDIUM"
    },
    {
      "quarter": "2022-03 (Q1)",
      "signal": "YoY REVENUE GROWTH DECELERATION",
      "detail": "YoY growth: +36.1% vs prior quarter YoY: +47.0% (decel: -10.9%)",
      "severity": "WARNING"
    },
    {
      "quarter": "2021-12 (Q4)",
      "signal": "FCF TURNED POSITIVE",
      "detail": "FCF margin: -6.3% -> +4.4%",
      "severity": "HIGH"
    },
    {
      "quarter": "2021-06 (Q2)",
      "signal": "FCF TURNED POSITIVE",
      "detail": "FCF margin: -17.2% -> +28.8%",
      "severity": "HIGH"
    }
  ],
  "data_quality": {
    "n_quarters": 20,
    "coverage": {
      "revenue": [
        20,
        20
      ],
      "gross_profit": [
        0,
        20
      ],
      "op_income": [
        20,
        20
      ],
      "fcf": [
        20,
        20
      ]
    },
    "gaps": [],
    "warnings": [
      "gross_profit: no data"
    ]
  },
  "market_cap": null,
  "source": "SEC EDGAR",
  "last_updated": "2026-02-02T21:32:03.527131"
}