{
  "ticker": "PBH",
  "name": "PRESTIGE CONSUMER HEALTHCARE INC.",
  "quarters": [
    {
      "date": "2020-12-31T00:00:00",
      "quarter_label": "2020-12 (Q4)",
      "revenue": 238788000,
      "gross_profit": 138887000,
      "operating_income": 73443000,
      "net_income": 40873000,
      "opex": 65444000,
      "cogs": 99901000,
      "rd": null,
      "sga": null,
      "fcf": 43499000,
      "ocf": 49227000,
      "capex": -5728000,
      "gross_margin": 0.5816330803892993,
      "op_margin": 0.3075657068194382,
      "fcf_margin": 0.1821657704742282
    },
    {
      "date": "2021-03-31T00:00:00",
      "quarter_label": "2021-03 (Q1)",
      "revenue": 237761000,
      "gross_profit": 137056000,
      "operating_income": 70937000,
      "net_income": 35514000,
      "opex": 66119000,
      "cogs": 100705000,
      "rd": null,
      "sga": null,
      "fcf": 54191000,
      "ocf": 59087000,
      "capex": -4896000,
      "gross_margin": 0.5764444126665013,
      "op_margin": 0.2983542296676074,
      "fcf_margin": 0.2279221571241709,
      "fcf_margin_change": 0.04575638664994272
    },
    {
      "date": "2021-06-30T00:00:00",
      "quarter_label": "2021-06 (Q2)",
      "revenue": 269181000,
      "gross_profit": 159012000,
      "operating_income": 91342000,
      "net_income": 57755000,
      "opex": 67670000,
      "cogs": 110169000,
      "rd": null,
      "sga": null,
      "fcf": 67805000,
      "ocf": 69305000,
      "capex": -1500000,
      "gross_margin": 0.5907251997726437,
      "op_margin": 0.33933301384570236,
      "fcf_margin": 0.25189370720816107,
      "op_leverage_ratio": 5.63352259821099,
      "fcf_margin_change": 0.023971550083990156
    },
    {
      "date": "2021-09-30T00:00:00",
      "quarter_label": "2021-09 (Q3)",
      "revenue": 276225000,
      "gross_profit": 157712000,
      "operating_income": 78558000,
      "net_income": 45325000,
      "opex": 79154000,
      "cogs": 118513000,
      "rd": null,
      "sga": null,
      "fcf": 58442000,
      "ocf": 61194000,
      "capex": -2752000,
      "gross_margin": 0.5709548375418589,
      "op_margin": 0.28439858810752106,
      "fcf_margin": 0.21157389809032492,
      "op_leverage_ratio": 0.1541977148789076,
      "fcf_margin_change": -0.04031980911783614
    },
    {
      "date": "2021-12-31T00:00:00",
      "quarter_label": "2021-12 (Q4)",
      "revenue": 274470000,
      "gross_profit": 155060000,
      "operating_income": 82594000,
      "net_income": 50215000,
      "opex": 72466000,
      "cogs": 119410000,
      "rd": null,
      "sga": null,
      "fcf": 64068000,
      "ocf": 66297000,
      "capex": -2229000,
      "gross_margin": 0.5649433453565053,
      "op_margin": 0.3009217765147375,
      "fcf_margin": 0.23342441796917696,
      "incr_op_margin_yoy": 0.25645983969508435,
      "rev_growth_yoy": 0.14942961957887332,
      "fcf_margin_change": 0.02185051987885203
    },
    {
      "date": "2022-03-31T00:00:00",
      "quarter_label": "2022-03 (Q1)",
      "revenue": 266936000,
      "gross_profit": 148862000,
      "operating_income": 77425000,
      "net_income": 52086000,
      "opex": 71437000,
      "cogs": 118074000,
      "rd": null,
      "sga": null,
      "fcf": 59965000,
      "ocf": 63126000,
      "capex": -3161000,
      "gross_margin": 0.5576692540534061,
      "op_margin": 0.29005079869331973,
      "fcf_margin": 0.22464186171966313,
      "incr_op_margin_yoy": 0.222382176520994,
      "rev_growth_yoy": 0.12270725644659973,
      "rev_growth_yoy_accel": -0.026722363132273594,
      "fcf_margin_change": -0.008782556249513823
    },
    {
      "date": "2022-06-30T00:00:00",
      "quarter_label": "2022-06 (Q2)",
      "revenue": 277059000,
      "gross_profit": 160119000,
      "operating_income": 87014000,
      "net_income": 55272000,
      "opex": 73105000,
      "cogs": 116940000,
      "rd": null,
      "sga": null,
      "fcf": 57200000,
      "ocf": 58247000,
      "capex": -1047000,
      "gross_margin": 0.5779238357173021,
      "op_margin": 0.3140630695988941,
      "fcf_margin": 0.2064542209421098,
      "incr_op_margin_yoy": -0.5493780147245494,
      "rev_growth_yoy": 0.02926655298850959,
      "rev_growth_yoy_accel": -0.09344070345809014,
      "op_leverage_ratio": 1.6241616448502123,
      "fcf_margin_change": -0.018187640777553332
    },
    {
      "date": "2022-09-30T00:00:00",
      "quarter_label": "2022-09 (Q3)",
      "revenue": 289273000,
      "gross_profit": 161009000,
      "operating_income": 84384000,
      "net_income": 51023000,
      "opex": 76625000,
      "cogs": 128264000,
      "rd": null,
      "sga": null,
      "fcf": 55164000,
      "ocf": 57540000,
      "capex": -2376000,
      "gross_margin": 0.5565987838477839,
      "op_margin": 0.2917105986386562,
      "fcf_margin": 0.19069875169822278,
      "incr_op_margin_yoy": 0.4465052115266708,
      "rev_growth_yoy": 0.047236854013937915,
      "rev_growth_yoy_accel": 0.017970301025428324,
      "op_leverage_ratio": 0.9155668742529077,
      "fcf_margin_change": -0.015755469243887016
    },
    {
      "date": "2022-12-31T00:00:00",
      "quarter_label": "2022-12 (Q4)",
      "revenue": 275524000,
      "gross_profit": 150402000,
      "operating_income": 87184000,
      "net_income": 51951000,
      "opex": 63218000,
      "cogs": 125122000,
      "rd": null,
      "sga": null,
      "fcf": 53139000,
      "ocf": 54942000,
      "capex": -1803000,
      "gross_margin": 0.5458762213092144,
      "op_margin": 0.31642978470115124,
      "fcf_margin": 0.19286523134100841,
      "incr_op_margin_yoy": 4.354838709677419,
      "rev_growth_yoy": 0.003840128247167268,
      "rev_growth_yoy_accel": -0.043396725766770644,
      "fcf_margin_change": 0.002166479642785629
    },
    {
      "date": "2023-03-31T00:00:00",
      "quarter_label": "2023-03 (Q1)",
      "revenue": 285869000,
      "gross_profit": 153764000,
      "operating_income": -280997000,
      "net_income": -240552000,
      "opex": 434761000,
      "cogs": 132105000,
      "rd": null,
      "sga": null,
      "fcf": 56429000,
      "ocf": 58987000,
      "capex": -2558000,
      "gross_margin": 0.5378827364981862,
      "op_margin": -0.9829572286606802,
      "fcf_margin": 0.19739461081824192,
      "incr_op_margin_yoy": -18.9310727301537,
      "rev_growth_yoy": 0.0709271136152486,
      "rev_growth_yoy_accel": 0.06708698536808133,
      "op_leverage_ratio": 0.006388556335903015,
      "fcf_margin_change": 0.004529379477233503
    },
    {
      "date": "2023-06-30T00:00:00",
      "quarter_label": "2023-06 (Q2)",
      "revenue": 279309000,
      "gross_profit": 154673000,
      "operating_income": 85194000,
      "net_income": 53276000,
      "opex": 69479000,
      "cogs": 124636000,
      "rd": null,
      "sga": null,
      "fcf": 46610000,
      "ocf": 48087000,
      "capex": -1477000,
      "gross_margin": 0.5537701971651469,
      "op_margin": 0.30501702415604226,
      "fcf_margin": 0.16687611211955217,
      "incr_op_margin_yoy": -0.8088888888888889,
      "rev_growth_yoy": 0.008121013935659914,
      "rev_growth_yoy_accel": -0.0628060996795887,
      "fcf_margin_change": -0.03051849869868975
    },
    {
      "date": "2023-09-30T00:00:00",
      "quarter_label": "2023-09 (Q3)",
      "revenue": 286316000,
      "gross_profit": 160020000,
      "operating_income": 88250000,
      "net_income": 53559000,
      "opex": 71770000,
      "cogs": 126296000,
      "rd": null,
      "sga": null,
      "fcf": 59526000,
      "ocf": 62460000,
      "capex": -2934000,
      "gross_margin": 0.5588929714022269,
      "op_margin": 0.3082258763045027,
      "fcf_margin": 0.2079031559535618,
      "incr_op_margin_yoy": -1.3074061548867095,
      "rev_growth_yoy": -0.01022217766608014,
      "rev_growth_yoy_accel": -0.018343191601740055,
      "op_leverage_ratio": 0.7608090280553451,
      "fcf_margin_change": 0.041027043834009624
    },
    {
      "date": "2023-12-31T00:00:00",
      "quarter_label": "2023-12 (Q4)",
      "revenue": 282741000,
      "gross_profit": 157938000,
      "operating_income": 86832000,
      "net_income": 53046000,
      "opex": 71106000,
      "cogs": 124803000,
      "rd": null,
      "sga": null,
      "fcf": 69476000,
      "ocf": 71472000,
      "capex": -1996000,
      "gross_margin": 0.5585960295818434,
      "op_margin": 0.30710791855443675,
      "fcf_margin": 0.24572311762354948,
      "incr_op_margin_yoy": -0.048773728696134125,
      "rev_growth_yoy": 0.026193725410490556,
      "rev_growth_yoy_accel": 0.036415903076570694,
      "fcf_margin_change": 0.03781996166998769
    },
    {
      "date": "2024-03-31T00:00:00",
      "quarter_label": "2024-03 (Q1)",
      "revenue": 276991000,
      "gross_profit": 151817000,
      "operating_income": 82153000,
      "net_income": 49458000,
      "opex": 69664000,
      "cogs": 125174000,
      "rd": null,
      "sga": null,
      "fcf": 63764000,
      "ocf": 66907000,
      "capex": -3143000,
      "gross_margin": 0.5480936203703369,
      "op_margin": 0.29659086396308904,
      "fcf_margin": 0.2302024253495601,
      "incr_op_margin_yoy": -40.90448299166479,
      "rev_growth_yoy": -0.031056183076863877,
      "rev_growth_yoy_accel": -0.05724990848735444,
      "fcf_margin_change": -0.01552069227398939
    },
    {
      "date": "2024-06-30T00:00:00",
      "quarter_label": "2024-06 (Q2)",
      "revenue": 267142000,
      "gross_profit": 146022000,
      "operating_income": 72046000,
      "net_income": 49068000,
      "opex": 73976000,
      "cogs": 121120000,
      "rd": null,
      "sga": null,
      "fcf": 53624000,
      "ocf": 54776000,
      "capex": -1152000,
      "gross_margin": 0.5466081709353078,
      "op_margin": 0.2696917744121104,
      "fcf_margin": 0.2007321948626573,
      "incr_op_margin_yoy": 1.0806279280019726,
      "rev_growth_yoy": -0.043561073936035,
      "rev_growth_yoy_accel": -0.01250489085917112,
      "fcf_margin_change": -0.029470230486902782
    },
    {
      "date": "2024-09-30T00:00:00",
      "quarter_label": "2024-09 (Q3)",
      "revenue": 283785000,
      "gross_profit": 157382000,
      "operating_income": 84339000,
      "net_income": 54377000,
      "opex": 73043000,
      "cogs": 126403000,
      "rd": null,
      "sga": null,
      "fcf": 67773000,
      "ocf": 69800000,
      "capex": -2027000,
      "gross_margin": 0.5545818136969889,
      "op_margin": 0.2971932977430097,
      "fcf_margin": 0.23881811935091707,
      "incr_op_margin_yoy": 1.5452390359541683,
      "rev_growth_yoy": -0.00883988320596823,
      "rev_growth_yoy_accel": 0.03472119073006677,
      "op_leverage_ratio": Infinity,
      "fcf_margin_change": 0.03808592448825976
    },
    {
      "date": "2024-12-31T00:00:00",
      "quarter_label": "2024-12 (Q4)",
      "revenue": 290317000,
      "gross_profit": 161049000,
      "operating_income": 91962000,
      "net_income": 61032000,
      "opex": 69087000,
      "cogs": 129268000,
      "rd": null,
      "sga": null,
      "fcf": 63525000,
      "ocf": 65091000,
      "capex": -1566000,
      "gross_margin": 0.5547349965727119,
      "op_margin": 0.31676408890970903,
      "fcf_margin": 0.21881253939659062,
      "incr_op_margin_yoy": 0.6771383315733897,
      "rev_growth_yoy": 0.026794840507743837,
      "rev_growth_yoy_accel": 0.03563472371371207,
      "op_leverage_ratio": Infinity,
      "fcf_margin_change": -0.020005579954326447
    },
    {
      "date": "2025-03-31T00:00:00",
      "quarter_label": "2025-03 (Q1)",
      "revenue": 296518000,
      "gross_profit": 170010000,
      "operating_income": 88428000,
      "net_income": 50128000,
      "opex": 81582000,
      "cogs": 126508000,
      "rd": null,
      "sga": null,
      "fcf": 58369000,
      "ocf": 61848000,
      "capex": -3479000,
      "gross_margin": 0.573354737317802,
      "op_margin": 0.29822135587046994,
      "fcf_margin": 0.1968480834215798,
      "incr_op_margin_yoy": 0.32134992574384186,
      "rev_growth_yoy": 0.07049687534974061,
      "rev_growth_yoy_accel": 0.04370203484199678,
      "op_leverage_ratio": 0.11809984781258749,
      "fcf_margin_change": -0.021964455975010816
    },
    {
      "date": "2025-06-30T00:00:00",
      "quarter_label": "2025-06 (Q2)",
      "revenue": 249530000,
      "gross_profit": 140331000,
      "operating_income": 71756000,
      "net_income": 47466000,
      "opex": 68575000,
      "cogs": 109199000,
      "rd": null,
      "sga": null,
      "fcf": 78175000,
      "ocf": 79013000,
      "capex": -838000,
      "gross_margin": 0.5623812768003847,
      "op_margin": 0.2875646214883982,
      "fcf_margin": 0.3132889832885825,
      "incr_op_margin_yoy": 0.016466045877810583,
      "rev_growth_yoy": -0.06592748425930778,
      "rev_growth_yoy_accel": -0.1364243596090484,
      "fcf_margin_change": 0.1164408998670027
    },
    {
      "date": "2025-09-30T00:00:00",
      "quarter_label": "2025-09 (Q3)",
      "revenue": 274114000,
      "gross_profit": 151579000,
      "operating_income": 79670000,
      "net_income": 42211000,
      "opex": 71909000,
      "cogs": 122535000,
      "rd": null,
      "sga": null,
      "fcf": 55384000,
      "ocf": 57486000,
      "capex": -2102000,
      "gross_margin": 0.552977958075837,
      "op_margin": 0.2906454978585552,
      "fcf_margin": 0.20204732337640544,
      "incr_op_margin_yoy": 0.4827835797745838,
      "rev_growth_yoy": -0.034078615853551104,
      "rev_growth_yoy_accel": 0.031848868405756674,
      "op_leverage_ratio": 2.026422511754612,
      "fcf_margin_change": -0.11124165991217708
    }
  ],
  "signals": [
    {
      "quarter": "2025-09 (Q3)",
      "signal": "OPERATING LEVERAGE",
      "detail": "Rev growth +9.9% vs OpEx growth +4.9% (leverage: 2.0x)",
      "severity": "MEDIUM"
    },
    {
      "quarter": "2025-09 (Q3)",
      "signal": "INCREMENTAL MARGIN (YoY)",
      "detail": "YoY Incr OPM: +48.3% vs year-ago OPM: +29.7%",
      "severity": "MEDIUM"
    },
    {
      "quarter": "2025-06 (Q2)",
      "signal": "FCF MARGIN EXPANSION",
      "detail": "FCF margin: +19.7% -> +31.3% (+11.6%)",
      "severity": "MEDIUM"
    },
    {
      "quarter": "2025-06 (Q2)",
      "signal": "YoY REVENUE GROWTH DECELERATION",
      "detail": "YoY growth: -6.6% vs prior quarter YoY: +7.0% (decel: -13.6%)",
      "severity": "WARNING"
    },
    {
      "quarter": "2024-12 (Q4)",
      "signal": "INCREMENTAL MARGIN (YoY)",
      "detail": "YoY Incr OPM: +67.7% vs year-ago OPM: +30.7%",
      "severity": "HIGH"
    },
    {
      "quarter": "2024-09 (Q3)",
      "signal": "INCREMENTAL MARGIN (YoY)",
      "detail": "YoY Incr OPM: +154.5% vs year-ago OPM: +30.8%",
      "severity": "HIGH"
    },
    {
      "quarter": "2024-06 (Q2)",
      "signal": "INCREMENTAL MARGIN (YoY)",
      "detail": "YoY Incr OPM: +108.1% vs year-ago OPM: +30.5%",
      "severity": "HIGH"
    },
    {
      "quarter": "2024-03 (Q1)",
      "signal": "YoY REVENUE GROWTH DECELERATION",
      "detail": "YoY growth: -3.1% vs prior quarter YoY: +2.6% (decel: -5.7%)",
      "severity": "WARNING"
    },
    {
      "quarter": "2024-03 (Q1)",
      "signal": "OP MARGIN TURNED POSITIVE (YoY)",
      "detail": "Op margin: -98.3% (year-ago) -> +29.7%",
      "severity": "HIGH"
    },
    {
      "quarter": "2023-06 (Q2)",
      "signal": "YoY REVENUE GROWTH DECELERATION",
      "detail": "YoY growth: +0.8% vs prior quarter YoY: +7.1% (decel: -6.3%)",
      "severity": "WARNING"
    },
    {
      "quarter": "2023-06 (Q2)",
      "signal": "OP MARGIN TURNED POSITIVE (QoQ)",
      "detail": "Op margin: -98.3% -> +30.5%",
      "severity": "HIGH"
    },
    {
      "quarter": "2023-03 (Q1)",
      "signal": "YoY REVENUE GROWTH ACCELERATION",
      "detail": "YoY growth: +7.1% vs prior quarter YoY: +0.4% (accel: +6.7%)",
      "severity": "MEDIUM"
    },
    {
      "quarter": "2022-12 (Q4)",
      "signal": "INCREMENTAL MARGIN (YoY)",
      "detail": "YoY Incr OPM: +435.5% vs year-ago OPM: +30.1%",
      "severity": "HIGH"
    },
    {
      "quarter": "2022-09 (Q3)",
      "signal": "INCREMENTAL MARGIN (YoY)",
      "detail": "YoY Incr OPM: +44.7% vs year-ago OPM: +28.4%",
      "severity": "MEDIUM"
    },
    {
      "quarter": "2022-06 (Q2)",
      "signal": "OPERATING LEVERAGE",
      "detail": "Rev growth +3.8% vs OpEx growth +2.3% (leverage: 1.6x)",
      "severity": "MEDIUM"
    },
    {
      "quarter": "2022-06 (Q2)",
      "signal": "GROSS MARGIN INFLECTION",
      "detail": "GM: +56.5% -> +55.8% -> +57.8% (reversal +2.0%)",
      "severity": "MEDIUM"
    },
    {
      "quarter": "2022-06 (Q2)",
      "signal": "YoY REVENUE GROWTH DECELERATION",
      "detail": "YoY growth: +2.9% vs prior quarter YoY: +12.3% (decel: -9.3%)",
      "severity": "WARNING"
    },
    {
      "quarter": "2021-06 (Q2)",
      "signal": "OPERATING LEVERAGE",
      "detail": "Rev growth +13.2% vs OpEx growth +2.3% (leverage: 5.6x)",
      "severity": "MEDIUM"
    }
  ],
  "data_quality": {
    "n_quarters": 20,
    "coverage": {
      "revenue": [
        20,
        20
      ],
      "gross_profit": [
        20,
        20
      ],
      "op_income": [
        20,
        20
      ],
      "fcf": [
        20,
        20
      ]
    },
    "gaps": [],
    "warnings": []
  },
  "market_cap": null,
  "source": "SEC EDGAR",
  "last_updated": "2026-02-02T21:20:49.354156"
}