{
  "ticker": "PBI",
  "name": "PITNEY BOWES INC",
  "quarters": [
    {
      "date": "2020-12-31T00:00:00",
      "quarter_label": "2020-12 (Q4)",
      "revenue": 1028417000,
      "gross_profit": 298572000,
      "operating_income": null,
      "net_income": 18879000,
      "opex": 282973000,
      "cogs": 729845000,
      "rd": 9546000,
      "sga": 242441000,
      "fcf": 86606000,
      "ocf": 110806000,
      "capex": -24200000,
      "gross_margin": 0.2903219219441141,
      "op_margin": null,
      "fcf_margin": 0.08421292141222869
    },
    {
      "date": "2021-03-31T00:00:00",
      "quarter_label": "2021-03 (Q1)",
      "revenue": 915197000,
      "gross_profit": 287562000,
      "operating_income": null,
      "net_income": -31541000,
      "opex": 329209000,
      "cogs": 627635000,
      "rd": 11316000,
      "sga": 238102000,
      "fcf": 22595000,
      "ocf": 65923000,
      "capex": -43328000,
      "gross_margin": 0.31420776073348144,
      "op_margin": null,
      "fcf_margin": 0.02468867358612408,
      "fcf_margin_change": -0.05952424782610461
    },
    {
      "date": "2021-06-30T00:00:00",
      "quarter_label": "2021-06 (Q2)",
      "revenue": 899203000,
      "gross_profit": 288896000,
      "operating_income": null,
      "net_income": 19856000,
      "opex": 263105000,
      "cogs": 610307000,
      "rd": 11059000,
      "sga": 236190000,
      "fcf": 38431000,
      "ocf": 78806000,
      "capex": -40375000,
      "gross_margin": 0.3212800669036914,
      "op_margin": null,
      "fcf_margin": 0.04273895883354482,
      "fcf_margin_change": 0.018050285247420736
    },
    {
      "date": "2021-09-30T00:00:00",
      "quarter_label": "2021-09 (Q3)",
      "revenue": 875449000,
      "gross_profit": 273867000,
      "operating_income": null,
      "net_income": 9067000,
      "opex": 266897000,
      "cogs": 601582000,
      "rd": 10621000,
      "sga": 225024000,
      "fcf": 14241000,
      "ocf": 71445000,
      "capex": -57204000,
      "gross_margin": 0.31283033049326686,
      "op_margin": null,
      "fcf_margin": 0.01626708123488633,
      "fcf_margin_change": -0.02647187759865849
    },
    {
      "date": "2021-12-31T00:00:00",
      "quarter_label": "2021-12 (Q4)",
      "revenue": 983712000,
      "gross_profit": 271673000,
      "operating_income": null,
      "net_income": 1267000,
      "opex": 270202000,
      "cogs": 712039000,
      "rd": 13781000,
      "sga": 224847000,
      "fcf": 42206000,
      "ocf": 85341000,
      "capex": -43135000,
      "gross_margin": 0.2761712777723561,
      "op_margin": null,
      "fcf_margin": 0.042904833935135486,
      "rev_growth_yoy": -0.04346972094004669,
      "op_leverage_ratio": 9.986686913123389,
      "fcf_margin_change": 0.026637752700249158
    },
    {
      "date": "2022-03-31T00:00:00",
      "quarter_label": "2022-03 (Q1)",
      "revenue": 926942000,
      "gross_profit": null,
      "operating_income": null,
      "net_income": 20821000,
      "opex": 901918000,
      "cogs": null,
      "rd": 11334000,
      "sga": 242785000,
      "fcf": -21993000,
      "ocf": 10562000,
      "capex": -32555000,
      "gross_margin": null,
      "op_margin": null,
      "fcf_margin": -0.02372640359375236,
      "rev_growth_yoy": 0.012833302556717297,
      "rev_growth_yoy_accel": 0.056303023496763985,
      "fcf_margin_change": -0.06663123752888785
    },
    {
      "date": "2022-06-30T00:00:00",
      "quarter_label": "2022-06 (Q2)",
      "revenue": 871495000,
      "gross_profit": null,
      "operating_income": null,
      "net_income": 4336000,
      "opex": 874185000,
      "cogs": null,
      "rd": 11254000,
      "sga": 226638000,
      "fcf": 3513000,
      "ocf": 35132000,
      "capex": -31619000,
      "gross_margin": null,
      "op_margin": null,
      "fcf_margin": 0.004031004193942593,
      "rev_growth_yoy": -0.030813954134939498,
      "rev_growth_yoy_accel": -0.0436472566916568,
      "fcf_margin_change": 0.027757407787694952
    },
    {
      "date": "2022-09-30T00:00:00",
      "quarter_label": "2022-09 (Q3)",
      "revenue": 830914000,
      "gross_profit": null,
      "operating_income": null,
      "net_income": 5487000,
      "opex": 820785000,
      "cogs": null,
      "rd": 9812000,
      "sga": 209576000,
      "fcf": -69824000,
      "ocf": -36465000,
      "capex": -33359000,
      "gross_margin": null,
      "op_margin": null,
      "fcf_margin": -0.08403276392021317,
      "rev_growth_yoy": -0.050871038746974406,
      "rev_growth_yoy_accel": -0.020057084612034908,
      "fcf_margin_change": -0.08806376811415575
    },
    {
      "date": "2022-12-31T00:00:00",
      "quarter_label": "2022-12 (Q4)",
      "revenue": 908691000,
      "gross_profit": null,
      "operating_income": null,
      "net_income": 6296000,
      "opex": 901274000,
      "cogs": null,
      "rd": 11257000,
      "sga": 226571000,
      "fcf": 180714000,
      "ocf": 165810000,
      "capex": 14904000,
      "gross_margin": null,
      "op_margin": null,
      "fcf_margin": 0.19887288418175156,
      "rev_growth_yoy": -0.0762631745876842,
      "rev_growth_yoy_accel": -0.02539213584070979,
      "op_leverage_ratio": 0.9545265011208816,
      "fcf_margin_change": 0.2829056481019647
    },
    {
      "date": "2023-03-31T00:00:00",
      "quarter_label": "2023-03 (Q1)",
      "revenue": 834538000,
      "gross_profit": 548202000,
      "operating_income": null,
      "net_income": -7737000,
      "opex": 237864000,
      "cogs": 286336000,
      "rd": 10493000,
      "sga": 242120000,
      "fcf": -68380000,
      "ocf": -39714000,
      "capex": -28666000,
      "gross_margin": 0.6568927957744285,
      "op_margin": null,
      "fcf_margin": -0.0819375510761643,
      "rev_growth_yoy": -0.09968692755318025,
      "rev_growth_yoy_accel": -0.02342375296549605,
      "fcf_margin_change": -0.2808104352579158
    },
    {
      "date": "2023-06-30T00:00:00",
      "quarter_label": "2023-06 (Q2)",
      "revenue": 776481000,
      "gross_profit": 521110000,
      "operating_income": null,
      "net_income": -141535000,
      "opex": 278200000,
      "cogs": 255371000,
      "rd": 10274000,
      "sga": 222549000,
      "fcf": -26024000,
      "ocf": -44000,
      "capex": -25980000,
      "gross_margin": 0.6711175160757314,
      "op_margin": null,
      "fcf_margin": -0.03351530816594353,
      "rev_growth_yoy": -0.1090241481591977,
      "rev_growth_yoy_accel": -0.009337220606017452,
      "fcf_margin_change": 0.048422242910220764
    },
    {
      "date": "2023-09-30T00:00:00",
      "quarter_label": "2023-09 (Q3)",
      "revenue": 783751000,
      "gross_profit": 535726000,
      "operating_income": null,
      "net_income": -12519000,
      "opex": 228081000,
      "cogs": 248025000,
      "rd": 10362000,
      "sga": 209416000,
      "fcf": 30268000,
      "ocf": 25848000,
      "capex": 4420000,
      "gross_margin": 0.6835410736318039,
      "op_margin": null,
      "fcf_margin": 0.0386194084600849,
      "rev_growth_yoy": -0.056760386754826614,
      "rev_growth_yoy_accel": 0.052263761404371084,
      "fcf_margin_change": 0.07213471662602844
    },
    {
      "date": "2023-12-31T00:00:00",
      "quarter_label": "2023-12 (Q4)",
      "revenue": 526416000,
      "gross_profit": 267833000,
      "operating_income": null,
      "net_income": -223836000,
      "opex": 330385000,
      "cogs": 258583000,
      "rd": 10276000,
      "sga": 223175000,
      "fcf": 66118000,
      "ocf": 94001000,
      "capex": -27883000,
      "gross_margin": 0.5087858271785052,
      "op_margin": null,
      "fcf_margin": 0.12560028570560167,
      "rev_growth_yoy": -0.4206875604578454,
      "rev_growth_yoy_accel": -0.36392717370301875,
      "fcf_margin_change": 0.08698087724551676
    },
    {
      "date": "2024-03-31T00:00:00",
      "quarter_label": "2024-03 (Q1)",
      "revenue": 830509000,
      "gross_profit": 581987000,
      "operating_income": null,
      "net_income": -2885000,
      "opex": 225143000,
      "cogs": 248522000,
      "rd": 9481000,
      "sga": 216197000,
      "fcf": -26927000,
      "ocf": -12609000,
      "capex": -14318000,
      "gross_margin": 0.7007594138052688,
      "op_margin": null,
      "fcf_margin": -0.03242228561039073,
      "rev_growth_yoy": -0.0048278209021039185,
      "rev_growth_yoy_accel": 0.41585973955574146,
      "op_leverage_ratio": Infinity,
      "fcf_margin_change": -0.1580225713159924
    },
    {
      "date": "2024-06-30T00:00:00",
      "quarter_label": "2024-06 (Q2)",
      "revenue": 793170000,
      "gross_profit": 553904000,
      "operating_income": null,
      "net_income": -24867000,
      "opex": 258333000,
      "cogs": 239266000,
      "rd": 9108000,
      "sga": 220008000,
      "fcf": 76089000,
      "ocf": 92554000,
      "capex": -16465000,
      "gross_margin": 0.6983420956415396,
      "op_margin": null,
      "fcf_margin": 0.09593025454820531,
      "rev_growth_yoy": 0.021493120887697188,
      "rev_growth_yoy_accel": 0.026320941789801107,
      "fcf_margin_change": 0.12835254015859604
    },
    {
      "date": "2024-09-30T00:00:00",
      "quarter_label": "2024-09 (Q3)",
      "revenue": 499463000,
      "gross_profit": 261473000,
      "operating_income": null,
      "net_income": -138472000,
      "opex": 305353000,
      "cogs": 237990000,
      "rd": 7580000,
      "sga": 189989000,
      "fcf": -4692000,
      "ocf": 14746000,
      "capex": -19438000,
      "gross_margin": 0.5235082478581997,
      "op_margin": null,
      "fcf_margin": -0.009394089251856494,
      "rev_growth_yoy": -0.3627274478756646,
      "rev_growth_yoy_accel": -0.38422056876336175,
      "fcf_margin_change": -0.1053243438000618
    },
    {
      "date": "2024-12-31T00:00:00",
      "quarter_label": "2024-12 (Q4)",
      "revenue": 516121000,
      "gross_profit": 277601000,
      "operating_income": null,
      "net_income": -37373000,
      "opex": 325798000,
      "cogs": 238520000,
      "rd": 9492000,
      "sga": 148269000,
      "fcf": 112297000,
      "ocf": 134479000,
      "capex": -22182000,
      "gross_margin": 0.5378603079510424,
      "op_margin": null,
      "fcf_margin": 0.2175788235704418,
      "rev_growth_yoy": -0.019556776389775387,
      "rev_growth_yoy_accel": 0.3431706714858892,
      "op_leverage_ratio": 0.49812072624301257,
      "fcf_margin_change": 0.2269729128222983
    },
    {
      "date": "2025-03-31T00:00:00",
      "quarter_label": "2025-03 (Q1)",
      "revenue": 493420000,
      "gross_profit": null,
      "operating_income": null,
      "net_income": 35422000,
      "opex": 446688000,
      "cogs": null,
      "rd": 4763000,
      "sga": 165915000,
      "fcf": -33566000,
      "ocf": -16679000,
      "capex": -16887000,
      "gross_margin": null,
      "op_margin": null,
      "fcf_margin": -0.06802723845810871,
      "rev_growth_yoy": -0.40588241668663433,
      "rev_growth_yoy_accel": -0.38632564029685895,
      "fcf_margin_change": -0.28560606202855054
    },
    {
      "date": "2025-06-30T00:00:00",
      "quarter_label": "2025-06 (Q2)",
      "revenue": 461909000,
      "gross_profit": null,
      "operating_income": null,
      "net_income": 29975000,
      "opex": 422638000,
      "cogs": null,
      "rd": 3601000,
      "sga": 170542000,
      "fcf": 98045000,
      "ocf": 111388000,
      "capex": -13343000,
      "gross_margin": null,
      "op_margin": null,
      "fcf_margin": 0.2122604235899279,
      "rev_growth_yoy": -0.4176418674432972,
      "rev_growth_yoy_accel": -0.011759450756662848,
      "fcf_margin_change": 0.28028766204803657
    },
    {
      "date": "2025-09-30T00:00:00",
      "quarter_label": "2025-09 (Q3)",
      "revenue": 459675000,
      "gross_profit": null,
      "operating_income": null,
      "net_income": 51963000,
      "opex": 391531000,
      "cogs": null,
      "rd": 3409000,
      "sga": 144154000,
      "fcf": 51051000,
      "ocf": 66848000,
      "capex": -15797000,
      "gross_margin": null,
      "op_margin": null,
      "fcf_margin": 0.11105890031000164,
      "rev_growth_yoy": -0.07966155651169356,
      "rev_growth_yoy_accel": 0.33798031093160363,
      "fcf_margin_change": -0.10120152327992625
    }
  ],
  "signals": [
    {
      "quarter": "2025-09 (Q3)",
      "signal": "YoY REVENUE GROWTH ACCELERATION",
      "detail": "YoY growth: -8.0% vs prior quarter YoY: -41.8% (accel: +33.8%)",
      "severity": "HIGH"
    },
    {
      "quarter": "2025-06 (Q2)",
      "signal": "FCF TURNED POSITIVE",
      "detail": "FCF margin: -6.8% -> +21.2%",
      "severity": "HIGH"
    },
    {
      "quarter": "2025-03 (Q1)",
      "signal": "YoY REVENUE GROWTH DECELERATION",
      "detail": "YoY growth: -40.6% vs prior quarter YoY: -2.0% (decel: -38.6%)",
      "severity": "WARNING"
    },
    {
      "quarter": "2024-12 (Q4)",
      "signal": "FCF TURNED POSITIVE",
      "detail": "FCF margin: -0.9% -> +21.8%",
      "severity": "HIGH"
    },
    {
      "quarter": "2024-12 (Q4)",
      "signal": "YoY REVENUE GROWTH ACCELERATION",
      "detail": "YoY growth: -2.0% vs prior quarter YoY: -36.3% (accel: +34.3%)",
      "severity": "HIGH"
    },
    {
      "quarter": "2024-09 (Q3)",
      "signal": "YoY REVENUE GROWTH DECELERATION",
      "detail": "YoY growth: -36.3% vs prior quarter YoY: +2.1% (decel: -38.4%)",
      "severity": "WARNING"
    },
    {
      "quarter": "2024-06 (Q2)",
      "signal": "FCF TURNED POSITIVE",
      "detail": "FCF margin: -3.2% -> +9.6%",
      "severity": "HIGH"
    },
    {
      "quarter": "2024-03 (Q1)",
      "signal": "GROSS MARGIN INFLECTION",
      "detail": "GM: +68.4% -> +50.9% -> +70.1% (reversal +19.2%)",
      "severity": "HIGH"
    },
    {
      "quarter": "2024-03 (Q1)",
      "signal": "YoY REVENUE GROWTH ACCELERATION",
      "detail": "YoY growth: -0.5% vs prior quarter YoY: -42.1% (accel: +41.6%)",
      "severity": "HIGH"
    },
    {
      "quarter": "2023-12 (Q4)",
      "signal": "FCF MARGIN EXPANSION",
      "detail": "FCF margin: +3.9% -> +12.6% (+8.7%)",
      "severity": "MEDIUM"
    },
    {
      "quarter": "2023-12 (Q4)",
      "signal": "YoY REVENUE GROWTH DECELERATION",
      "detail": "YoY growth: -42.1% vs prior quarter YoY: -5.7% (decel: -36.4%)",
      "severity": "WARNING"
    },
    {
      "quarter": "2023-09 (Q3)",
      "signal": "FCF TURNED POSITIVE",
      "detail": "FCF margin: -3.4% -> +3.9%",
      "severity": "HIGH"
    },
    {
      "quarter": "2023-09 (Q3)",
      "signal": "YoY REVENUE GROWTH ACCELERATION",
      "detail": "YoY growth: -5.7% vs prior quarter YoY: -10.9% (accel: +5.2%)",
      "severity": "MEDIUM"
    },
    {
      "quarter": "2022-12 (Q4)",
      "signal": "FCF TURNED POSITIVE",
      "detail": "FCF margin: -8.4% -> +19.9%",
      "severity": "HIGH"
    },
    {
      "quarter": "2022-06 (Q2)",
      "signal": "FCF TURNED POSITIVE",
      "detail": "FCF margin: -2.4% -> +0.4%",
      "severity": "HIGH"
    },
    {
      "quarter": "2022-03 (Q1)",
      "signal": "YoY REVENUE GROWTH ACCELERATION",
      "detail": "YoY growth: +1.3% vs prior quarter YoY: -4.3% (accel: +5.6%)",
      "severity": "MEDIUM"
    },
    {
      "quarter": "2021-12 (Q4)",
      "signal": "OPERATING LEVERAGE",
      "detail": "Rev growth +12.4% vs OpEx growth +1.2% (leverage: 10.0x)",
      "severity": "MEDIUM"
    }
  ],
  "data_quality": {
    "n_quarters": 20,
    "coverage": {
      "revenue": [
        20,
        20
      ],
      "gross_profit": [
        13,
        20
      ],
      "op_income": [
        0,
        20
      ],
      "fcf": [
        20,
        20
      ]
    },
    "gaps": [],
    "warnings": [
      "gross_profit: 13/20Q",
      "op_income: no data"
    ]
  },
  "market_cap": null,
  "source": "SEC EDGAR",
  "last_updated": "2026-02-02T21:42:06.063355"
}