{
  "ticker": "PCAR",
  "name": "PACCAR Inc",
  "quarters": [
    {
      "date": "2020-12-31T00:00:00",
      "quarter_label": "2020-12 (Q4)",
      "revenue": 5568600000,
      "gross_profit": null,
      "operating_income": null,
      "net_income": 405800000,
      "opex": null,
      "cogs": null,
      "rd": null,
      "sga": null,
      "fcf": 670500000,
      "ocf": 794700000,
      "capex": -124200000,
      "gross_margin": null,
      "op_margin": null,
      "fcf_margin": 0.12040728369787738
    },
    {
      "date": "2021-03-31T00:00:00",
      "quarter_label": "2021-03 (Q1)",
      "revenue": 5845500000,
      "gross_profit": 1155800000,
      "operating_income": null,
      "net_income": 470100000,
      "opex": null,
      "cogs": 4689700000,
      "rd": null,
      "sga": null,
      "fcf": 422300000,
      "ocf": 536900000,
      "capex": -114600000,
      "gross_margin": 0.19772474553075015,
      "op_margin": null,
      "fcf_margin": 0.07224360619279788,
      "fcf_margin_change": -0.04816367750507951
    },
    {
      "date": "2021-06-30T00:00:00",
      "quarter_label": "2021-06 (Q2)",
      "revenue": 5843900000,
      "gross_profit": 1184500000,
      "operating_income": null,
      "net_income": 492900000,
      "opex": null,
      "cogs": 4659400000,
      "rd": null,
      "sga": null,
      "fcf": 203000000,
      "ocf": 330800000,
      "capex": -127800000,
      "gross_margin": 0.20268998442820718,
      "op_margin": null,
      "fcf_margin": 0.03473707626756105,
      "fcf_margin_change": -0.03750652992523683
    },
    {
      "date": "2021-09-30T00:00:00",
      "quarter_label": "2021-09 (Q3)",
      "revenue": 5146800000,
      "gross_profit": 970600000,
      "operating_income": null,
      "net_income": 377700000,
      "opex": null,
      "cogs": 4176200000,
      "rd": null,
      "sga": null,
      "fcf": 143600000,
      "ocf": 282500000,
      "capex": -138900000,
      "gross_margin": 0.18858319732649415,
      "op_margin": null,
      "fcf_margin": 0.027900831584673973,
      "fcf_margin_change": -0.006836244682887075
    },
    {
      "date": "2021-12-31T00:00:00",
      "quarter_label": "2021-12 (Q4)",
      "revenue": 6686100000,
      "gross_profit": null,
      "operating_income": null,
      "net_income": 511400000,
      "opex": null,
      "cogs": null,
      "rd": null,
      "sga": null,
      "fcf": 858700000,
      "ocf": 1036500000,
      "capex": -177800000,
      "gross_margin": null,
      "op_margin": null,
      "fcf_margin": 0.1284306247289152,
      "rev_growth_yoy": 0.20067880616312897,
      "fcf_margin_change": 0.10052979314424122
    },
    {
      "date": "2022-03-31T00:00:00",
      "quarter_label": "2022-03 (Q1)",
      "revenue": 6472600000,
      "gross_profit": null,
      "operating_income": null,
      "net_income": 600500000,
      "opex": null,
      "cogs": null,
      "rd": null,
      "sga": null,
      "fcf": 320900000,
      "ocf": 459300000,
      "capex": -138400000,
      "gross_margin": null,
      "op_margin": null,
      "fcf_margin": 0.04957822204369187,
      "rev_growth_yoy": 0.10727910358395347,
      "rev_growth_yoy_accel": -0.0933997025791755,
      "fcf_margin_change": -0.07885240268522334
    },
    {
      "date": "2022-06-30T00:00:00",
      "quarter_label": "2022-06 (Q2)",
      "revenue": 7158700000,
      "gross_profit": null,
      "operating_income": null,
      "net_income": 720400000,
      "opex": null,
      "cogs": null,
      "rd": null,
      "sga": null,
      "fcf": 509700000,
      "ocf": 638200000,
      "capex": -128500000,
      "gross_margin": null,
      "op_margin": null,
      "fcf_margin": 0.07120007822649364,
      "rev_growth_yoy": 0.2249867383083215,
      "rev_growth_yoy_accel": 0.11770763472436803,
      "fcf_margin_change": 0.021621856182801776
    },
    {
      "date": "2022-09-30T00:00:00",
      "quarter_label": "2022-09 (Q3)",
      "revenue": 7058900000,
      "gross_profit": null,
      "operating_income": null,
      "net_income": 769400000,
      "opex": null,
      "cogs": null,
      "rd": null,
      "sga": null,
      "fcf": 553900000,
      "ocf": 680700000,
      "capex": -126800000,
      "gross_margin": null,
      "op_margin": null,
      "fcf_margin": 0.0784683165932369,
      "rev_growth_yoy": 0.37151239605191577,
      "rev_growth_yoy_accel": 0.14652565774359427,
      "fcf_margin_change": 0.007268238366743257
    },
    {
      "date": "2022-12-31T00:00:00",
      "quarter_label": "2022-12 (Q4)",
      "revenue": 8129500000,
      "gross_profit": null,
      "operating_income": null,
      "net_income": 921300000,
      "opex": null,
      "cogs": null,
      "rd": null,
      "sga": null,
      "fcf": 1117500000,
      "ocf": 1248800000,
      "capex": -131300000,
      "gross_margin": null,
      "op_margin": null,
      "fcf_margin": 0.1374623285564918,
      "rev_growth_yoy": 0.2158807077369468,
      "rev_growth_yoy_accel": -0.15563168831496899,
      "fcf_margin_change": 0.05899401196325489
    },
    {
      "date": "2023-03-31T00:00:00",
      "quarter_label": "2023-03 (Q1)",
      "revenue": 8473300000,
      "gross_profit": null,
      "operating_income": null,
      "net_income": 733900000,
      "opex": null,
      "cogs": null,
      "rd": null,
      "sga": null,
      "fcf": 546100000,
      "ocf": 684800000,
      "capex": -138700000,
      "gross_margin": null,
      "op_margin": null,
      "fcf_margin": 0.064449506095618,
      "rev_growth_yoy": 0.3091029879801007,
      "rev_growth_yoy_accel": 0.09322228024315393,
      "fcf_margin_change": -0.07301282246087379
    },
    {
      "date": "2023-06-30T00:00:00",
      "quarter_label": "2023-06 (Q2)",
      "revenue": 8881100000,
      "gross_profit": null,
      "operating_income": null,
      "net_income": 1221100000,
      "opex": null,
      "cogs": null,
      "rd": null,
      "sga": null,
      "fcf": 807100000,
      "ocf": 975500000,
      "capex": -168400000,
      "gross_margin": null,
      "op_margin": null,
      "fcf_margin": 0.09087838218238732,
      "rev_growth_yoy": 0.24060234400100577,
      "rev_growth_yoy_accel": -0.06850064397909494,
      "fcf_margin_change": 0.026428876086769318
    },
    {
      "date": "2023-09-30T00:00:00",
      "quarter_label": "2023-09 (Q3)",
      "revenue": 8696400000,
      "gross_profit": null,
      "operating_income": null,
      "net_income": 1228500000,
      "opex": null,
      "cogs": null,
      "rd": null,
      "sga": null,
      "fcf": 1152900000,
      "ocf": 1343000000,
      "capex": -190100000,
      "gross_margin": null,
      "op_margin": null,
      "fcf_margin": 0.13257209879950324,
      "rev_growth_yoy": 0.23197665358625283,
      "rev_growth_yoy_accel": -0.008625690414752946,
      "fcf_margin_change": 0.04169371661711592
    },
    {
      "date": "2023-12-31T00:00:00",
      "quarter_label": "2023-12 (Q4)",
      "revenue": 9076600000,
      "gross_profit": null,
      "operating_income": null,
      "net_income": 1417300000,
      "opex": null,
      "cogs": null,
      "rd": null,
      "sga": null,
      "fcf": 988900000,
      "ocf": 1186700000,
      "capex": -197800000,
      "gross_margin": null,
      "op_margin": null,
      "fcf_margin": 0.10895048806821937,
      "rev_growth_yoy": 0.11650162986653546,
      "rev_growth_yoy_accel": -0.11547502371971737,
      "fcf_margin_change": -0.023621610731283868
    },
    {
      "date": "2024-03-31T00:00:00",
      "quarter_label": "2024-03 (Q1)",
      "revenue": 8744300000,
      "gross_profit": 2070500000,
      "operating_income": null,
      "net_income": 1195300000,
      "opex": null,
      "cogs": 6673800000,
      "rd": 105500000,
      "sga": 186600000,
      "fcf": 1277700000,
      "ocf": 1469000000,
      "capex": -191300000,
      "gross_margin": 0.2367828185217799,
      "op_margin": null,
      "fcf_margin": 0.14611804261061492,
      "rev_growth_yoy": 0.031982816612181796,
      "rev_growth_yoy_accel": -0.08451881325435368,
      "fcf_margin_change": 0.03716755454239555
    },
    {
      "date": "2024-06-30T00:00:00",
      "quarter_label": "2024-06 (Q2)",
      "revenue": 8772100000,
      "gross_profit": 1999800000,
      "operating_income": null,
      "net_income": 1122600000,
      "opex": null,
      "cogs": 6772300000,
      "rd": 117100000,
      "sga": 183500000,
      "fcf": 219700000,
      "ocf": 440000000,
      "capex": -220300000,
      "gross_margin": 0.22797277732811982,
      "op_margin": null,
      "fcf_margin": 0.025045314120906055,
      "rev_growth_yoy": -0.01227325443920235,
      "rev_growth_yoy_accel": -0.04425607105138415,
      "fcf_margin_change": -0.12107272848970888
    },
    {
      "date": "2024-09-30T00:00:00",
      "quarter_label": "2024-09 (Q3)",
      "revenue": 8239900000,
      "gross_profit": 1812200000,
      "operating_income": null,
      "net_income": 972100000,
      "opex": null,
      "cogs": 6427700000,
      "rd": 115000000,
      "sga": 186500000,
      "fcf": 1092500000,
      "ocf": 1286200000,
      "capex": -193700000,
      "gross_margin": 0.21992985351763977,
      "op_margin": null,
      "fcf_margin": 0.13258656051651113,
      "rev_growth_yoy": -0.05249298560323812,
      "rev_growth_yoy_accel": -0.040219731164035766,
      "fcf_margin_change": 0.10754124639560508
    },
    {
      "date": "2024-12-31T00:00:00",
      "quarter_label": "2024-12 (Q4)",
      "revenue": 7907500000,
      "gross_profit": 1711700000,
      "operating_income": null,
      "net_income": 872000000,
      "opex": null,
      "cogs": 6195800000,
      "rd": 115300000,
      "sga": 187400000,
      "fcf": 1212300000,
      "ocf": 1445700000,
      "capex": -233400000,
      "gross_margin": 0.21646538096743598,
      "op_margin": null,
      "fcf_margin": 0.15331014859310782,
      "rev_growth_yoy": -0.12880373708216733,
      "rev_growth_yoy_accel": -0.07631075147892921,
      "fcf_margin_change": 0.02072358807659669
    },
    {
      "date": "2025-03-31T00:00:00",
      "quarter_label": "2025-03 (Q1)",
      "revenue": 7441700000,
      "gross_profit": 1550700000,
      "operating_income": null,
      "net_income": 505100000,
      "opex": null,
      "cogs": 5891000000,
      "rd": 115400000,
      "sga": 181600000,
      "fcf": 745200000,
      "ocf": 910300000,
      "capex": -165100000,
      "gross_margin": 0.2083798056895602,
      "op_margin": null,
      "fcf_margin": 0.10013840923444912,
      "rev_growth_yoy": -0.1489656118843132,
      "rev_growth_yoy_accel": -0.020161874802145874,
      "fcf_margin_change": -0.053171739358658696
    },
    {
      "date": "2025-06-30T00:00:00",
      "quarter_label": "2025-06 (Q2)",
      "revenue": 7510500000,
      "gross_profit": 1515100000,
      "operating_income": null,
      "net_income": 723800000,
      "opex": null,
      "cogs": 5995400000,
      "rd": 112900000,
      "sga": 179300000,
      "fcf": 611300000,
      "ocf": 833400000,
      "capex": -222100000,
      "gross_margin": 0.2017309100592504,
      "op_margin": null,
      "fcf_margin": 0.08139271686305838,
      "rev_growth_yoy": -0.14381960989956794,
      "rev_growth_yoy_accel": 0.005146001984745269,
      "fcf_margin_change": -0.018745692371390746
    },
    {
      "date": "2025-09-30T00:00:00",
      "quarter_label": "2025-09 (Q3)",
      "revenue": 6671800000,
      "gross_profit": 1326400000,
      "operating_income": null,
      "net_income": 590000000,
      "opex": null,
      "cogs": 5345400000,
      "rd": 111000000,
      "sga": 180200000,
      "fcf": 1361900000,
      "ocf": 1527800000,
      "capex": -165900000,
      "gross_margin": 0.19880691867262207,
      "op_margin": null,
      "fcf_margin": 0.2041278215773854,
      "rev_growth_yoy": -0.19030570759353876,
      "rev_growth_yoy_accel": -0.04648609769397083,
      "fcf_margin_change": 0.12273510471432703
    }
  ],
  "signals": [
    {
      "quarter": "2025-09 (Q3)",
      "signal": "FCF MARGIN EXPANSION",
      "detail": "FCF margin: +8.1% -> +20.4% (+12.3%)",
      "severity": "MEDIUM"
    },
    {
      "quarter": "2024-12 (Q4)",
      "signal": "YoY REVENUE GROWTH DECELERATION",
      "detail": "YoY growth: -12.9% vs prior quarter YoY: -5.2% (decel: -7.6%)",
      "severity": "WARNING"
    },
    {
      "quarter": "2024-09 (Q3)",
      "signal": "FCF MARGIN EXPANSION",
      "detail": "FCF margin: +2.5% -> +13.3% (+10.8%)",
      "severity": "MEDIUM"
    },
    {
      "quarter": "2024-03 (Q1)",
      "signal": "YoY REVENUE GROWTH DECELERATION",
      "detail": "YoY growth: +3.2% vs prior quarter YoY: +11.7% (decel: -8.5%)",
      "severity": "WARNING"
    },
    {
      "quarter": "2023-12 (Q4)",
      "signal": "YoY REVENUE GROWTH DECELERATION",
      "detail": "YoY growth: +11.7% vs prior quarter YoY: +23.2% (decel: -11.5%)",
      "severity": "WARNING"
    },
    {
      "quarter": "2023-06 (Q2)",
      "signal": "YoY REVENUE GROWTH DECELERATION",
      "detail": "YoY growth: +24.1% vs prior quarter YoY: +30.9% (decel: -6.9%)",
      "severity": "WARNING"
    },
    {
      "quarter": "2023-03 (Q1)",
      "signal": "YoY REVENUE GROWTH ACCELERATION",
      "detail": "YoY growth: +30.9% vs prior quarter YoY: +21.6% (accel: +9.3%)",
      "severity": "MEDIUM"
    },
    {
      "quarter": "2022-12 (Q4)",
      "signal": "FCF MARGIN EXPANSION",
      "detail": "FCF margin: +7.8% -> +13.7% (+5.9%)",
      "severity": "MEDIUM"
    },
    {
      "quarter": "2022-12 (Q4)",
      "signal": "YoY REVENUE GROWTH DECELERATION",
      "detail": "YoY growth: +21.6% vs prior quarter YoY: +37.2% (decel: -15.6%)",
      "severity": "WARNING"
    },
    {
      "quarter": "2022-09 (Q3)",
      "signal": "YoY REVENUE GROWTH ACCELERATION",
      "detail": "YoY growth: +37.2% vs prior quarter YoY: +22.5% (accel: +14.7%)",
      "severity": "MEDIUM"
    },
    {
      "quarter": "2022-06 (Q2)",
      "signal": "YoY REVENUE GROWTH ACCELERATION",
      "detail": "YoY growth: +22.5% vs prior quarter YoY: +10.7% (accel: +11.8%)",
      "severity": "MEDIUM"
    },
    {
      "quarter": "2022-03 (Q1)",
      "signal": "YoY REVENUE GROWTH DECELERATION",
      "detail": "YoY growth: +10.7% vs prior quarter YoY: +20.1% (decel: -9.3%)",
      "severity": "WARNING"
    },
    {
      "quarter": "2021-12 (Q4)",
      "signal": "FCF MARGIN EXPANSION",
      "detail": "FCF margin: +2.8% -> +12.8% (+10.1%)",
      "severity": "MEDIUM"
    }
  ],
  "data_quality": {
    "n_quarters": 20,
    "coverage": {
      "revenue": [
        20,
        20
      ],
      "gross_profit": [
        10,
        20
      ],
      "op_income": [
        0,
        20
      ],
      "fcf": [
        20,
        20
      ]
    },
    "gaps": [],
    "warnings": [
      "gross_profit: 10/20Q",
      "op_income: no data"
    ]
  },
  "market_cap": null,
  "source": "SEC EDGAR",
  "last_updated": "2026-02-02T19:56:26.490919"
}