{
  "ticker": "PCG",
  "name": "PG&E CORP",
  "sector": "Utilities",
  "industry": "Utilities - Regulated Electric",
  "quarters": [
    {
      "date": "2021-03-31T00:00:00",
      "quarter_label": "2021-03 (Q1)",
      "revenue": 4716000000,
      "gross_profit": null,
      "operating_income": 304000000,
      "net_income": 123000000,
      "opex": null,
      "cogs": null,
      "rd": null,
      "sga": null,
      "fcf": -580000000,
      "ocf": 1198000000,
      "capex": -1778000000,
      "gross_margin": null,
      "op_margin": 0.06446140797285835,
      "fcf_margin": -0.12298558100084818
    },
    {
      "date": "2021-06-30T00:00:00",
      "quarter_label": "2021-06 (Q2)",
      "revenue": 5215000000,
      "gross_profit": null,
      "operating_income": 634000000,
      "net_income": 401000000,
      "opex": null,
      "cogs": null,
      "rd": null,
      "sga": null,
      "fcf": -1810000000,
      "ocf": 32000000,
      "capex": -1842000000,
      "gross_margin": null,
      "op_margin": 0.12157238734419942,
      "fcf_margin": -0.34707574304889743,
      "fcf_margin_change": -0.22409016204804927
    },
    {
      "date": "2021-09-30T00:00:00",
      "quarter_label": "2021-09 (Q3)",
      "revenue": 5465000000,
      "gross_profit": null,
      "operating_income": 304000000,
      "net_income": -1088000000,
      "opex": null,
      "cogs": null,
      "rd": null,
      "sga": null,
      "fcf": -1025000000,
      "ocf": 823000000,
      "capex": -1848000000,
      "gross_margin": null,
      "op_margin": 0.05562671546203111,
      "fcf_margin": -0.18755718206770358,
      "fcf_margin_change": 0.15951856098119385
    },
    {
      "date": "2021-12-31T00:00:00",
      "quarter_label": "2021-12 (Q4)",
      "revenue": 5246000000,
      "gross_profit": null,
      "operating_income": 641000000,
      "net_income": null,
      "opex": null,
      "cogs": null,
      "rd": null,
      "sga": null,
      "fcf": -2012000000,
      "ocf": 209000000,
      "capex": -2221000000,
      "gross_margin": null,
      "op_margin": 0.12218833396873809,
      "fcf_margin": -0.38353030880670985,
      "fcf_margin_change": -0.19597312673900627
    },
    {
      "date": "2022-03-31T00:00:00",
      "quarter_label": "2022-03 (Q1)",
      "revenue": 5798000000,
      "gross_profit": null,
      "operating_income": 536000000,
      "net_income": null,
      "opex": null,
      "cogs": null,
      "rd": null,
      "sga": null,
      "fcf": -649000000,
      "ocf": 1661000000,
      "capex": -2310000000,
      "gross_margin": null,
      "op_margin": 0.09244567092100725,
      "fcf_margin": -0.11193515005174198,
      "incr_op_margin_yoy": 0.2144177449168207,
      "rev_growth_yoy": 0.229431721798134,
      "fcf_margin_change": 0.27159515875496787
    },
    {
      "date": "2022-06-30T00:00:00",
      "quarter_label": "2022-06 (Q2)",
      "revenue": 5118000000,
      "gross_profit": null,
      "operating_income": 445000000,
      "net_income": null,
      "opex": null,
      "cogs": null,
      "rd": null,
      "sga": null,
      "fcf": -2251000000,
      "ocf": -22000000,
      "capex": -2229000000,
      "gross_margin": null,
      "op_margin": 0.08694802657288003,
      "fcf_margin": -0.43982024228214145,
      "incr_op_margin_yoy": 1.9484536082474226,
      "rev_growth_yoy": -0.01860019175455417,
      "rev_growth_yoy_accel": -0.24803191355268817,
      "fcf_margin_change": -0.32788509223039947
    },
    {
      "date": "2022-09-30T00:00:00",
      "quarter_label": "2022-09 (Q3)",
      "revenue": 5394000000,
      "gross_profit": null,
      "operating_income": 726000000,
      "net_income": null,
      "opex": null,
      "cogs": null,
      "rd": null,
      "sga": null,
      "fcf": -1799000000,
      "ocf": 1073000000,
      "capex": -2872000000,
      "gross_margin": null,
      "op_margin": 0.13459399332591768,
      "fcf_margin": -0.3335187245087134,
      "incr_op_margin_yoy": -5.943661971830986,
      "rev_growth_yoy": -0.012991765782250687,
      "rev_growth_yoy_accel": 0.0056084259723034845,
      "fcf_margin_change": 0.10630151777342806
    },
    {
      "date": "2022-12-31T00:00:00",
      "quarter_label": "2022-12 (Q4)",
      "revenue": 5370000000,
      "gross_profit": null,
      "operating_income": 130000000,
      "net_income": null,
      "opex": null,
      "cogs": null,
      "rd": null,
      "sga": null,
      "fcf": -1164000000,
      "ocf": 1009000000,
      "capex": -2173000000,
      "gross_margin": null,
      "op_margin": 0.024208566108007448,
      "fcf_margin": -0.21675977653631284,
      "incr_op_margin_yoy": -4.120967741935484,
      "rev_growth_yoy": 0.0236370568051849,
      "rev_growth_yoy_accel": 0.03662882258743559,
      "fcf_margin_change": 0.11675894797240055
    },
    {
      "date": "2023-03-31T00:00:00",
      "quarter_label": "2023-03 (Q1)",
      "revenue": 6209000000,
      "gross_profit": null,
      "operating_income": 629000000,
      "net_income": null,
      "opex": null,
      "cogs": null,
      "rd": null,
      "sga": null,
      "fcf": -1103000000,
      "ocf": 1185000000,
      "capex": -2288000000,
      "gross_margin": null,
      "op_margin": 0.10130455789982284,
      "fcf_margin": -0.1776453535190852,
      "incr_op_margin_yoy": 0.22627737226277372,
      "rev_growth_yoy": 0.07088651259054847,
      "rev_growth_yoy_accel": 0.04724945578536357,
      "fcf_margin_change": 0.039114423017227645
    },
    {
      "date": "2023-06-30T00:00:00",
      "quarter_label": "2023-06 (Q2)",
      "revenue": 5290000000,
      "gross_profit": null,
      "operating_income": 506000000,
      "net_income": null,
      "opex": null,
      "cogs": null,
      "rd": null,
      "sga": null,
      "fcf": -1117000000,
      "ocf": 1275000000,
      "capex": -2392000000,
      "gross_margin": null,
      "op_margin": 0.09565217391304348,
      "fcf_margin": -0.2111531190926276,
      "incr_op_margin_yoy": 0.3546511627906977,
      "rev_growth_yoy": 0.03360687768659633,
      "rev_growth_yoy_accel": -0.03727963490395214,
      "fcf_margin_change": -0.0335077655735424
    },
    {
      "date": "2023-09-30T00:00:00",
      "quarter_label": "2023-09 (Q3)",
      "revenue": 5888000000,
      "gross_profit": null,
      "operating_income": 401000000,
      "net_income": null,
      "opex": null,
      "cogs": null,
      "rd": null,
      "sga": null,
      "fcf": -611000000,
      "ocf": 1810000000,
      "capex": -2421000000,
      "gross_margin": null,
      "op_margin": 0.06810461956521739,
      "fcf_margin": -0.10377038043478261,
      "incr_op_margin_yoy": -0.6578947368421053,
      "rev_growth_yoy": 0.09158324063774564,
      "rev_growth_yoy_accel": 0.057976362951149316,
      "fcf_margin_change": 0.10738273865784499
    },
    {
      "date": "2023-12-31T00:00:00",
      "quarter_label": "2023-12 (Q4)",
      "revenue": 7041000000,
      "gross_profit": null,
      "operating_income": 1135000000,
      "net_income": null,
      "opex": null,
      "cogs": null,
      "rd": null,
      "sga": null,
      "fcf": -2136000000,
      "ocf": 477000000,
      "capex": -2613000000,
      "gross_margin": null,
      "op_margin": 0.1611986933674194,
      "fcf_margin": -0.30336599914784834,
      "incr_op_margin_yoy": 0.6014362657091562,
      "rev_growth_yoy": 0.3111731843575419,
      "rev_growth_yoy_accel": 0.21958994371979623,
      "fcf_margin_change": -0.19959561871306575
    },
    {
      "date": "2024-03-31T00:00:00",
      "quarter_label": "2024-03 (Q1)",
      "revenue": 5861000000,
      "gross_profit": null,
      "operating_income": 1276000000,
      "net_income": null,
      "opex": null,
      "cogs": null,
      "rd": null,
      "sga": null,
      "fcf": -377000000,
      "ocf": 2261000000,
      "capex": -2638000000,
      "gross_margin": null,
      "op_margin": 0.2177102883466985,
      "fcf_margin": -0.06432349428425184,
      "incr_op_margin_yoy": -1.8591954022988506,
      "rev_growth_yoy": -0.05604767273312933,
      "rev_growth_yoy_accel": -0.3672208570906712,
      "fcf_margin_change": 0.23904250486359652
    },
    {
      "date": "2024-06-30T00:00:00",
      "quarter_label": "2024-06 (Q2)",
      "revenue": 5986000000,
      "gross_profit": null,
      "operating_income": 1134000000,
      "net_income": null,
      "opex": null,
      "cogs": null,
      "rd": null,
      "sga": null,
      "fcf": -1587000000,
      "ocf": 711000000,
      "capex": -2298000000,
      "gross_margin": null,
      "op_margin": 0.18944203140661545,
      "fcf_margin": -0.2651186100902105,
      "incr_op_margin_yoy": 0.9022988505747126,
      "rev_growth_yoy": 0.13156899810964084,
      "rev_growth_yoy_accel": 0.18761667084277017,
      "fcf_margin_change": -0.20079511580595866
    },
    {
      "date": "2024-09-30T00:00:00",
      "quarter_label": "2024-09 (Q3)",
      "revenue": 5941000000,
      "gross_profit": null,
      "operating_income": 1029000000,
      "net_income": null,
      "opex": null,
      "cogs": null,
      "rd": null,
      "sga": null,
      "fcf": 526000000,
      "ocf": 3131000000,
      "capex": -2605000000,
      "gross_margin": null,
      "op_margin": 0.17320316445042921,
      "fcf_margin": 0.08853728328564214,
      "incr_op_margin_yoy": 11.849056603773585,
      "rev_growth_yoy": 0.009001358695652174,
      "rev_growth_yoy_accel": -0.12256763941398867,
      "fcf_margin_change": 0.3536558933758526
    },
    {
      "date": "2024-12-31T00:00:00",
      "quarter_label": "2024-12 (Q4)",
      "revenue": 6631000000,
      "gross_profit": null,
      "operating_income": 1020000000,
      "net_income": null,
      "opex": null,
      "cogs": null,
      "rd": null,
      "sga": null,
      "fcf": -896000000,
      "ocf": 1932000000,
      "capex": -2828000000,
      "gross_margin": null,
      "op_margin": 0.15382295279746644,
      "fcf_margin": -0.1351229075554215,
      "incr_op_margin_yoy": 0.2804878048780488,
      "rev_growth_yoy": -0.058230365004970884,
      "rev_growth_yoy_accel": -0.06723172370062305,
      "fcf_margin_change": -0.22366019084106364
    },
    {
      "date": "2025-03-31T00:00:00",
      "quarter_label": "2025-03 (Q1)",
      "revenue": 5983000000,
      "gross_profit": null,
      "operating_income": 1220000000,
      "net_income": null,
      "opex": null,
      "cogs": null,
      "rd": null,
      "sga": null,
      "fcf": 213000000,
      "ocf": 2848000000,
      "capex": -2635000000,
      "gross_margin": null,
      "op_margin": 0.20391108139729233,
      "fcf_margin": 0.0356008691291994,
      "incr_op_margin_yoy": -0.45901639344262296,
      "rev_growth_yoy": 0.02081556048455895,
      "rev_growth_yoy_accel": 0.07904592548952984,
      "fcf_margin_change": 0.1707237766846209
    },
    {
      "date": "2025-06-30T00:00:00",
      "quarter_label": "2025-06 (Q2)",
      "revenue": 5898000000,
      "gross_profit": null,
      "operating_income": 1096000000,
      "net_income": null,
      "opex": null,
      "cogs": null,
      "rd": null,
      "sga": null,
      "fcf": -2008000000,
      "ocf": 1057000000,
      "capex": -3065000000,
      "gross_margin": null,
      "op_margin": 0.1858257036283486,
      "fcf_margin": -0.3404543913190912,
      "incr_op_margin_yoy": 0.4318181818181818,
      "rev_growth_yoy": -0.014700968927497494,
      "rev_growth_yoy_accel": -0.03551652941205644,
      "fcf_margin_change": -0.37605526044829063
    },
    {
      "date": "2025-09-30T00:00:00",
      "quarter_label": "2025-09 (Q3)",
      "revenue": 6250000000,
      "gross_profit": null,
      "operating_income": 1209000000,
      "net_income": null,
      "opex": null,
      "cogs": null,
      "rd": null,
      "sga": null,
      "fcf": -80000000,
      "ocf": 2851000000,
      "capex": -2931000000,
      "gross_margin": null,
      "op_margin": 0.19344,
      "fcf_margin": -0.0128,
      "incr_op_margin_yoy": 0.5825242718446602,
      "rev_growth_yoy": 0.05201144588453122,
      "rev_growth_yoy_accel": 0.06671241481202872,
      "fcf_margin_change": 0.32765439131909124
    },
    {
      "date": "2025-12-31T00:00:00",
      "quarter_label": "2025-12 (Q4)",
      "revenue": 6804000000,
      "gross_profit": null,
      "operating_income": 1224000000,
      "net_income": null,
      "opex": null,
      "cogs": null,
      "rd": null,
      "sga": null,
      "fcf": -1196000000,
      "ocf": 1960000000,
      "capex": -3156000000,
      "gross_margin": null,
      "op_margin": 0.17989417989417988,
      "fcf_margin": -0.17577895355673134,
      "incr_op_margin_yoy": 1.1791907514450868,
      "rev_growth_yoy": 0.026089579248982055,
      "rev_growth_yoy_accel": -0.025921866635549167,
      "fcf_margin_change": -0.16297895355673134
    }
  ],
  "signals": [
    {
      "quarter": "2025-12 (Q4)",
      "signal": "INCREMENTAL MARGIN (YoY)",
      "detail": "YoY Incr OPM: +117.9% vs year-ago OPM: +15.4%",
      "severity": "HIGH"
    },
    {
      "quarter": "2025-09 (Q3)",
      "signal": "FCF MARGIN EXPANSION",
      "detail": "FCF margin: -34.0% -> -1.3% (+32.8%)",
      "severity": "MEDIUM"
    },
    {
      "quarter": "2025-09 (Q3)",
      "signal": "YoY REVENUE GROWTH ACCELERATION",
      "detail": "YoY growth: +5.2% vs prior quarter YoY: -1.5% (accel: +6.7%)",
      "severity": "MEDIUM"
    },
    {
      "quarter": "2025-09 (Q3)",
      "signal": "INCREMENTAL MARGIN (YoY)",
      "detail": "YoY Incr OPM: +58.3% vs year-ago OPM: +17.3%",
      "severity": "HIGH"
    },
    {
      "quarter": "2025-06 (Q2)",
      "signal": "INCREMENTAL MARGIN (YoY)",
      "detail": "YoY Incr OPM: +43.2% vs year-ago OPM: +18.9%",
      "severity": "HIGH"
    },
    {
      "quarter": "2025-03 (Q1)",
      "signal": "FCF TURNED POSITIVE",
      "detail": "FCF margin: -13.5% -> +3.6%",
      "severity": "HIGH"
    },
    {
      "quarter": "2025-03 (Q1)",
      "signal": "YoY REVENUE GROWTH ACCELERATION",
      "detail": "YoY growth: +2.1% vs prior quarter YoY: -5.8% (accel: +7.9%)",
      "severity": "MEDIUM"
    },
    {
      "quarter": "2024-12 (Q4)",
      "signal": "YoY REVENUE GROWTH DECELERATION",
      "detail": "YoY growth: -5.8% vs prior quarter YoY: +0.9% (decel: -6.7%)",
      "severity": "WARNING"
    },
    {
      "quarter": "2024-12 (Q4)",
      "signal": "INCREMENTAL MARGIN (YoY)",
      "detail": "YoY Incr OPM: +28.0% vs year-ago OPM: +16.1%",
      "severity": "MEDIUM"
    },
    {
      "quarter": "2024-09 (Q3)",
      "signal": "FCF TURNED POSITIVE",
      "detail": "FCF margin: -26.5% -> +8.9%",
      "severity": "HIGH"
    },
    {
      "quarter": "2024-09 (Q3)",
      "signal": "YoY REVENUE GROWTH DECELERATION",
      "detail": "YoY growth: +0.9% vs prior quarter YoY: +13.2% (decel: -12.3%)",
      "severity": "WARNING"
    },
    {
      "quarter": "2024-09 (Q3)",
      "signal": "INCREMENTAL MARGIN (YoY)",
      "detail": "YoY Incr OPM: +1184.9% vs year-ago OPM: +6.8%",
      "severity": "HIGH"
    },
    {
      "quarter": "2024-06 (Q2)",
      "signal": "YoY REVENUE GROWTH ACCELERATION",
      "detail": "YoY growth: +13.2% vs prior quarter YoY: -5.6% (accel: +18.8%)",
      "severity": "HIGH"
    },
    {
      "quarter": "2024-06 (Q2)",
      "signal": "INCREMENTAL MARGIN (YoY)",
      "detail": "YoY Incr OPM: +90.2% vs year-ago OPM: +9.6%",
      "severity": "HIGH"
    },
    {
      "quarter": "2024-03 (Q1)",
      "signal": "FCF MARGIN EXPANSION",
      "detail": "FCF margin: -30.3% -> -6.4% (+23.9%)",
      "severity": "MEDIUM"
    },
    {
      "quarter": "2024-03 (Q1)",
      "signal": "YoY REVENUE GROWTH DECELERATION",
      "detail": "YoY growth: -5.6% vs prior quarter YoY: +31.1% (decel: -36.7%)",
      "severity": "WARNING"
    },
    {
      "quarter": "2023-12 (Q4)",
      "signal": "YoY REVENUE GROWTH ACCELERATION",
      "detail": "YoY growth: +31.1% vs prior quarter YoY: +9.2% (accel: +22.0%)",
      "severity": "HIGH"
    },
    {
      "quarter": "2023-12 (Q4)",
      "signal": "INCREMENTAL MARGIN (YoY)",
      "detail": "YoY Incr OPM: +60.1% vs year-ago OPM: +2.4%",
      "severity": "HIGH"
    },
    {
      "quarter": "2023-09 (Q3)",
      "signal": "FCF MARGIN EXPANSION",
      "detail": "FCF margin: -21.1% -> -10.4% (+10.7%)",
      "severity": "MEDIUM"
    },
    {
      "quarter": "2023-09 (Q3)",
      "signal": "YoY REVENUE GROWTH ACCELERATION",
      "detail": "YoY growth: +9.2% vs prior quarter YoY: +3.4% (accel: +5.8%)",
      "severity": "MEDIUM"
    },
    {
      "quarter": "2023-06 (Q2)",
      "signal": "INCREMENTAL MARGIN (YoY)",
      "detail": "YoY Incr OPM: +35.5% vs year-ago OPM: +8.7%",
      "severity": "HIGH"
    },
    {
      "quarter": "2023-03 (Q1)",
      "signal": "INCREMENTAL MARGIN (YoY)",
      "detail": "YoY Incr OPM: +22.6% vs year-ago OPM: +9.2%",
      "severity": "MEDIUM"
    },
    {
      "quarter": "2022-12 (Q4)",
      "signal": "FCF MARGIN EXPANSION",
      "detail": "FCF margin: -33.4% -> -21.7% (+11.7%)",
      "severity": "MEDIUM"
    },
    {
      "quarter": "2022-09 (Q3)",
      "signal": "FCF MARGIN EXPANSION",
      "detail": "FCF margin: -44.0% -> -33.4% (+10.6%)",
      "severity": "MEDIUM"
    },
    {
      "quarter": "2022-06 (Q2)",
      "signal": "YoY REVENUE GROWTH DECELERATION",
      "detail": "YoY growth: -1.9% vs prior quarter YoY: +22.9% (decel: -24.8%)",
      "severity": "WARNING"
    },
    {
      "quarter": "2022-06 (Q2)",
      "signal": "INCREMENTAL MARGIN (YoY)",
      "detail": "YoY Incr OPM: +194.8% vs year-ago OPM: +12.2%",
      "severity": "HIGH"
    },
    {
      "quarter": "2022-03 (Q1)",
      "signal": "FCF MARGIN EXPANSION",
      "detail": "FCF margin: -38.4% -> -11.2% (+27.2%)",
      "severity": "MEDIUM"
    },
    {
      "quarter": "2022-03 (Q1)",
      "signal": "INCREMENTAL MARGIN (YoY)",
      "detail": "YoY Incr OPM: +21.4% vs year-ago OPM: +6.4%",
      "severity": "MEDIUM"
    },
    {
      "quarter": "2021-09 (Q3)",
      "signal": "FCF MARGIN EXPANSION",
      "detail": "FCF margin: -34.7% -> -18.8% (+16.0%)",
      "severity": "MEDIUM"
    }
  ],
  "data_quality": {
    "n_quarters": 20,
    "coverage": {
      "revenue": [
        20,
        20
      ],
      "gross_profit": [
        0,
        20
      ],
      "op_income": [
        20,
        20
      ],
      "fcf": [
        20,
        20
      ]
    },
    "gaps": [],
    "warnings": [
      "gross_profit: no data"
    ]
  },
  "market_cap": null,
  "source": "SEC EDGAR",
  "last_updated": "2026-02-13T11:37:51.833887"
}