{
  "ticker": "PCOK",
  "name": "PACIFIC OAK STRATEGIC OPPORTUNITY REIT, INC.",
  "quarters": [
    {
      "date": "2020-12-31T00:00:00",
      "quarter_label": "2020-12 (Q4)",
      "revenue": 38156000,
      "gross_profit": null,
      "operating_income": 2204000,
      "net_income": -27211000,
      "opex": 68026000,
      "cogs": null,
      "rd": null,
      "sga": null,
      "fcf": -6583000,
      "ocf": -6583000,
      "capex": null,
      "gross_margin": null,
      "op_margin": 0.057762868225180834,
      "fcf_margin": -0.1725285669357375
    },
    {
      "date": "2021-03-31T00:00:00",
      "quarter_label": "2021-03 (Q1)",
      "revenue": 38944000,
      "gross_profit": null,
      "operating_income": 10527000,
      "net_income": 6512000,
      "opex": 43429000,
      "cogs": null,
      "rd": null,
      "sga": null,
      "fcf": -1311000,
      "ocf": -1311000,
      "capex": null,
      "gross_margin": null,
      "op_margin": 0.27031121610517667,
      "fcf_margin": -0.033663722267871815,
      "op_leverage_ratio": Infinity,
      "fcf_margin_change": 0.1388648446678657
    },
    {
      "date": "2021-06-30T00:00:00",
      "quarter_label": "2021-06 (Q2)",
      "revenue": 44488000,
      "gross_profit": null,
      "operating_income": 36526000,
      "net_income": 21675000,
      "opex": 59256000,
      "cogs": null,
      "rd": null,
      "sga": null,
      "fcf": 9921000,
      "ocf": 9921000,
      "capex": null,
      "gross_margin": null,
      "op_margin": 0.8210303902175867,
      "fcf_margin": 0.22300395612299945,
      "op_leverage_ratio": 0.3906284695255951,
      "fcf_margin_change": 0.25666767839087123
    },
    {
      "date": "2021-09-30T00:00:00",
      "quarter_label": "2021-09 (Q3)",
      "revenue": 45769000,
      "gross_profit": null,
      "operating_income": -3078000,
      "net_income": -24516000,
      "opex": 68237000,
      "cogs": null,
      "rd": null,
      "sga": null,
      "fcf": 2703000,
      "ocf": 2703000,
      "capex": null,
      "gross_margin": null,
      "op_margin": -0.06725075924752562,
      "fcf_margin": 0.05905744062575105,
      "op_leverage_ratio": 0.18998262451044273,
      "fcf_margin_change": -0.1639465154972484
    },
    {
      "date": "2021-12-31T00:00:00",
      "quarter_label": "2021-12 (Q4)",
      "revenue": 38726000,
      "gross_profit": null,
      "operating_income": 4347000,
      "net_income": -14626000,
      "opex": 57824000,
      "cogs": null,
      "rd": null,
      "sga": null,
      "fcf": 4715000,
      "ocf": 4715000,
      "capex": null,
      "gross_margin": null,
      "op_margin": 0.11225016784589165,
      "fcf_margin": 0.12175282755771316,
      "rev_growth_yoy": 0.014938672816857113,
      "fcf_margin_change": 0.06269538693196211
    },
    {
      "date": "2022-03-31T00:00:00",
      "quarter_label": "2022-03 (Q1)",
      "revenue": 38527000,
      "gross_profit": null,
      "operating_income": -2264000,
      "net_income": -4755000,
      "opex": 40992000,
      "cogs": null,
      "rd": null,
      "sga": null,
      "fcf": 315000,
      "ocf": 315000,
      "capex": null,
      "gross_margin": null,
      "op_margin": -0.05876398369974304,
      "fcf_margin": 0.008176084304513718,
      "rev_growth_yoy": -0.010707682826622843,
      "rev_growth_yoy_accel": -0.025646355643479956,
      "fcf_margin_change": -0.11357674325319944
    },
    {
      "date": "2022-06-30T00:00:00",
      "quarter_label": "2022-06 (Q2)",
      "revenue": 43539000,
      "gross_profit": null,
      "operating_income": -22272000,
      "net_income": -9019000,
      "opex": 29636000,
      "cogs": null,
      "rd": null,
      "sga": null,
      "fcf": 12016000,
      "ocf": 12016000,
      "capex": null,
      "gross_margin": null,
      "op_margin": -0.5115413766967546,
      "fcf_margin": 0.2759824525138382,
      "rev_growth_yoy": -0.021331595036863875,
      "rev_growth_yoy_accel": -0.010623912210241032,
      "op_leverage_ratio": Infinity,
      "fcf_margin_change": 0.26780636820932446
    },
    {
      "date": "2022-09-30T00:00:00",
      "quarter_label": "2022-09 (Q3)",
      "revenue": 43605000,
      "gross_profit": null,
      "operating_income": -5370000,
      "net_income": -30492000,
      "opex": 69235000,
      "cogs": null,
      "rd": null,
      "sga": null,
      "fcf": -3671000,
      "ocf": -3671000,
      "capex": null,
      "gross_margin": null,
      "op_margin": -0.12315101479188166,
      "fcf_margin": -0.08418759316592134,
      "incr_op_margin_yoy": 1.0591497227356748,
      "rev_growth_yoy": -0.04728091066005375,
      "rev_growth_yoy_accel": -0.025949315623189875,
      "fcf_margin_change": -0.3601700456797595
    },
    {
      "date": "2022-12-31T00:00:00",
      "quarter_label": "2022-12 (Q4)",
      "revenue": 36387000,
      "gross_profit": null,
      "operating_income": 37793000,
      "net_income": 1025000,
      "opex": 66825000,
      "cogs": null,
      "rd": null,
      "sga": null,
      "fcf": 3192000,
      "ocf": 3192000,
      "capex": null,
      "gross_margin": null,
      "op_margin": 1.0386401736884052,
      "fcf_margin": 0.08772363756286586,
      "incr_op_margin_yoy": -14.29927319367251,
      "rev_growth_yoy": -0.0603986985487786,
      "rev_growth_yoy_accel": -0.01311778788872485,
      "fcf_margin_change": 0.1719112307287872
    },
    {
      "date": "2023-03-31T00:00:00",
      "quarter_label": "2023-03 (Q1)",
      "revenue": 38127000,
      "gross_profit": null,
      "operating_income": 15308000,
      "net_income": -19581000,
      "opex": 69543000,
      "cogs": null,
      "rd": null,
      "sga": null,
      "fcf": -10226000,
      "ocf": -10226000,
      "capex": null,
      "gross_margin": null,
      "op_margin": 0.4015002491672568,
      "fcf_margin": -0.26820888084559497,
      "rev_growth_yoy": -0.010382329275572975,
      "rev_growth_yoy_accel": 0.05001636927320562,
      "op_leverage_ratio": 1.1756891561410205,
      "fcf_margin_change": -0.35593251840846085
    },
    {
      "date": "2023-06-30T00:00:00",
      "quarter_label": "2023-06 (Q2)",
      "revenue": 35896000,
      "gross_profit": null,
      "operating_income": -14415000,
      "net_income": -57475000,
      "opex": 78962000,
      "cogs": null,
      "rd": null,
      "sga": null,
      "fcf": 820000,
      "ocf": 820000,
      "capex": null,
      "gross_margin": null,
      "op_margin": -0.4015767773568086,
      "fcf_margin": 0.02284377089369289,
      "incr_op_margin_yoy": -1.0279994766452965,
      "rev_growth_yoy": -0.17554376535979238,
      "rev_growth_yoy_accel": -0.1651614360842194,
      "fcf_margin_change": 0.29105265173928785
    },
    {
      "date": "2023-09-30T00:00:00",
      "quarter_label": "2023-09 (Q3)",
      "revenue": 35846000,
      "gross_profit": null,
      "operating_income": -13318000,
      "net_income": -60232000,
      "opex": 85071000,
      "cogs": null,
      "rd": null,
      "sga": null,
      "fcf": -1043000,
      "ocf": -1043000,
      "capex": null,
      "gross_margin": null,
      "op_margin": -0.3715337834067957,
      "fcf_margin": -0.02909669140210902,
      "incr_op_margin_yoy": 1.0243588091248872,
      "rev_growth_yoy": -0.1779383098268547,
      "rev_growth_yoy_accel": -0.0023945444670623317,
      "fcf_margin_change": -0.05194046229580191
    },
    {
      "date": "2023-12-31T00:00:00",
      "quarter_label": "2023-12 (Q4)",
      "revenue": 35548000,
      "gross_profit": null,
      "operating_income": 38074000,
      "net_income": -6863000,
      "opex": 77391000,
      "cogs": null,
      "rd": null,
      "sga": null,
      "fcf": -13896000,
      "ocf": -13896000,
      "capex": null,
      "gross_margin": null,
      "op_margin": 1.0710588500056262,
      "fcf_margin": -0.39090806796444244,
      "rev_growth_yoy": -0.023057685437106658,
      "rev_growth_yoy_accel": 0.15488062438974806,
      "fcf_margin_change": -0.3618113765623334
    },
    {
      "date": "2024-03-31T00:00:00",
      "quarter_label": "2024-03 (Q1)",
      "revenue": 35001000,
      "gross_profit": null,
      "operating_income": -22520000,
      "net_income": -76473000,
      "opex": 89475000,
      "cogs": null,
      "rd": null,
      "sga": null,
      "fcf": -7398000,
      "ocf": -7398000,
      "capex": null,
      "gross_margin": null,
      "op_margin": -0.6434101882803348,
      "fcf_margin": -0.21136538956029827,
      "incr_op_margin_yoy": 12.101087651951376,
      "rev_growth_yoy": -0.08198914155322999,
      "rev_growth_yoy_accel": -0.05893145611612333,
      "fcf_margin_change": 0.17954267840414417
    },
    {
      "date": "2024-06-30T00:00:00",
      "quarter_label": "2024-06 (Q2)",
      "revenue": 33809000,
      "gross_profit": null,
      "operating_income": -9485000,
      "net_income": -44221000,
      "opex": 69982000,
      "cogs": null,
      "rd": null,
      "sga": null,
      "fcf": -8362000,
      "ocf": -8362000,
      "capex": null,
      "gross_margin": null,
      "op_margin": -0.28054660001774673,
      "fcf_margin": -0.24733059244579847,
      "incr_op_margin_yoy": -2.3622424532822235,
      "rev_growth_yoy": -0.05814018275016715,
      "rev_growth_yoy_accel": 0.023848958803062842,
      "fcf_margin_change": -0.0359652028855002
    },
    {
      "date": "2024-09-30T00:00:00",
      "quarter_label": "2024-09 (Q3)",
      "revenue": 32437000,
      "gross_profit": null,
      "operating_income": -1939000,
      "net_income": -43725000,
      "opex": 76204000,
      "cogs": null,
      "rd": null,
      "sga": null,
      "fcf": -4908000,
      "ocf": -4908000,
      "capex": null,
      "gross_margin": null,
      "op_margin": -0.05977741468076579,
      "fcf_margin": -0.15130869069272745,
      "incr_op_margin_yoy": -3.337929011440305,
      "rev_growth_yoy": -0.0951012665290409,
      "rev_growth_yoy_accel": -0.03696108377887375,
      "fcf_margin_change": 0.09602190175307102
    },
    {
      "date": "2024-12-31T00:00:00",
      "quarter_label": "2024-12 (Q4)",
      "revenue": 32278000,
      "gross_profit": null,
      "operating_income": null,
      "net_income": 63582000,
      "opex": 60012000,
      "cogs": null,
      "rd": null,
      "sga": null,
      "fcf": -9689000,
      "ocf": -9689000,
      "capex": null,
      "gross_margin": null,
      "op_margin": null,
      "fcf_margin": -0.30017349278146105,
      "rev_growth_yoy": -0.09198829751322156,
      "rev_growth_yoy_accel": 0.003112969015819339,
      "fcf_margin_change": -0.1488648020887336
    },
    {
      "date": "2025-03-31T00:00:00",
      "quarter_label": "2025-03 (Q1)",
      "revenue": 32105000,
      "gross_profit": null,
      "operating_income": null,
      "net_income": -19799000,
      "opex": 44586000,
      "cogs": null,
      "rd": null,
      "sga": null,
      "fcf": -12853000,
      "ocf": -12853000,
      "capex": null,
      "gross_margin": null,
      "op_margin": null,
      "fcf_margin": -0.4003426257592275,
      "rev_growth_yoy": -0.08274049312876774,
      "rev_growth_yoy_accel": 0.009247804384453814,
      "fcf_margin_change": -0.10016913297776647
    },
    {
      "date": "2025-06-30T00:00:00",
      "quarter_label": "2025-06 (Q2)",
      "revenue": 31469000,
      "gross_profit": null,
      "operating_income": null,
      "net_income": -106634000,
      "opex": 134385000,
      "cogs": null,
      "rd": null,
      "sga": null,
      "fcf": 4170000,
      "ocf": 4170000,
      "capex": null,
      "gross_margin": null,
      "op_margin": null,
      "fcf_margin": 0.13251136038641204,
      "rev_growth_yoy": -0.06921233990949155,
      "rev_growth_yoy_accel": 0.013528153219276196,
      "fcf_margin_change": 0.5328539861456396
    },
    {
      "date": "2025-09-30T00:00:00",
      "quarter_label": "2025-09 (Q3)",
      "revenue": 28494000,
      "gross_profit": null,
      "operating_income": null,
      "net_income": -117716000,
      "opex": 132860000,
      "cogs": null,
      "rd": null,
      "sga": null,
      "fcf": -14614000,
      "ocf": -14614000,
      "capex": null,
      "gross_margin": null,
      "op_margin": null,
      "fcf_margin": -0.5128799045413069,
      "rev_growth_yoy": -0.12155871381447113,
      "rev_growth_yoy_accel": -0.05234637390497958,
      "fcf_margin_change": -0.6453912649277189
    }
  ],
  "signals": [
    {
      "quarter": "2025-09 (Q3)",
      "signal": "YoY REVENUE GROWTH DECELERATION",
      "detail": "YoY growth: -12.2% vs prior quarter YoY: -6.9% (decel: -5.2%)",
      "severity": "WARNING"
    },
    {
      "quarter": "2025-06 (Q2)",
      "signal": "FCF TURNED POSITIVE",
      "detail": "FCF margin: -40.0% -> +13.3%",
      "severity": "HIGH"
    },
    {
      "quarter": "2024-09 (Q3)",
      "signal": "FCF MARGIN EXPANSION",
      "detail": "FCF margin: -24.7% -> -15.1% (+9.6%)",
      "severity": "MEDIUM"
    },
    {
      "quarter": "2024-03 (Q1)",
      "signal": "FCF MARGIN EXPANSION",
      "detail": "FCF margin: -39.1% -> -21.1% (+18.0%)",
      "severity": "MEDIUM"
    },
    {
      "quarter": "2024-03 (Q1)",
      "signal": "YoY REVENUE GROWTH DECELERATION",
      "detail": "YoY growth: -8.2% vs prior quarter YoY: -2.3% (decel: -5.9%)",
      "severity": "WARNING"
    },
    {
      "quarter": "2023-12 (Q4)",
      "signal": "YoY REVENUE GROWTH ACCELERATION",
      "detail": "YoY growth: -2.3% vs prior quarter YoY: -17.8% (accel: +15.5%)",
      "severity": "HIGH"
    },
    {
      "quarter": "2023-12 (Q4)",
      "signal": "OP MARGIN TURNED POSITIVE (QoQ)",
      "detail": "Op margin: -37.2% -> +107.1%",
      "severity": "HIGH"
    },
    {
      "quarter": "2023-06 (Q2)",
      "signal": "FCF TURNED POSITIVE",
      "detail": "FCF margin: -26.8% -> +2.3%",
      "severity": "HIGH"
    },
    {
      "quarter": "2023-06 (Q2)",
      "signal": "YoY REVENUE GROWTH DECELERATION",
      "detail": "YoY growth: -17.6% vs prior quarter YoY: -1.0% (decel: -16.5%)",
      "severity": "WARNING"
    },
    {
      "quarter": "2023-03 (Q1)",
      "signal": "YoY REVENUE GROWTH ACCELERATION",
      "detail": "YoY growth: -1.0% vs prior quarter YoY: -6.0% (accel: +5.0%)",
      "severity": "MEDIUM"
    },
    {
      "quarter": "2023-03 (Q1)",
      "signal": "OP MARGIN TURNED POSITIVE (YoY)",
      "detail": "Op margin: -5.9% (year-ago) -> +40.2%",
      "severity": "HIGH"
    },
    {
      "quarter": "2022-12 (Q4)",
      "signal": "FCF TURNED POSITIVE",
      "detail": "FCF margin: -8.4% -> +8.8%",
      "severity": "HIGH"
    },
    {
      "quarter": "2022-12 (Q4)",
      "signal": "OP MARGIN TURNED POSITIVE (QoQ)",
      "detail": "Op margin: -12.3% -> +103.9%",
      "severity": "HIGH"
    },
    {
      "quarter": "2022-06 (Q2)",
      "signal": "FCF MARGIN EXPANSION",
      "detail": "FCF margin: +0.8% -> +27.6% (+26.8%)",
      "severity": "MEDIUM"
    },
    {
      "quarter": "2021-12 (Q4)",
      "signal": "FCF MARGIN EXPANSION",
      "detail": "FCF margin: +5.9% -> +12.2% (+6.3%)",
      "severity": "MEDIUM"
    },
    {
      "quarter": "2021-12 (Q4)",
      "signal": "OP MARGIN TURNED POSITIVE (QoQ)",
      "detail": "Op margin: -6.7% -> +11.2%",
      "severity": "HIGH"
    },
    {
      "quarter": "2021-06 (Q2)",
      "signal": "FCF TURNED POSITIVE",
      "detail": "FCF margin: -3.4% -> +22.3%",
      "severity": "HIGH"
    },
    {
      "quarter": "2021-03 (Q1)",
      "signal": "FCF MARGIN EXPANSION",
      "detail": "FCF margin: -17.3% -> -3.4% (+13.9%)",
      "severity": "MEDIUM"
    }
  ],
  "data_quality": {
    "n_quarters": 20,
    "coverage": {
      "revenue": [
        20,
        20
      ],
      "gross_profit": [
        0,
        20
      ],
      "op_income": [
        16,
        20
      ],
      "fcf": [
        20,
        20
      ]
    },
    "gaps": [],
    "warnings": [
      "gross_profit: no data"
    ]
  },
  "market_cap": null,
  "source": "SEC EDGAR",
  "last_updated": "2026-02-02T23:11:08.998585"
}