{
  "ticker": "PD",
  "name": "PAGERDUTY, INC.",
  "quarters": [
    {
      "date": "2021-01-31T00:00:00",
      "quarter_label": "2021-01 (Q1)",
      "revenue": 59284000,
      "gross_profit": 49883000,
      "operating_income": -18394000,
      "net_income": -22148000,
      "opex": 68277000,
      "cogs": 9401000,
      "rd": 17861000,
      "sga": null,
      "fcf": 2753000,
      "ocf": 3389000,
      "capex": -636000,
      "gross_margin": 0.8414243303420822,
      "op_margin": -0.31026921260373796,
      "fcf_margin": 0.04643748734903178
    },
    {
      "date": "2021-04-30T00:00:00",
      "quarter_label": "2021-04 (Q2)",
      "revenue": 63591000,
      "gross_profit": 53173000,
      "operating_income": -21238000,
      "net_income": -22558000,
      "opex": 74411000,
      "cogs": 10418000,
      "rd": 20599000,
      "sga": null,
      "fcf": 652000,
      "ocf": 1579000,
      "capex": -927000,
      "gross_margin": 0.836171785315532,
      "op_margin": -0.3339780786589297,
      "fcf_margin": 0.010253023226557217,
      "op_leverage_ratio": 0.8086638554723911,
      "fcf_margin_change": -0.036184464122474565
    },
    {
      "date": "2021-07-31T00:00:00",
      "quarter_label": "2021-07 (Q3)",
      "revenue": 67536000,
      "gross_profit": 55560000,
      "operating_income": -28457000,
      "net_income": -29661000,
      "opex": 84017000,
      "cogs": 11976000,
      "rd": 22909000,
      "sga": null,
      "fcf": -11959000,
      "ocf": -11595000,
      "capex": -364000,
      "gross_margin": 0.8226723525230988,
      "op_margin": -0.42136045960672824,
      "fcf_margin": -0.17707592987443735,
      "op_leverage_ratio": 0.4805581109076881,
      "fcf_margin_change": -0.18732895310099457
    },
    {
      "date": "2021-10-31T00:00:00",
      "quarter_label": "2021-10 (Q4)",
      "revenue": 71760000,
      "gross_profit": 59721000,
      "operating_income": -24817000,
      "net_income": -26341000,
      "opex": 84538000,
      "cogs": 12039000,
      "rd": 24554000,
      "sga": null,
      "fcf": 2565000,
      "ocf": 2650000,
      "capex": -85000,
      "gross_margin": 0.8322324414715719,
      "op_margin": -0.3458333333333333,
      "fcf_margin": 0.03574414715719063,
      "op_leverage_ratio": 10.085978116000748,
      "fcf_margin_change": 0.21282007703162797
    },
    {
      "date": "2022-01-31T00:00:00",
      "quarter_label": "2022-01 (Q1)",
      "revenue": 78509000,
      "gross_profit": 64581000,
      "operating_income": -27199000,
      "net_income": -28895000,
      "opex": 91780000,
      "cogs": 13928000,
      "rd": 27628000,
      "sga": null,
      "fcf": -736000,
      "ocf": 1345000,
      "capex": -2081000,
      "gross_margin": 0.8225935879962807,
      "op_margin": -0.3464443566979582,
      "fcf_margin": -0.009374721369524512,
      "incr_op_margin_yoy": -0.45799739921976595,
      "rev_growth_yoy": 0.32428648539234867,
      "op_leverage_ratio": 1.0978688089144304,
      "fcf_margin_change": -0.04511886852671514
    },
    {
      "date": "2022-04-30T00:00:00",
      "quarter_label": "2022-04 (Q2)",
      "revenue": 85371000,
      "gross_profit": 69655000,
      "operating_income": -32457000,
      "net_income": -32820000,
      "opex": 102112000,
      "cogs": 15716000,
      "rd": 31289000,
      "sga": null,
      "fcf": -5063000,
      "ocf": -2985000,
      "capex": -2078000,
      "gross_margin": 0.8159093837485797,
      "op_margin": -0.38018765154443546,
      "fcf_margin": -0.05930585327570252,
      "incr_op_margin_yoy": -0.5151056014692378,
      "rev_growth_yoy": 0.34250129735339907,
      "rev_growth_yoy_accel": 0.018214811961050403,
      "op_leverage_ratio": 0.7764167998927475,
      "fcf_margin_change": -0.04993113190617801
    },
    {
      "date": "2022-07-31T00:00:00",
      "quarter_label": "2022-07 (Q3)",
      "revenue": 90253000,
      "gross_profit": 71886000,
      "operating_income": -37888000,
      "net_income": -38499000,
      "opex": 109774000,
      "cogs": 18367000,
      "rd": 34014000,
      "sga": null,
      "fcf": 1979000,
      "ocf": 2841000,
      "capex": -862000,
      "gross_margin": 0.79649429935847,
      "op_margin": -0.41979767985551725,
      "fcf_margin": 0.021927248955713383,
      "incr_op_margin_yoy": -0.4151516485451424,
      "rev_growth_yoy": 0.3363687514806918,
      "rev_growth_yoy_accel": -0.006132545872707285,
      "op_leverage_ratio": 0.7621176881102193,
      "fcf_margin_change": 0.0812331022314159
    },
    {
      "date": "2022-10-31T00:00:00",
      "quarter_label": "2022-10 (Q4)",
      "revenue": 94203000,
      "gross_profit": 76196000,
      "operating_income": -32542000,
      "net_income": -32542000,
      "opex": 108738000,
      "cogs": 18007000,
      "rd": 35004000,
      "sga": null,
      "fcf": -1263000,
      "ocf": -448000,
      "capex": -815000,
      "gross_margin": 0.8088489750857192,
      "op_margin": -0.34544547413564325,
      "fcf_margin": -0.013407216330690105,
      "incr_op_margin_yoy": -0.3442053201443657,
      "rev_growth_yoy": 0.31275083612040133,
      "rev_growth_yoy_accel": -0.023617915360290453,
      "op_leverage_ratio": Infinity,
      "fcf_margin_change": -0.03533446528640349
    },
    {
      "date": "2023-01-31T00:00:00",
      "quarter_label": "2023-01 (Q1)",
      "revenue": 100966000,
      "gross_profit": 82622000,
      "operating_income": -26490000,
      "net_income": -24562000,
      "opex": 109112000,
      "cogs": 18344000,
      "rd": 34569000,
      "sga": null,
      "fcf": 16690000,
      "ocf": 17572000,
      "capex": -882000,
      "gross_margin": 0.8183150763623398,
      "op_margin": -0.26236554879860546,
      "fcf_margin": 0.16530317136461778,
      "incr_op_margin_yoy": 0.03157144765551944,
      "rev_growth_yoy": 0.28604363830898366,
      "rev_growth_yoy_accel": -0.02670719781141767,
      "op_leverage_ratio": 20.872976898620518,
      "fcf_margin_change": 0.1787103876953079
    },
    {
      "date": "2023-04-30T00:00:00",
      "quarter_label": "2023-04 (Q2)",
      "revenue": 103246000,
      "gross_profit": 85310000,
      "operating_income": -15800000,
      "net_income": -12218000,
      "opex": 101110000,
      "cogs": 17936000,
      "rd": 33508000,
      "sga": null,
      "fcf": 21917000,
      "ocf": 22152000,
      "capex": -235000,
      "gross_margin": 0.826278984173721,
      "op_margin": -0.15303256300486218,
      "fcf_margin": 0.21227941034035216,
      "incr_op_margin_yoy": 0.9318601398601398,
      "rev_growth_yoy": 0.20938023450586266,
      "rev_growth_yoy_accel": -0.076663403803121,
      "op_leverage_ratio": Infinity,
      "fcf_margin_change": 0.046976238975734386
    },
    {
      "date": "2023-07-31T00:00:00",
      "quarter_label": "2023-07 (Q3)",
      "revenue": 107616000,
      "gross_profit": 87783000,
      "operating_income": -26173000,
      "net_income": -22053000,
      "opex": 113956000,
      "cogs": 19833000,
      "rd": 36441000,
      "sga": null,
      "fcf": 10037000,
      "ocf": 10750000,
      "capex": -713000,
      "gross_margin": 0.8157058429973238,
      "op_margin": -0.24320732976509069,
      "fcf_margin": 0.09326680047576569,
      "incr_op_margin_yoy": 0.6747105914876461,
      "rev_growth_yoy": 0.19238141668420994,
      "rev_growth_yoy_accel": -0.016998817821652717,
      "op_leverage_ratio": 0.3331458400412898,
      "fcf_margin_change": -0.11901260986458648
    },
    {
      "date": "2023-10-31T00:00:00",
      "quarter_label": "2023-10 (Q4)",
      "revenue": 108720000,
      "gross_profit": 89015000,
      "operating_income": -20842000,
      "net_income": -12766000,
      "opex": 109857000,
      "cogs": 19705000,
      "rd": 34272000,
      "sga": null,
      "fcf": 16672000,
      "ocf": 16917000,
      "capex": -245000,
      "gross_margin": 0.8187545989698307,
      "op_margin": -0.19170345842531272,
      "fcf_margin": 0.15334805003679175,
      "incr_op_margin_yoy": 0.805951642901426,
      "rev_growth_yoy": 0.1541033725040604,
      "rev_growth_yoy_accel": -0.038278044180149545,
      "op_leverage_ratio": Infinity,
      "fcf_margin_change": 0.06008124956102606
    },
    {
      "date": "2024-01-31T00:00:00",
      "quarter_label": "2024-01 (Q1)",
      "revenue": 111117000,
      "gross_profit": 90759000,
      "operating_income": -33431000,
      "net_income": -28152000,
      "opex": 124190000,
      "cogs": 20358000,
      "rd": 35548000,
      "sga": null,
      "fcf": 21184000,
      "ocf": 22155000,
      "capex": -971000,
      "gross_margin": 0.8167877102513567,
      "op_margin": -0.3008630542581243,
      "fcf_margin": 0.19064589576752433,
      "incr_op_margin_yoy": -0.6837749975371884,
      "rev_growth_yoy": 0.10053879523800091,
      "rev_growth_yoy_accel": -0.05356457726605948,
      "op_leverage_ratio": 0.16898541572428374,
      "fcf_margin_change": 0.03729784573073258
    },
    {
      "date": "2024-04-30T00:00:00",
      "quarter_label": "2024-04 (Q2)",
      "revenue": 111172000,
      "gross_profit": 91829000,
      "operating_income": -21733000,
      "net_income": -17139000,
      "opex": 113562000,
      "cogs": 19343000,
      "rd": 37523000,
      "sga": null,
      "fcf": 28190000,
      "ocf": 28647000,
      "capex": -457000,
      "gross_margin": 0.8260083474256108,
      "op_margin": -0.19548987155039038,
      "fcf_margin": 0.2535710430683985,
      "incr_op_margin_yoy": -0.7485490789805703,
      "rev_growth_yoy": 0.07676810723902136,
      "rev_growth_yoy_accel": -0.02377068799897955,
      "fcf_margin_change": 0.06292514730087417
    },
    {
      "date": "2024-07-31T00:00:00",
      "quarter_label": "2024-07 (Q3)",
      "revenue": 115935000,
      "gross_profit": 95855000,
      "operating_income": -16027000,
      "net_income": -10912000,
      "opex": 111882000,
      "cogs": 20080000,
      "rd": 35088000,
      "sga": null,
      "fcf": 35132000,
      "ocf": 35769000,
      "capex": -637000,
      "gross_margin": 0.8267994997196705,
      "op_margin": -0.1382412558761375,
      "fcf_margin": 0.303031871307198,
      "incr_op_margin_yoy": 1.2196177425171295,
      "rev_growth_yoy": 0.07730263157894737,
      "rev_growth_yoy_accel": 0.0005345243399260124,
      "op_leverage_ratio": Infinity,
      "fcf_margin_change": 0.04946082823879949
    },
    {
      "date": "2024-10-31T00:00:00",
      "quarter_label": "2024-10 (Q4)",
      "revenue": 118946000,
      "gross_profit": 98678000,
      "operating_income": -10293000,
      "net_income": -5924000,
      "opex": 108971000,
      "cogs": 20268000,
      "rd": 34267000,
      "sga": null,
      "fcf": 21521000,
      "ocf": 22073000,
      "capex": -552000,
      "gross_margin": 0.8296033494190641,
      "op_margin": -0.08653506633262152,
      "fcf_margin": 0.18093084256721537,
      "incr_op_margin_yoy": 1.0315861529434773,
      "rev_growth_yoy": 0.09405813097866078,
      "rev_growth_yoy_accel": 0.01675549939971341,
      "op_leverage_ratio": Infinity,
      "fcf_margin_change": -0.12210102873998263
    },
    {
      "date": "2025-01-31T00:00:00",
      "quarter_label": "2025-01 (Q1)",
      "revenue": 121446000,
      "gross_profit": 101472000,
      "operating_income": -11719000,
      "net_income": -8760000,
      "opex": 113191000,
      "cogs": 19974000,
      "rd": 34611000,
      "sga": null,
      "fcf": 30257000,
      "ocf": 31402000,
      "capex": -1145000,
      "gross_margin": 0.8355318413121882,
      "op_margin": -0.09649556181348089,
      "fcf_margin": 0.2491395352667029,
      "incr_op_margin_yoy": 2.1020427921386386,
      "rev_growth_yoy": 0.0929560733281136,
      "rev_growth_yoy_accel": -0.0011020576505471752,
      "op_leverage_ratio": 0.5427360282889133,
      "fcf_margin_change": 0.06820869269948754
    },
    {
      "date": "2025-04-30T00:00:00",
      "quarter_label": "2025-04 (Q2)",
      "revenue": 119805000,
      "gross_profit": 100621000,
      "operating_income": -10327000,
      "net_income": -7162000,
      "opex": 110948000,
      "cogs": 19184000,
      "rd": 34048000,
      "sga": null,
      "fcf": 30229000,
      "ocf": 30670000,
      "capex": -441000,
      "gross_margin": 0.8398731271649764,
      "op_margin": -0.08619840574266516,
      "fcf_margin": 0.2523183506531447,
      "incr_op_margin_yoy": 1.321209313100892,
      "rev_growth_yoy": 0.07765444536394056,
      "rev_growth_yoy_accel": -0.015301627964173045,
      "fcf_margin_change": 0.003178815386441769
    },
    {
      "date": "2025-07-31T00:00:00",
      "quarter_label": "2025-07 (Q3)",
      "revenue": 123411000,
      "gross_profit": 104410000,
      "operating_income": 3566000,
      "net_income": 9575000,
      "opex": 100844000,
      "cogs": 19001000,
      "rd": 30897000,
      "sga": null,
      "fcf": 33100000,
      "ocf": 33974000,
      "capex": -874000,
      "gross_margin": 0.8460347943052078,
      "op_margin": 0.02889531727317662,
      "fcf_margin": 0.26820947889572244,
      "incr_op_margin_yoy": 2.6207865168539324,
      "rev_growth_yoy": 0.06448440936731789,
      "rev_growth_yoy_accel": -0.01317003599662267,
      "op_leverage_ratio": Infinity,
      "fcf_margin_change": 0.015891128242577768
    },
    {
      "date": "2025-10-31T00:00:00",
      "quarter_label": "2025-10 (Q4)",
      "revenue": 124545000,
      "gross_profit": 106188000,
      "operating_income": 8079000,
      "net_income": 161586000,
      "opex": 98109000,
      "cogs": 18357000,
      "rd": 29418000,
      "sga": null,
      "fcf": 24060000,
      "ocf": 24803000,
      "capex": -743000,
      "gross_margin": 0.8526074912682163,
      "op_margin": 0.06486811995664218,
      "fcf_margin": 0.19318318679995183,
      "incr_op_margin_yoy": 3.2813002321843188,
      "rev_growth_yoy": 0.04707178047181074,
      "rev_growth_yoy_accel": -0.017412628895507154,
      "fcf_margin_change": -0.07502629209577061
    }
  ],
  "signals": [
    {
      "quarter": "2025-10 (Q4)",
      "signal": "OP MARGIN TURNED POSITIVE (YoY)",
      "detail": "Op margin: -8.7% (year-ago) -> +6.5%",
      "severity": "HIGH"
    },
    {
      "quarter": "2025-07 (Q3)",
      "signal": "OP MARGIN TURNED POSITIVE (YoY)",
      "detail": "Op margin: -13.8% (year-ago) -> +2.9%",
      "severity": "HIGH"
    },
    {
      "quarter": "2025-07 (Q3)",
      "signal": "OP MARGIN TURNED POSITIVE (QoQ)",
      "detail": "Op margin: -8.6% -> +2.9%",
      "severity": "HIGH"
    },
    {
      "quarter": "2025-01 (Q1)",
      "signal": "FCF MARGIN EXPANSION",
      "detail": "FCF margin: +18.1% -> +24.9% (+6.8%)",
      "severity": "MEDIUM"
    },
    {
      "quarter": "2024-04 (Q2)",
      "signal": "FCF MARGIN EXPANSION",
      "detail": "FCF margin: +19.1% -> +25.4% (+6.3%)",
      "severity": "MEDIUM"
    },
    {
      "quarter": "2024-01 (Q1)",
      "signal": "YoY REVENUE GROWTH DECELERATION",
      "detail": "YoY growth: +10.1% vs prior quarter YoY: +15.4% (decel: -5.4%)",
      "severity": "WARNING"
    },
    {
      "quarter": "2023-10 (Q4)",
      "signal": "FCF MARGIN EXPANSION",
      "detail": "FCF margin: +9.3% -> +15.3% (+6.0%)",
      "severity": "MEDIUM"
    },
    {
      "quarter": "2023-04 (Q2)",
      "signal": "YoY REVENUE GROWTH DECELERATION",
      "detail": "YoY growth: +20.9% vs prior quarter YoY: +28.6% (decel: -7.7%)",
      "severity": "WARNING"
    },
    {
      "quarter": "2023-01 (Q1)",
      "signal": "FCF TURNED POSITIVE",
      "detail": "FCF margin: -1.3% -> +16.5%",
      "severity": "HIGH"
    },
    {
      "quarter": "2023-01 (Q1)",
      "signal": "OPERATING LEVERAGE",
      "detail": "Rev growth +7.2% vs OpEx growth +0.3% (leverage: 20.9x)",
      "severity": "MEDIUM"
    },
    {
      "quarter": "2022-07 (Q3)",
      "signal": "FCF TURNED POSITIVE",
      "detail": "FCF margin: -5.9% -> +2.2%",
      "severity": "HIGH"
    },
    {
      "quarter": "2021-10 (Q4)",
      "signal": "FCF TURNED POSITIVE",
      "detail": "FCF margin: -17.7% -> +3.6%",
      "severity": "HIGH"
    },
    {
      "quarter": "2021-10 (Q4)",
      "signal": "OPERATING LEVERAGE",
      "detail": "Rev growth +6.3% vs OpEx growth +0.6% (leverage: 10.1x)",
      "severity": "MEDIUM"
    }
  ],
  "data_quality": {
    "n_quarters": 20,
    "coverage": {
      "revenue": [
        20,
        20
      ],
      "gross_profit": [
        20,
        20
      ],
      "op_income": [
        20,
        20
      ],
      "fcf": [
        20,
        20
      ]
    },
    "gaps": [],
    "warnings": []
  },
  "market_cap": null,
  "source": "SEC EDGAR",
  "last_updated": "2026-02-02T22:00:41.769554"
}