{
  "ticker": "PDFS",
  "name": "PDF SOLUTIONS INC",
  "quarters": [
    {
      "date": "2020-12-31T00:00:00",
      "quarter_label": "2020-12 (Q4)",
      "revenue": 22367000,
      "gross_profit": 12528000,
      "operating_income": null,
      "net_income": -33449000,
      "opex": null,
      "cogs": 9839000,
      "rd": 9982000,
      "sga": 8625000,
      "fcf": 9688000,
      "ocf": 10907000,
      "capex": -1219000,
      "gross_margin": 0.560110877632226,
      "op_margin": null,
      "fcf_margin": 0.43313810524433316
    },
    {
      "date": "2021-03-31T00:00:00",
      "quarter_label": "2021-03 (Q1)",
      "revenue": 24200000,
      "gross_profit": 13537000,
      "operating_income": null,
      "net_income": -7597000,
      "opex": null,
      "cogs": 10663000,
      "rd": 10841000,
      "sga": 9464000,
      "fcf": -8911000,
      "ocf": -8325000,
      "capex": -586000,
      "gross_margin": 0.5593801652892562,
      "op_margin": null,
      "fcf_margin": -0.3682231404958678,
      "fcf_margin_change": -0.801361245740201
    },
    {
      "date": "2021-06-30T00:00:00",
      "quarter_label": "2021-06 (Q2)",
      "revenue": 27419000,
      "gross_profit": 16634000,
      "operating_income": null,
      "net_income": -4484000,
      "opex": null,
      "cogs": 10785000,
      "rd": 11064000,
      "sga": 9410000,
      "fcf": 7595000,
      "ocf": 8130000,
      "capex": -535000,
      "gross_margin": 0.6066596155950253,
      "op_margin": null,
      "fcf_margin": 0.27699770232320653,
      "fcf_margin_change": 0.6452208428190743
    },
    {
      "date": "2021-09-30T00:00:00",
      "quarter_label": "2021-09 (Q3)",
      "revenue": 29555000,
      "gross_profit": 18485000,
      "operating_income": null,
      "net_income": -2407000,
      "opex": null,
      "cogs": 11070000,
      "rd": 10657000,
      "sga": 9609000,
      "fcf": 2430000,
      "ocf": 4022000,
      "capex": -1592000,
      "gross_margin": 0.625444087294874,
      "op_margin": null,
      "fcf_margin": 0.08221959059380815,
      "fcf_margin_change": -0.19477811172939838
    },
    {
      "date": "2021-12-31T00:00:00",
      "quarter_label": "2021-12 (Q4)",
      "revenue": 29886000,
      "gross_profit": 18211000,
      "operating_income": null,
      "net_income": -7000000,
      "opex": null,
      "cogs": 11675000,
      "rd": 11218000,
      "sga": 9167000,
      "fcf": -543000,
      "ocf": 416000,
      "capex": -959000,
      "gross_margin": 0.6093488589975239,
      "op_margin": null,
      "fcf_margin": -0.018169042360971693,
      "rev_growth_yoy": 0.33616488576921355,
      "fcf_margin_change": -0.10038863295477984
    },
    {
      "date": "2022-03-31T00:00:00",
      "quarter_label": "2022-03 (Q1)",
      "revenue": 33498000,
      "gross_profit": 21969000,
      "operating_income": null,
      "net_income": -4150000,
      "opex": null,
      "cogs": 11529000,
      "rd": 14089000,
      "sga": 10839000,
      "fcf": 1231000,
      "ocf": 2996000,
      "capex": -1765000,
      "gross_margin": 0.6558301988178399,
      "op_margin": null,
      "fcf_margin": 0.036748462594781775,
      "rev_growth_yoy": 0.3842148760330579,
      "rev_growth_yoy_accel": 0.04804999026384432,
      "fcf_margin_change": 0.05491750495575347
    },
    {
      "date": "2022-06-30T00:00:00",
      "quarter_label": "2022-06 (Q2)",
      "revenue": 34668000,
      "gross_profit": 22626000,
      "operating_income": null,
      "net_income": -1147000,
      "opex": null,
      "cogs": 12042000,
      "rd": 13374000,
      "sga": 9770000,
      "fcf": 935000,
      "ocf": 3624000,
      "capex": -2689000,
      "gross_margin": 0.6526479750778816,
      "op_margin": null,
      "fcf_margin": 0.026970116533979464,
      "rev_growth_yoy": 0.2643787154892593,
      "rev_growth_yoy_accel": -0.11983616054379859,
      "fcf_margin_change": -0.009778346060802311
    },
    {
      "date": "2022-09-30T00:00:00",
      "quarter_label": "2022-09 (Q3)",
      "revenue": 39860000,
      "gross_profit": 27315000,
      "operating_income": null,
      "net_income": 1385000,
      "opex": null,
      "cogs": 12545000,
      "rd": 14303000,
      "sga": 12005000,
      "fcf": -794000,
      "ocf": 1403000,
      "capex": -2197000,
      "gross_margin": 0.6852734570998494,
      "op_margin": null,
      "fcf_margin": -0.019919719016557952,
      "rev_growth_yoy": 0.3486719675181864,
      "rev_growth_yoy_accel": 0.08429325202892712,
      "fcf_margin_change": -0.04688983555053741
    },
    {
      "date": "2022-12-31T00:00:00",
      "quarter_label": "2022-12 (Q4)",
      "revenue": 40523000,
      "gross_profit": 28732000,
      "operating_income": null,
      "net_income": 483000,
      "opex": null,
      "cogs": 11791000,
      "rd": 14360000,
      "sga": 12724000,
      "fcf": 22517000,
      "ocf": 24275000,
      "capex": -1758000,
      "gross_margin": 0.7090294400710707,
      "op_margin": null,
      "fcf_margin": 0.5556597487846409,
      "rev_growth_yoy": 0.3559191594726628,
      "rev_growth_yoy_accel": 0.007247191954476373,
      "fcf_margin_change": 0.5755794678011988
    },
    {
      "date": "2023-03-31T00:00:00",
      "quarter_label": "2023-03 (Q1)",
      "revenue": 40759000,
      "gross_profit": 28855000,
      "operating_income": null,
      "net_income": 355000,
      "opex": null,
      "cogs": 11904000,
      "rd": 13051000,
      "sga": 15645000,
      "fcf": -3884000,
      "ocf": -982000,
      "capex": -2902000,
      "gross_margin": 0.7079418042640889,
      "op_margin": null,
      "fcf_margin": -0.09529183738560809,
      "rev_growth_yoy": 0.21675920950504507,
      "rev_growth_yoy_accel": -0.1391599499676177,
      "fcf_margin_change": -0.650951586170249
    },
    {
      "date": "2023-06-30T00:00:00",
      "quarter_label": "2023-06 (Q2)",
      "revenue": 41601000,
      "gross_profit": 29232000,
      "operating_income": null,
      "net_income": 6835000,
      "opex": null,
      "cogs": 12369000,
      "rd": 12264000,
      "sga": 14766000,
      "fcf": -8425000,
      "ocf": -5633000,
      "capex": -2792000,
      "gross_margin": 0.7026754164563351,
      "op_margin": null,
      "fcf_margin": -0.20251917021225452,
      "rev_growth_yoy": 0.19998269297334717,
      "rev_growth_yoy_accel": -0.0167765165316979,
      "fcf_margin_change": -0.10722733282664643
    },
    {
      "date": "2023-09-30T00:00:00",
      "quarter_label": "2023-09 (Q3)",
      "revenue": 42350000,
      "gross_profit": 28068000,
      "operating_income": null,
      "net_income": -4972000,
      "opex": null,
      "cogs": 14282000,
      "rd": 13113000,
      "sga": 15611000,
      "fcf": 16306000,
      "ocf": 19186000,
      "capex": -2880000,
      "gross_margin": 0.6627626918536009,
      "op_margin": null,
      "fcf_margin": 0.38502951593860685,
      "rev_growth_yoy": 0.06246864024084295,
      "rev_growth_yoy_accel": -0.13751405273250422,
      "fcf_margin_change": 0.5875486861508614
    },
    {
      "date": "2023-12-31T00:00:00",
      "quarter_label": "2023-12 (Q4)",
      "revenue": 41125000,
      "gross_profit": 27931000,
      "operating_income": null,
      "net_income": 887000,
      "opex": null,
      "cogs": 13194000,
      "rd": 12308000,
      "sga": 16194000,
      "fcf": -633000,
      "ocf": 2029000,
      "capex": -2662000,
      "gross_margin": 0.6791732522796352,
      "op_margin": null,
      "fcf_margin": -0.01539209726443769,
      "rev_growth_yoy": 0.014855760925893937,
      "rev_growth_yoy_accel": -0.04761287931494901,
      "fcf_margin_change": -0.40042161320304454
    },
    {
      "date": "2024-03-31T00:00:00",
      "quarter_label": "2024-03 (Q1)",
      "revenue": 41310000,
      "gross_profit": 27781000,
      "operating_income": -1960000,
      "net_income": -393000,
      "opex": 29741000,
      "cogs": 13529000,
      "rd": 12984000,
      "sga": 16498000,
      "fcf": -3885000,
      "ocf": -1862000,
      "capex": -2023000,
      "gross_margin": 0.6725006051803437,
      "op_margin": -0.04744613894940692,
      "fcf_margin": -0.09404502541757444,
      "rev_growth_yoy": 0.013518486714590643,
      "rev_growth_yoy_accel": -0.0013372742113032937,
      "fcf_margin_change": -0.07865292815313675
    },
    {
      "date": "2024-06-30T00:00:00",
      "quarter_label": "2024-06 (Q2)",
      "revenue": 41661000,
      "gross_profit": 29431000,
      "operating_income": 264000,
      "net_income": 1705000,
      "opex": 29167000,
      "cogs": 12230000,
      "rd": 12649000,
      "sga": 16259000,
      "fcf": -4636000,
      "ocf": 684000,
      "capex": -5320000,
      "gross_margin": 0.7064400758503157,
      "op_margin": 0.006336861813206596,
      "fcf_margin": -0.11127913396221886,
      "rev_growth_yoy": 0.0014422730222831183,
      "rev_growth_yoy_accel": -0.012076213692307524,
      "fcf_margin_change": -0.017234108544644425
    },
    {
      "date": "2024-09-30T00:00:00",
      "quarter_label": "2024-09 (Q3)",
      "revenue": 46409000,
      "gross_profit": 33925000,
      "operating_income": 2119000,
      "net_income": 2206000,
      "opex": 31806000,
      "cogs": 12484000,
      "rd": 13516000,
      "sga": 18094000,
      "fcf": 5100000,
      "ocf": 9275000,
      "capex": -4175000,
      "gross_margin": 0.7310004524984378,
      "op_margin": 0.04565924712878967,
      "fcf_margin": 0.10989247775216014,
      "rev_growth_yoy": 0.09584415584415584,
      "rev_growth_yoy_accel": 0.09440188282187273,
      "op_leverage_ratio": 1.2596021448458483,
      "fcf_margin_change": 0.221171611714379
    },
    {
      "date": "2024-12-31T00:00:00",
      "quarter_label": "2024-12 (Q4)",
      "revenue": 50085000,
      "gross_profit": 34184000,
      "operating_income": null,
      "net_income": 539000,
      "opex": null,
      "cogs": 15901000,
      "rd": 14417000,
      "sga": 19073000,
      "fcf": -4031000,
      "ocf": 1606000,
      "capex": -5637000,
      "gross_margin": 0.6825197164819806,
      "op_margin": null,
      "fcf_margin": -0.08048317859638614,
      "rev_growth_yoy": 0.2178723404255319,
      "rev_growth_yoy_accel": 0.12202818458137607,
      "fcf_margin_change": -0.19037565634854628
    },
    {
      "date": "2025-03-31T00:00:00",
      "quarter_label": "2025-03 (Q1)",
      "revenue": 47778000,
      "gross_profit": 34823000,
      "operating_income": -3555000,
      "net_income": -3032000,
      "opex": 38378000,
      "cogs": 12955000,
      "rd": 14628000,
      "sga": 23372000,
      "fcf": 535000,
      "ocf": 8640000,
      "capex": -8105000,
      "gross_margin": 0.7288500983716355,
      "op_margin": -0.0744066306668341,
      "fcf_margin": 0.011197622336640295,
      "incr_op_margin_yoy": -0.2465986394557823,
      "rev_growth_yoy": 0.15657225853304285,
      "rev_growth_yoy_accel": -0.06130008189248906,
      "fcf_margin_change": 0.09168080093302643
    },
    {
      "date": "2025-06-30T00:00:00",
      "quarter_label": "2025-06 (Q2)",
      "revenue": 51728000,
      "gross_profit": 36842000,
      "operating_income": 1117000,
      "net_income": 1146000,
      "opex": 35725000,
      "cogs": 14886000,
      "rd": 14913000,
      "sga": 19744000,
      "fcf": -13761000,
      "ocf": -5215000,
      "capex": -8546000,
      "gross_margin": 0.7122254871636251,
      "op_margin": 0.02159372100216517,
      "fcf_margin": -0.26602613671512526,
      "incr_op_margin_yoy": 0.08473229363266117,
      "rev_growth_yoy": 0.24164086315738942,
      "rev_growth_yoy_accel": 0.08506860462434657,
      "op_leverage_ratio": Infinity,
      "fcf_margin_change": -0.27722375905176555
    },
    {
      "date": "2025-09-30T00:00:00",
      "quarter_label": "2025-09 (Q3)",
      "revenue": 57115000,
      "gross_profit": 41275000,
      "operating_income": 4827000,
      "net_income": 1294000,
      "opex": 36448000,
      "cogs": 15840000,
      "rd": 15435000,
      "sga": 19944000,
      "fcf": -2902000,
      "ocf": 3287000,
      "capex": -6189000,
      "gross_margin": 0.7226647990895562,
      "op_margin": 0.08451370042895912,
      "fcf_margin": -0.050809769762759346,
      "incr_op_margin_yoy": 0.25294227535961145,
      "rev_growth_yoy": 0.23068801310090714,
      "rev_growth_yoy_accel": -0.010952850056482277,
      "op_leverage_ratio": 5.145827557830962,
      "fcf_margin_change": 0.2152163669523659
    }
  ],
  "signals": [
    {
      "quarter": "2025-09 (Q3)",
      "signal": "FCF MARGIN EXPANSION",
      "detail": "FCF margin: -26.6% -> -5.1% (+21.5%)",
      "severity": "MEDIUM"
    },
    {
      "quarter": "2025-09 (Q3)",
      "signal": "OPERATING LEVERAGE",
      "detail": "Rev growth +10.4% vs OpEx growth +2.0% (leverage: 5.1x)",
      "severity": "MEDIUM"
    },
    {
      "quarter": "2025-09 (Q3)",
      "signal": "INCREMENTAL MARGIN (YoY)",
      "detail": "YoY Incr OPM: +25.3% vs year-ago OPM: +4.6%",
      "severity": "HIGH"
    },
    {
      "quarter": "2025-06 (Q2)",
      "signal": "YoY REVENUE GROWTH ACCELERATION",
      "detail": "YoY growth: +24.2% vs prior quarter YoY: +15.7% (accel: +8.5%)",
      "severity": "MEDIUM"
    },
    {
      "quarter": "2025-06 (Q2)",
      "signal": "OP MARGIN TURNED POSITIVE (QoQ)",
      "detail": "Op margin: -7.4% -> +2.2%",
      "severity": "HIGH"
    },
    {
      "quarter": "2025-03 (Q1)",
      "signal": "FCF TURNED POSITIVE",
      "detail": "FCF margin: -8.0% -> +1.1%",
      "severity": "HIGH"
    },
    {
      "quarter": "2025-03 (Q1)",
      "signal": "GROSS MARGIN INFLECTION",
      "detail": "GM: +73.1% -> +68.3% -> +72.9% (reversal +4.6%)",
      "severity": "MEDIUM"
    },
    {
      "quarter": "2025-03 (Q1)",
      "signal": "YoY REVENUE GROWTH DECELERATION",
      "detail": "YoY growth: +15.7% vs prior quarter YoY: +21.8% (decel: -6.1%)",
      "severity": "WARNING"
    },
    {
      "quarter": "2024-12 (Q4)",
      "signal": "YoY REVENUE GROWTH ACCELERATION",
      "detail": "YoY growth: +21.8% vs prior quarter YoY: +9.6% (accel: +12.2%)",
      "severity": "MEDIUM"
    },
    {
      "quarter": "2024-09 (Q3)",
      "signal": "FCF TURNED POSITIVE",
      "detail": "FCF margin: -11.1% -> +11.0%",
      "severity": "HIGH"
    },
    {
      "quarter": "2024-09 (Q3)",
      "signal": "YoY REVENUE GROWTH ACCELERATION",
      "detail": "YoY growth: +9.6% vs prior quarter YoY: +0.1% (accel: +9.4%)",
      "severity": "MEDIUM"
    },
    {
      "quarter": "2024-06 (Q2)",
      "signal": "GROSS MARGIN INFLECTION",
      "detail": "GM: +67.9% -> +67.3% -> +70.6% (reversal +3.4%)",
      "severity": "MEDIUM"
    },
    {
      "quarter": "2024-06 (Q2)",
      "signal": "OP MARGIN TURNED POSITIVE (QoQ)",
      "detail": "Op margin: -4.7% -> +0.6%",
      "severity": "HIGH"
    },
    {
      "quarter": "2023-09 (Q3)",
      "signal": "FCF TURNED POSITIVE",
      "detail": "FCF margin: -20.3% -> +38.5%",
      "severity": "HIGH"
    },
    {
      "quarter": "2023-09 (Q3)",
      "signal": "YoY REVENUE GROWTH DECELERATION",
      "detail": "YoY growth: +6.2% vs prior quarter YoY: +20.0% (decel: -13.8%)",
      "severity": "WARNING"
    },
    {
      "quarter": "2023-03 (Q1)",
      "signal": "YoY REVENUE GROWTH DECELERATION",
      "detail": "YoY growth: +21.7% vs prior quarter YoY: +35.6% (decel: -13.9%)",
      "severity": "WARNING"
    },
    {
      "quarter": "2022-12 (Q4)",
      "signal": "FCF TURNED POSITIVE",
      "detail": "FCF margin: -2.0% -> +55.6%",
      "severity": "HIGH"
    },
    {
      "quarter": "2022-09 (Q3)",
      "signal": "GROSS MARGIN INFLECTION",
      "detail": "GM: +65.6% -> +65.3% -> +68.5% (reversal +3.3%)",
      "severity": "MEDIUM"
    },
    {
      "quarter": "2022-09 (Q3)",
      "signal": "YoY REVENUE GROWTH ACCELERATION",
      "detail": "YoY growth: +34.9% vs prior quarter YoY: +26.4% (accel: +8.4%)",
      "severity": "MEDIUM"
    },
    {
      "quarter": "2022-06 (Q2)",
      "signal": "YoY REVENUE GROWTH DECELERATION",
      "detail": "YoY growth: +26.4% vs prior quarter YoY: +38.4% (decel: -12.0%)",
      "severity": "WARNING"
    },
    {
      "quarter": "2022-03 (Q1)",
      "signal": "FCF TURNED POSITIVE",
      "detail": "FCF margin: -1.8% -> +3.7%",
      "severity": "HIGH"
    },
    {
      "quarter": "2022-03 (Q1)",
      "signal": "GROSS MARGIN INFLECTION",
      "detail": "GM: +62.5% -> +60.9% -> +65.6% (reversal +4.6%)",
      "severity": "MEDIUM"
    },
    {
      "quarter": "2021-06 (Q2)",
      "signal": "FCF TURNED POSITIVE",
      "detail": "FCF margin: -36.8% -> +27.7%",
      "severity": "HIGH"
    },
    {
      "quarter": "2021-06 (Q2)",
      "signal": "GROSS MARGIN INFLECTION",
      "detail": "GM: +56.0% -> +55.9% -> +60.7% (reversal +4.7%)",
      "severity": "MEDIUM"
    }
  ],
  "data_quality": {
    "n_quarters": 20,
    "coverage": {
      "revenue": [
        20,
        20
      ],
      "gross_profit": [
        20,
        20
      ],
      "op_income": [
        6,
        20
      ],
      "fcf": [
        20,
        20
      ]
    },
    "gaps": [],
    "warnings": [
      "op_income: 6/20Q"
    ]
  },
  "market_cap": null,
  "source": "SEC EDGAR",
  "last_updated": "2026-02-02T21:52:54.452015"
}