{
  "ticker": "PDM",
  "name": "Piedmont Realty Trust, Inc.",
  "quarters": [
    {
      "date": "2020-12-31T00:00:00",
      "quarter_label": "2020-12 (Q4)",
      "revenue": 131529000,
      "gross_profit": null,
      "operating_income": null,
      "net_income": 22609000,
      "opex": 112277000,
      "cogs": null,
      "rd": null,
      "sga": null,
      "fcf": 54474000,
      "ocf": 54474000,
      "capex": null,
      "gross_margin": null,
      "op_margin": null,
      "fcf_margin": 0.41415961498985016
    },
    {
      "date": "2021-03-31T00:00:00",
      "quarter_label": "2021-03 (Q1)",
      "revenue": 129257000,
      "gross_profit": null,
      "operating_income": null,
      "net_income": 9344000,
      "opex": 109690000,
      "cogs": null,
      "rd": null,
      "sga": null,
      "fcf": 46820000,
      "ocf": 46820000,
      "capex": null,
      "gross_margin": null,
      "op_margin": null,
      "fcf_margin": 0.36222409618047763,
      "fcf_margin_change": -0.05193551880937253
    },
    {
      "date": "2021-06-30T00:00:00",
      "quarter_label": "2021-06 (Q2)",
      "revenue": 130218000,
      "gross_profit": null,
      "operating_income": null,
      "net_income": 9947000,
      "opex": 110560000,
      "cogs": null,
      "rd": null,
      "sga": null,
      "fcf": 53372000,
      "ocf": 53372000,
      "capex": null,
      "gross_margin": null,
      "op_margin": null,
      "fcf_margin": 0.4098665315087008,
      "fcf_margin_change": 0.047642435328223154
    },
    {
      "date": "2021-09-30T00:00:00",
      "quarter_label": "2021-09 (Q3)",
      "revenue": 131071000,
      "gross_profit": null,
      "operating_income": null,
      "net_income": 11306000,
      "opex": 109657000,
      "cogs": null,
      "rd": null,
      "sga": null,
      "fcf": 64842000,
      "ocf": 64842000,
      "capex": null,
      "gross_margin": null,
      "op_margin": null,
      "fcf_margin": 0.4947089745252573,
      "fcf_margin_change": 0.08484244301655652
    },
    {
      "date": "2021-12-31T00:00:00",
      "quarter_label": "2021-12 (Q4)",
      "revenue": 138164000,
      "gross_profit": null,
      "operating_income": null,
      "net_income": -31750000,
      "opex": 158884000,
      "cogs": null,
      "rd": null,
      "sga": null,
      "fcf": 77169000,
      "ocf": 77169000,
      "capex": null,
      "gross_margin": null,
      "op_margin": null,
      "fcf_margin": 0.5585318896384007,
      "rev_growth_yoy": 0.050445148978552255,
      "op_leverage_ratio": 0.12054698078060479,
      "fcf_margin_change": 0.06382291511314342
    },
    {
      "date": "2022-03-31T00:00:00",
      "quarter_label": "2022-03 (Q1)",
      "revenue": 136149000,
      "gross_profit": null,
      "operating_income": null,
      "net_income": 59964000,
      "opex": 114984000,
      "cogs": null,
      "rd": null,
      "sga": null,
      "fcf": 39849000,
      "ocf": 39849000,
      "capex": null,
      "gross_margin": null,
      "op_margin": null,
      "fcf_margin": 0.29268668884824717,
      "rev_growth_yoy": 0.05332012966415745,
      "rev_growth_yoy_accel": 0.002874980685605197,
      "fcf_margin_change": -0.26584520079015356
    },
    {
      "date": "2022-06-30T00:00:00",
      "quarter_label": "2022-06 (Q2)",
      "revenue": 136309000,
      "gross_profit": null,
      "operating_income": null,
      "net_income": 7966000,
      "opex": 114513000,
      "cogs": null,
      "rd": null,
      "sga": null,
      "fcf": 51929000,
      "ocf": 51929000,
      "capex": null,
      "gross_margin": null,
      "op_margin": null,
      "fcf_margin": 0.38096530676624435,
      "rev_growth_yoy": 0.04677540739375509,
      "rev_growth_yoy_accel": -0.006544722270402363,
      "fcf_margin_change": 0.08827861791799718
    },
    {
      "date": "2022-09-30T00:00:00",
      "quarter_label": "2022-09 (Q3)",
      "revenue": 144100000,
      "gross_profit": null,
      "operating_income": null,
      "net_income": 3331000,
      "opex": 123860000,
      "cogs": null,
      "rd": null,
      "sga": null,
      "fcf": 72206000,
      "ocf": 72206000,
      "capex": null,
      "gross_margin": null,
      "op_margin": null,
      "fcf_margin": 0.5010825815405968,
      "rev_growth_yoy": 0.09940413974105637,
      "rev_growth_yoy_accel": 0.05262873234730128,
      "op_leverage_ratio": 0.7002469443401761,
      "fcf_margin_change": 0.12011727477435247
    },
    {
      "date": "2022-12-31T00:00:00",
      "quarter_label": "2022-12 (Q4)",
      "revenue": 147208000,
      "gross_profit": null,
      "operating_income": null,
      "net_income": 75569000,
      "opex": 152362000,
      "cogs": null,
      "rd": null,
      "sga": null,
      "fcf": 51231000,
      "ocf": 51231000,
      "capex": null,
      "gross_margin": null,
      "op_margin": null,
      "fcf_margin": 0.3480177707733275,
      "rev_growth_yoy": 0.0654584406936684,
      "rev_growth_yoy_accel": -0.03394569904738798,
      "op_leverage_ratio": 0.0937287379324124,
      "fcf_margin_change": -0.1530648107672693
    },
    {
      "date": "2023-03-31T00:00:00",
      "quarter_label": "2023-03 (Q1)",
      "revenue": 142367000,
      "gross_profit": null,
      "operating_income": null,
      "net_income": -1367000,
      "opex": 123310000,
      "cogs": null,
      "rd": null,
      "sga": null,
      "fcf": 40398000,
      "ocf": 40398000,
      "capex": null,
      "gross_margin": null,
      "op_margin": null,
      "fcf_margin": 0.2837595791159468,
      "rev_growth_yoy": 0.045670552115696775,
      "rev_growth_yoy_accel": -0.01978788857797162,
      "fcf_margin_change": -0.06425819165738073
    },
    {
      "date": "2023-06-30T00:00:00",
      "quarter_label": "2023-06 (Q2)",
      "revenue": 143072000,
      "gross_profit": null,
      "operating_income": null,
      "net_income": -1988000,
      "opex": 123455000,
      "cogs": null,
      "rd": null,
      "sga": null,
      "fcf": 54820000,
      "ocf": 54820000,
      "capex": null,
      "gross_margin": null,
      "op_margin": null,
      "fcf_margin": 0.38316372176246927,
      "rev_growth_yoy": 0.04961521249513972,
      "rev_growth_yoy_accel": 0.003944660379442945,
      "fcf_margin_change": 0.09940414264652248
    },
    {
      "date": "2023-09-30T00:00:00",
      "quarter_label": "2023-09 (Q3)",
      "revenue": 146986000,
      "gross_profit": null,
      "operating_income": null,
      "net_income": -17002000,
      "opex": 136157000,
      "cogs": null,
      "rd": null,
      "sga": null,
      "fcf": 65313000,
      "ocf": 65313000,
      "capex": null,
      "gross_margin": null,
      "op_margin": null,
      "fcf_margin": 0.4443484413481556,
      "rev_growth_yoy": 0.020027758501040945,
      "rev_growth_yoy_accel": -0.029587453994098775,
      "op_leverage_ratio": 0.26589045581664666,
      "fcf_margin_change": 0.06118471958568633
    },
    {
      "date": "2023-12-31T00:00:00",
      "quarter_label": "2023-12 (Q4)",
      "revenue": 145331000,
      "gross_profit": null,
      "operating_income": null,
      "net_income": -28030000,
      "opex": 147019000,
      "cogs": null,
      "rd": null,
      "sga": null,
      "fcf": 49600000,
      "ocf": 49600000,
      "capex": null,
      "gross_margin": null,
      "op_margin": null,
      "fcf_margin": 0.34128988309445335,
      "rev_growth_yoy": -0.012750665724688876,
      "rev_growth_yoy_accel": -0.032778424225729824,
      "fcf_margin_change": -0.10305855825370225
    },
    {
      "date": "2024-03-31T00:00:00",
      "quarter_label": "2024-03 (Q1)",
      "revenue": 144538000,
      "gross_profit": null,
      "operating_income": null,
      "net_income": -27763000,
      "opex": 142477000,
      "cogs": null,
      "rd": null,
      "sga": null,
      "fcf": 23361000,
      "ocf": 23361000,
      "capex": null,
      "gross_margin": null,
      "op_margin": null,
      "fcf_margin": 0.16162531652575793,
      "rev_growth_yoy": 0.015249320418355377,
      "rev_growth_yoy_accel": 0.027999986143044255,
      "fcf_margin_change": -0.17966456656869542
    },
    {
      "date": "2024-06-30T00:00:00",
      "quarter_label": "2024-06 (Q2)",
      "revenue": 143262000,
      "gross_profit": null,
      "operating_income": null,
      "net_income": -9809000,
      "opex": 123828000,
      "cogs": null,
      "rd": null,
      "sga": null,
      "fcf": 66826000,
      "ocf": 66826000,
      "capex": null,
      "gross_margin": null,
      "op_margin": null,
      "fcf_margin": 0.46646005221203113,
      "rev_growth_yoy": 0.0013280026839633191,
      "rev_growth_yoy_accel": -0.013921317734392057,
      "fcf_margin_change": 0.3048347356862732
    },
    {
      "date": "2024-09-30T00:00:00",
      "quarter_label": "2024-09 (Q3)",
      "revenue": 139293000,
      "gross_profit": null,
      "operating_income": null,
      "net_income": -11519000,
      "opex": 120386000,
      "cogs": null,
      "rd": null,
      "sga": null,
      "fcf": 42884000,
      "ocf": 42884000,
      "capex": null,
      "gross_margin": null,
      "op_margin": null,
      "fcf_margin": 0.30786902428693474,
      "rev_growth_yoy": -0.052338317935041435,
      "rev_growth_yoy_accel": -0.053666320619004754,
      "fcf_margin_change": -0.15859102792509638
    },
    {
      "date": "2024-12-31T00:00:00",
      "quarter_label": "2024-12 (Q4)",
      "revenue": 143231000,
      "gross_profit": null,
      "operating_income": null,
      "net_income": -29978000,
      "opex": 143227000,
      "cogs": null,
      "rd": null,
      "sga": null,
      "fcf": 65041000,
      "ocf": 65041000,
      "capex": null,
      "gross_margin": null,
      "op_margin": null,
      "fcf_margin": 0.45409862390125044,
      "rev_growth_yoy": -0.014449773276176452,
      "rev_growth_yoy_accel": 0.03788854465886499,
      "op_leverage_ratio": 0.14900721257384159,
      "fcf_margin_change": 0.1462295996143157
    },
    {
      "date": "2025-03-31T00:00:00",
      "quarter_label": "2025-03 (Q1)",
      "revenue": 142686000,
      "gross_profit": null,
      "operating_income": null,
      "net_income": -10104000,
      "opex": 121791000,
      "cogs": null,
      "rd": null,
      "sga": null,
      "fcf": 3714000,
      "ocf": 3714000,
      "capex": null,
      "gross_margin": null,
      "op_margin": null,
      "fcf_margin": 0.026029182961187503,
      "rev_growth_yoy": -0.012813239424926317,
      "rev_growth_yoy_accel": 0.0016365338512501354,
      "fcf_margin_change": -0.42806944094006294
    },
    {
      "date": "2025-06-30T00:00:00",
      "quarter_label": "2025-06 (Q2)",
      "revenue": 140292000,
      "gross_profit": null,
      "operating_income": null,
      "net_income": -16808000,
      "opex": 119001000,
      "cogs": null,
      "rd": null,
      "sga": null,
      "fcf": 50103000,
      "ocf": 50103000,
      "capex": null,
      "gross_margin": null,
      "op_margin": null,
      "fcf_margin": 0.357133692584039,
      "rev_growth_yoy": -0.020731247644176404,
      "rev_growth_yoy_accel": -0.007918008219250088,
      "fcf_margin_change": 0.3311045096228515
    },
    {
      "date": "2025-09-30T00:00:00",
      "quarter_label": "2025-09 (Q3)",
      "revenue": 139163000,
      "gross_profit": null,
      "operating_income": null,
      "net_income": -13462000,
      "opex": 120812000,
      "cogs": null,
      "rd": null,
      "sga": null,
      "fcf": 35811000,
      "ocf": 35811000,
      "capex": null,
      "gross_margin": null,
      "op_margin": null,
      "fcf_margin": 0.25733133088536464,
      "rev_growth_yoy": -0.0009332845153740676,
      "rev_growth_yoy_accel": 0.01979796312880234,
      "fcf_margin_change": -0.09980236169867435
    }
  ],
  "signals": [
    {
      "quarter": "2025-06 (Q2)",
      "signal": "FCF MARGIN EXPANSION",
      "detail": "FCF margin: +2.6% -> +35.7% (+33.1%)",
      "severity": "MEDIUM"
    },
    {
      "quarter": "2024-12 (Q4)",
      "signal": "FCF MARGIN EXPANSION",
      "detail": "FCF margin: +30.8% -> +45.4% (+14.6%)",
      "severity": "MEDIUM"
    },
    {
      "quarter": "2024-09 (Q3)",
      "signal": "YoY REVENUE GROWTH DECELERATION",
      "detail": "YoY growth: -5.2% vs prior quarter YoY: +0.1% (decel: -5.4%)",
      "severity": "WARNING"
    },
    {
      "quarter": "2024-06 (Q2)",
      "signal": "FCF MARGIN EXPANSION",
      "detail": "FCF margin: +16.2% -> +46.6% (+30.5%)",
      "severity": "MEDIUM"
    },
    {
      "quarter": "2023-09 (Q3)",
      "signal": "FCF MARGIN EXPANSION",
      "detail": "FCF margin: +38.3% -> +44.4% (+6.1%)",
      "severity": "MEDIUM"
    },
    {
      "quarter": "2023-06 (Q2)",
      "signal": "FCF MARGIN EXPANSION",
      "detail": "FCF margin: +28.4% -> +38.3% (+9.9%)",
      "severity": "MEDIUM"
    },
    {
      "quarter": "2022-09 (Q3)",
      "signal": "FCF MARGIN EXPANSION",
      "detail": "FCF margin: +38.1% -> +50.1% (+12.0%)",
      "severity": "MEDIUM"
    },
    {
      "quarter": "2022-09 (Q3)",
      "signal": "YoY REVENUE GROWTH ACCELERATION",
      "detail": "YoY growth: +9.9% vs prior quarter YoY: +4.7% (accel: +5.3%)",
      "severity": "MEDIUM"
    },
    {
      "quarter": "2022-06 (Q2)",
      "signal": "FCF MARGIN EXPANSION",
      "detail": "FCF margin: +29.3% -> +38.1% (+8.8%)",
      "severity": "MEDIUM"
    },
    {
      "quarter": "2021-12 (Q4)",
      "signal": "FCF MARGIN EXPANSION",
      "detail": "FCF margin: +49.5% -> +55.9% (+6.4%)",
      "severity": "MEDIUM"
    },
    {
      "quarter": "2021-09 (Q3)",
      "signal": "FCF MARGIN EXPANSION",
      "detail": "FCF margin: +41.0% -> +49.5% (+8.5%)",
      "severity": "MEDIUM"
    }
  ],
  "data_quality": {
    "n_quarters": 20,
    "coverage": {
      "revenue": [
        20,
        20
      ],
      "gross_profit": [
        0,
        20
      ],
      "op_income": [
        0,
        20
      ],
      "fcf": [
        20,
        20
      ]
    },
    "gaps": [],
    "warnings": [
      "gross_profit: no data",
      "op_income: no data"
    ]
  },
  "market_cap": null,
  "source": "SEC EDGAR",
  "last_updated": "2026-02-02T22:00:10.936363"
}