{
  "ticker": "PEB",
  "name": "PEBBLEBROOK HOTEL TRUST",
  "quarters": [
    {
      "date": "2020-12-31T00:00:00",
      "quarter_label": "2020-12 (Q4)",
      "revenue": 74209000,
      "gross_profit": 7773000,
      "operating_income": -139526000,
      "net_income": -172858000,
      "opex": 213735000,
      "cogs": 66436000,
      "rd": null,
      "sga": null,
      "fcf": -54918000,
      "ocf": -54918000,
      "capex": null,
      "gross_margin": 0.10474470751526095,
      "op_margin": -1.880176258944333,
      "fcf_margin": -0.7400450080178954
    },
    {
      "date": "2021-03-31T00:00:00",
      "quarter_label": "2021-03 (Q1)",
      "revenue": 83643000,
      "gross_profit": 10962000,
      "operating_income": -96135000,
      "net_income": -120582000,
      "opex": 179778000,
      "cogs": 72681000,
      "rd": null,
      "sga": null,
      "fcf": -7136000,
      "ocf": -7136000,
      "capex": null,
      "gross_margin": 0.1310569922169219,
      "op_margin": -1.149349019045228,
      "fcf_margin": -0.08531496957306649,
      "op_leverage_ratio": Infinity,
      "fcf_margin_change": 0.6547300384448289
    },
    {
      "date": "2021-06-30T00:00:00",
      "quarter_label": "2021-06 (Q2)",
      "revenue": 163314000,
      "gross_profit": 56079000,
      "operating_income": 26255000,
      "net_income": 1530000,
      "opex": 137059000,
      "cogs": 107235000,
      "rd": null,
      "sga": null,
      "fcf": 4853000,
      "ocf": 4853000,
      "capex": null,
      "gross_margin": 0.34338146147911386,
      "op_margin": 0.16076392715872492,
      "fcf_margin": 0.029715762273901807,
      "op_leverage_ratio": Infinity,
      "fcf_margin_change": 0.1150307318469683
    },
    {
      "date": "2021-09-30T00:00:00",
      "quarter_label": "2021-09 (Q3)",
      "revenue": 238810000,
      "gross_profit": 90759000,
      "operating_income": -630000,
      "net_income": -23413000,
      "opex": 239440000,
      "cogs": 148051000,
      "rd": null,
      "sga": null,
      "fcf": 46536000,
      "ocf": 46536000,
      "capex": null,
      "gross_margin": 0.3800468992085759,
      "op_margin": -0.0026380804823918596,
      "fcf_margin": 0.1948662116326787,
      "op_leverage_ratio": 0.6188547343279017,
      "fcf_margin_change": 0.1651504493587769
    },
    {
      "date": "2021-12-31T00:00:00",
      "quarter_label": "2021-12 (Q4)",
      "revenue": 247277000,
      "gross_profit": 78664000,
      "operating_income": -19281000,
      "net_income": -42393000,
      "opex": 266558000,
      "cogs": 168613000,
      "rd": null,
      "sga": null,
      "fcf": 26513000,
      "ocf": 26513000,
      "capex": null,
      "gross_margin": 0.3181209736449407,
      "op_margin": -0.07797328502044266,
      "fcf_margin": 0.10721983848073213,
      "incr_op_margin_yoy": 0.6947847089005478,
      "rev_growth_yoy": 2.332169952431646,
      "op_leverage_ratio": 0.3130517231154367,
      "fcf_margin_change": -0.08764637315194657
    },
    {
      "date": "2022-03-31T00:00:00",
      "quarter_label": "2022-03 (Q1)",
      "revenue": 258068000,
      "gross_profit": 83708000,
      "operating_income": -77663000,
      "net_income": -99530000,
      "opex": 335731000,
      "cogs": 174360000,
      "rd": null,
      "sga": null,
      "fcf": 38832000,
      "ocf": 38832000,
      "capex": null,
      "gross_margin": 0.32436412108436535,
      "op_margin": -0.3009400623091588,
      "fcf_margin": 0.15047196862842352,
      "incr_op_margin_yoy": 0.10590225025082414,
      "rev_growth_yoy": 2.0853508362923376,
      "rev_growth_yoy_accel": -0.2468191161393083,
      "op_leverage_ratio": 0.16816401946793685,
      "fcf_margin_change": 0.04325213014769139
    },
    {
      "date": "2022-06-30T00:00:00",
      "quarter_label": "2022-06 (Q2)",
      "revenue": 397524000,
      "gross_profit": 169128000,
      "operating_income": 51944000,
      "net_income": 27989000,
      "opex": 345580000,
      "cogs": 228396000,
      "rd": null,
      "sga": null,
      "fcf": 103797000,
      "ocf": 103797000,
      "capex": null,
      "gross_margin": 0.42545355752105535,
      "op_margin": 0.13066884012034494,
      "fcf_margin": 0.26110876324448334,
      "incr_op_margin_yoy": 0.10968361726655565,
      "rev_growth_yoy": 1.434108527131783,
      "rev_growth_yoy_accel": -0.6512423091605546,
      "op_leverage_ratio": 18.420539885205205,
      "fcf_margin_change": 0.11063679461605982
    },
    {
      "date": "2022-09-30T00:00:00",
      "quarter_label": "2022-09 (Q3)",
      "revenue": 416693000,
      "gross_profit": 165171000,
      "operating_income": 52217000,
      "net_income": 25068000,
      "opex": 364476000,
      "cogs": 251522000,
      "rd": null,
      "sga": null,
      "fcf": 111784000,
      "ocf": 111784000,
      "capex": null,
      "gross_margin": 0.3963853484459782,
      "op_margin": 0.12531288022596973,
      "fcf_margin": 0.2682646456743934,
      "incr_op_margin_yoy": 0.297088535722919,
      "rev_growth_yoy": 0.7448724927766844,
      "rev_growth_yoy_accel": -0.6892360343550986,
      "op_leverage_ratio": 0.8818908236522601,
      "fcf_margin_change": 0.007155882429910054
    },
    {
      "date": "2022-12-31T00:00:00",
      "quarter_label": "2022-12 (Q4)",
      "revenue": 319606000,
      "gross_profit": 90410000,
      "operating_income": -11776000,
      "net_income": -40698000,
      "opex": 331382000,
      "cogs": 229196000,
      "rd": null,
      "sga": null,
      "fcf": 24332000,
      "ocf": 24332000,
      "capex": null,
      "gross_margin": 0.2828795454403234,
      "op_margin": -0.036845365856711075,
      "fcf_margin": 0.07613123658504534,
      "incr_op_margin_yoy": 0.10376197652393922,
      "rev_growth_yoy": 0.29250193103280936,
      "rev_growth_yoy_accel": -0.4523705617438751,
      "fcf_margin_change": -0.19213340908934806
    },
    {
      "date": "2023-03-31T00:00:00",
      "quarter_label": "2023-03 (Q1)",
      "revenue": 305719000,
      "gross_profit": 91409000,
      "operating_income": 5202000,
      "net_income": -22928000,
      "opex": 300517000,
      "cogs": 214310000,
      "rd": null,
      "sga": null,
      "fcf": 46229000,
      "ocf": 46229000,
      "capex": null,
      "gross_margin": 0.29899679117097727,
      "op_margin": 0.017015625459981226,
      "fcf_margin": 0.15121402333515419,
      "incr_op_margin_yoy": 1.7389981322532582,
      "rev_growth_yoy": 0.18464513229071408,
      "rev_growth_yoy_accel": -0.10785679874209528,
      "fcf_margin_change": 0.07508278675010885
    },
    {
      "date": "2023-06-30T00:00:00",
      "quarter_label": "2023-06 (Q2)",
      "revenue": 384343000,
      "gross_profit": 138314000,
      "operating_income": 74806000,
      "net_income": 44725000,
      "opex": 309537000,
      "cogs": 246029000,
      "rd": null,
      "sga": null,
      "fcf": 73993000,
      "ocf": 73993000,
      "capex": null,
      "gross_margin": 0.3598712608269176,
      "op_margin": 0.19463343940178435,
      "fcf_margin": 0.19251814134770245,
      "incr_op_margin_yoy": -1.7344662772172066,
      "rev_growth_yoy": -0.033157746450528776,
      "rev_growth_yoy_accel": -0.21780287874124285,
      "op_leverage_ratio": 8.568310805303152,
      "fcf_margin_change": 0.04130411801254827
    },
    {
      "date": "2023-09-30T00:00:00",
      "quarter_label": "2023-09 (Q3)",
      "revenue": 395799000,
      "gross_profit": 146047000,
      "operating_income": -26043000,
      "net_income": -57142000,
      "opex": 421842000,
      "cogs": 249752000,
      "rd": null,
      "sga": null,
      "fcf": 82061000,
      "ocf": 82061000,
      "capex": null,
      "gross_margin": 0.3689928473796043,
      "op_margin": -0.0657985492636414,
      "fcf_margin": 0.207329983148012,
      "incr_op_margin_yoy": 3.7455728917392555,
      "rev_growth_yoy": -0.0501424309983609,
      "rev_growth_yoy_accel": -0.016984684547832127,
      "op_leverage_ratio": 0.08215377158820318,
      "fcf_margin_change": 0.014811841800309533
    },
    {
      "date": "2023-12-31T00:00:00",
      "quarter_label": "2023-12 (Q4)",
      "revenue": 334088000,
      "gross_profit": 103099000,
      "operating_income": -16155000,
      "net_income": -42672000,
      "opex": 350243000,
      "cogs": 230989000,
      "rd": null,
      "sga": null,
      "fcf": 33914000,
      "ocf": 33914000,
      "capex": null,
      "gross_margin": 0.308598333373243,
      "op_margin": -0.04835552309571131,
      "fcf_margin": 0.1015121764325567,
      "incr_op_margin_yoy": -0.3023753625189891,
      "rev_growth_yoy": 0.045312040449803824,
      "rev_growth_yoy_accel": 0.09545447144816473,
      "fcf_margin_change": -0.10581780671545529
    },
    {
      "date": "2024-03-31T00:00:00",
      "quarter_label": "2024-03 (Q1)",
      "revenue": 314069000,
      "gross_profit": 98013000,
      "operating_income": -1379000,
      "net_income": -28350000,
      "opex": 315448000,
      "cogs": 216056000,
      "rd": null,
      "sga": null,
      "fcf": 46000000,
      "ocf": 46000000,
      "capex": null,
      "gross_margin": 0.31207473516966017,
      "op_margin": -0.00439075489780908,
      "fcf_margin": 0.14646463038376917,
      "incr_op_margin_yoy": -0.7881437125748503,
      "rev_growth_yoy": 0.027312662935571556,
      "rev_growth_yoy_accel": -0.01799937751423227,
      "fcf_margin_change": 0.04495245395121247
    },
    {
      "date": "2024-06-30T00:00:00",
      "quarter_label": "2024-06 (Q2)",
      "revenue": 397110000,
      "gross_profit": 149453000,
      "operating_income": 60971000,
      "net_income": 30936000,
      "opex": 336139000,
      "cogs": 247657000,
      "rd": null,
      "sga": null,
      "fcf": 83671000,
      "ocf": 83671000,
      "capex": null,
      "gross_margin": 0.3763516406033593,
      "op_margin": 0.15353680340459822,
      "fcf_margin": 0.21069980609906575,
      "incr_op_margin_yoy": -1.083653168324587,
      "rev_growth_yoy": 0.03321772479269819,
      "rev_growth_yoy_accel": 0.005905061857126633,
      "op_leverage_ratio": 4.031009263808852,
      "fcf_margin_change": 0.06423517571529658
    },
    {
      "date": "2024-09-30T00:00:00",
      "quarter_label": "2024-09 (Q3)",
      "revenue": 404530000,
      "gross_profit": 147510000,
      "operating_income": 47064000,
      "net_income": 43657000,
      "opex": 357466000,
      "cogs": 257020000,
      "rd": null,
      "sga": null,
      "fcf": 76079000,
      "ocf": 76079000,
      "capex": null,
      "gross_margin": 0.36464539094751935,
      "op_margin": 0.11634242207005661,
      "fcf_margin": 0.18806763404444665,
      "incr_op_margin_yoy": 8.373267666933913,
      "rev_growth_yoy": 0.022059176501203894,
      "rev_growth_yoy_accel": -0.011158548291494295,
      "op_leverage_ratio": 0.2944979096327604,
      "fcf_margin_change": -0.022632172054619093
    },
    {
      "date": "2024-12-31T00:00:00",
      "quarter_label": "2024-12 (Q4)",
      "revenue": 337600000,
      "gross_profit": 97330000,
      "operating_income": -22630000,
      "net_income": -50485000,
      "opex": 360230000,
      "cogs": 240270000,
      "rd": null,
      "sga": null,
      "fcf": 69252000,
      "ocf": 69252000,
      "capex": null,
      "gross_margin": 0.28829976303317534,
      "op_margin": -0.06703199052132701,
      "fcf_margin": 0.2051303317535545,
      "incr_op_margin_yoy": -1.8436788154897494,
      "rev_growth_yoy": 0.01051220037834343,
      "rev_growth_yoy_accel": -0.011546976122860464,
      "fcf_margin_change": 0.017062697709107844
    },
    {
      "date": "2025-03-31T00:00:00",
      "quarter_label": "2025-03 (Q1)",
      "revenue": 320266000,
      "gross_profit": 93052000,
      "operating_income": -7237000,
      "net_income": -32947000,
      "opex": 327503000,
      "cogs": 227214000,
      "rd": null,
      "sga": null,
      "fcf": 50341000,
      "ocf": 50341000,
      "capex": null,
      "gross_margin": 0.29054598365109,
      "op_margin": -0.022596841375606528,
      "fcf_margin": 0.15718496499784554,
      "incr_op_margin_yoy": -0.945296111021462,
      "rev_growth_yoy": 0.0197313329236569,
      "rev_growth_yoy_accel": 0.009219132545313471,
      "fcf_margin_change": -0.04794536675570896
    },
    {
      "date": "2025-06-30T00:00:00",
      "quarter_label": "2025-06 (Q2)",
      "revenue": 407537000,
      "gross_profit": 153751000,
      "operating_income": 52388000,
      "net_income": 18056000,
      "opex": 355149000,
      "cogs": 253786000,
      "rd": null,
      "sga": null,
      "fcf": 90542000,
      "ocf": 90542000,
      "capex": null,
      "gross_margin": 0.3772688124023095,
      "op_margin": 0.12854783737427522,
      "fcf_margin": 0.22216878467476572,
      "incr_op_margin_yoy": -0.8231514337776925,
      "rev_growth_yoy": 0.02625720833018559,
      "rev_growth_yoy_accel": 0.00652587540652869,
      "op_leverage_ratio": 3.2280636961473834,
      "fcf_margin_change": 0.06498381967692018
    },
    {
      "date": "2025-09-30T00:00:00",
      "quarter_label": "2025-09 (Q3)",
      "revenue": 398723000,
      "gross_profit": 139671000,
      "operating_income": -10208000,
      "net_income": -33067000,
      "opex": 408931000,
      "cogs": 259052000,
      "rd": null,
      "sga": null,
      "fcf": 77568000,
      "ocf": 77568000,
      "capex": null,
      "gross_margin": 0.3502958194034455,
      "op_margin": -0.02560173353430828,
      "fcf_margin": 0.19454107237355256,
      "incr_op_margin_yoy": 9.862579645255726,
      "rev_growth_yoy": -0.01435493041307196,
      "rev_growth_yoy_accel": -0.04061213874325755,
      "fcf_margin_change": -0.027627712301213164
    }
  ],
  "signals": [
    {
      "quarter": "2025-06 (Q2)",
      "signal": "FCF MARGIN EXPANSION",
      "detail": "FCF margin: +15.7% -> +22.2% (+6.5%)",
      "severity": "MEDIUM"
    },
    {
      "quarter": "2025-06 (Q2)",
      "signal": "OPERATING LEVERAGE",
      "detail": "Rev growth +27.2% vs OpEx growth +8.4% (leverage: 3.2x)",
      "severity": "MEDIUM"
    },
    {
      "quarter": "2025-06 (Q2)",
      "signal": "OP MARGIN TURNED POSITIVE (QoQ)",
      "detail": "Op margin: -2.3% -> +12.9%",
      "severity": "HIGH"
    },
    {
      "quarter": "2024-09 (Q3)",
      "signal": "OP MARGIN TURNED POSITIVE (YoY)",
      "detail": "Op margin: -6.6% (year-ago) -> +11.6%",
      "severity": "HIGH"
    },
    {
      "quarter": "2024-06 (Q2)",
      "signal": "FCF MARGIN EXPANSION",
      "detail": "FCF margin: +14.6% -> +21.1% (+6.4%)",
      "severity": "MEDIUM"
    },
    {
      "quarter": "2024-06 (Q2)",
      "signal": "OPERATING LEVERAGE",
      "detail": "Rev growth +26.4% vs OpEx growth +6.6% (leverage: 4.0x)",
      "severity": "MEDIUM"
    },
    {
      "quarter": "2024-06 (Q2)",
      "signal": "OP MARGIN TURNED POSITIVE (QoQ)",
      "detail": "Op margin: -0.4% -> +15.4%",
      "severity": "HIGH"
    },
    {
      "quarter": "2023-12 (Q4)",
      "signal": "YoY REVENUE GROWTH ACCELERATION",
      "detail": "YoY growth: +4.5% vs prior quarter YoY: -5.0% (accel: +9.5%)",
      "severity": "MEDIUM"
    },
    {
      "quarter": "2023-06 (Q2)",
      "signal": "OPERATING LEVERAGE",
      "detail": "Rev growth +25.7% vs OpEx growth +3.0% (leverage: 8.6x)",
      "severity": "MEDIUM"
    },
    {
      "quarter": "2023-06 (Q2)",
      "signal": "YoY REVENUE GROWTH DECELERATION",
      "detail": "YoY growth: -3.3% vs prior quarter YoY: +18.5% (decel: -21.8%)",
      "severity": "WARNING"
    },
    {
      "quarter": "2023-03 (Q1)",
      "signal": "FCF MARGIN EXPANSION",
      "detail": "FCF margin: +7.6% -> +15.1% (+7.5%)",
      "severity": "MEDIUM"
    },
    {
      "quarter": "2023-03 (Q1)",
      "signal": "YoY REVENUE GROWTH DECELERATION",
      "detail": "YoY growth: +18.5% vs prior quarter YoY: +29.3% (decel: -10.8%)",
      "severity": "WARNING"
    },
    {
      "quarter": "2023-03 (Q1)",
      "signal": "OP MARGIN TURNED POSITIVE (YoY)",
      "detail": "Op margin: -30.1% (year-ago) -> +1.7%",
      "severity": "HIGH"
    },
    {
      "quarter": "2023-03 (Q1)",
      "signal": "OP MARGIN TURNED POSITIVE (QoQ)",
      "detail": "Op margin: -3.7% -> +1.7%",
      "severity": "HIGH"
    },
    {
      "quarter": "2022-12 (Q4)",
      "signal": "YoY REVENUE GROWTH DECELERATION",
      "detail": "YoY growth: +29.3% vs prior quarter YoY: +74.5% (decel: -45.2%)",
      "severity": "WARNING"
    },
    {
      "quarter": "2022-09 (Q3)",
      "signal": "YoY REVENUE GROWTH DECELERATION",
      "detail": "YoY growth: +74.5% vs prior quarter YoY: +143.4% (decel: -68.9%)",
      "severity": "WARNING"
    },
    {
      "quarter": "2022-09 (Q3)",
      "signal": "OP MARGIN TURNED POSITIVE (YoY)",
      "detail": "Op margin: -0.3% (year-ago) -> +12.5%",
      "severity": "HIGH"
    },
    {
      "quarter": "2022-06 (Q2)",
      "signal": "FCF MARGIN EXPANSION",
      "detail": "FCF margin: +15.0% -> +26.1% (+11.1%)",
      "severity": "MEDIUM"
    },
    {
      "quarter": "2022-06 (Q2)",
      "signal": "OPERATING LEVERAGE",
      "detail": "Rev growth +54.0% vs OpEx growth +2.9% (leverage: 18.4x)",
      "severity": "MEDIUM"
    },
    {
      "quarter": "2022-06 (Q2)",
      "signal": "YoY REVENUE GROWTH DECELERATION",
      "detail": "YoY growth: +143.4% vs prior quarter YoY: +208.5% (decel: -65.1%)",
      "severity": "WARNING"
    },
    {
      "quarter": "2022-06 (Q2)",
      "signal": "OP MARGIN TURNED POSITIVE (QoQ)",
      "detail": "Op margin: -30.1% -> +13.1%",
      "severity": "HIGH"
    },
    {
      "quarter": "2022-03 (Q1)",
      "signal": "YoY REVENUE GROWTH DECELERATION",
      "detail": "YoY growth: +208.5% vs prior quarter YoY: +233.2% (decel: -24.7%)",
      "severity": "WARNING"
    },
    {
      "quarter": "2021-09 (Q3)",
      "signal": "FCF MARGIN EXPANSION",
      "detail": "FCF margin: +3.0% -> +19.5% (+16.5%)",
      "severity": "MEDIUM"
    },
    {
      "quarter": "2021-06 (Q2)",
      "signal": "FCF TURNED POSITIVE",
      "detail": "FCF margin: -8.5% -> +3.0%",
      "severity": "HIGH"
    },
    {
      "quarter": "2021-06 (Q2)",
      "signal": "OP MARGIN TURNED POSITIVE (QoQ)",
      "detail": "Op margin: -114.9% -> +16.1%",
      "severity": "HIGH"
    },
    {
      "quarter": "2021-03 (Q1)",
      "signal": "FCF MARGIN EXPANSION",
      "detail": "FCF margin: -74.0% -> -8.5% (+65.5%)",
      "severity": "MEDIUM"
    }
  ],
  "data_quality": {
    "n_quarters": 20,
    "coverage": {
      "revenue": [
        20,
        20
      ],
      "gross_profit": [
        20,
        20
      ],
      "op_income": [
        20,
        20
      ],
      "fcf": [
        20,
        20
      ]
    },
    "gaps": [],
    "warnings": []
  },
  "market_cap": null,
  "source": "SEC EDGAR",
  "last_updated": "2026-02-02T21:51:45.166792"
}