{
  "ticker": "PEBO",
  "name": "PEOPLES BANCORP INC.",
  "quarters": [
    {
      "date": "2020-12-31T00:00:00",
      "quarter_label": "2020-12 (Q4)",
      "revenue": 128000,
      "gross_profit": null,
      "operating_income": 24836000,
      "net_income": 20573000,
      "opex": null,
      "cogs": null,
      "rd": null,
      "sga": null,
      "fcf": 28894000,
      "ocf": 29491000,
      "capex": -597000,
      "gross_margin": null,
      "op_margin": 194.03125,
      "fcf_margin": 225.734375
    },
    {
      "date": "2021-03-31T00:00:00",
      "quarter_label": "2021-03 (Q1)",
      "revenue": 125000,
      "gross_profit": null,
      "operating_income": 19243000,
      "net_income": 15463000,
      "opex": null,
      "cogs": null,
      "rd": null,
      "sga": null,
      "fcf": 18011000,
      "ocf": 18322000,
      "capex": -311000,
      "gross_margin": null,
      "op_margin": 153.944,
      "fcf_margin": 144.088,
      "fcf_margin_change": -81.646375
    },
    {
      "date": "2021-06-30T00:00:00",
      "quarter_label": "2021-06 (Q2)",
      "revenue": 14327000,
      "gross_profit": null,
      "operating_income": 12494000,
      "net_income": 10103000,
      "opex": null,
      "cogs": null,
      "rd": null,
      "sga": null,
      "fcf": 17814000,
      "ocf": 20353000,
      "capex": -2539000,
      "gross_margin": null,
      "op_margin": 0.8720597473302156,
      "fcf_margin": 1.2433866126893278,
      "fcf_margin_change": -142.84461338731066
    },
    {
      "date": "2021-09-30T00:00:00",
      "quarter_label": "2021-09 (Q3)",
      "revenue": 14680000,
      "gross_profit": null,
      "operating_income": -7930000,
      "net_income": -5758000,
      "opex": null,
      "cogs": null,
      "rd": null,
      "sga": null,
      "fcf": 25004000,
      "ocf": 28047000,
      "capex": -3043000,
      "gross_margin": null,
      "op_margin": -0.5401907356948229,
      "fcf_margin": 1.7032697547683924,
      "fcf_margin_change": 0.45988314207906456
    },
    {
      "date": "2021-12-31T00:00:00",
      "quarter_label": "2021-12 (Q4)",
      "revenue": 53000,
      "gross_profit": null,
      "operating_income": 33163000,
      "net_income": 27747000,
      "opex": null,
      "cogs": null,
      "rd": null,
      "sga": null,
      "fcf": 88906000,
      "ocf": 89698000,
      "capex": -792000,
      "gross_margin": null,
      "op_margin": 625.7169811320755,
      "fcf_margin": 1677.4716981132076,
      "rev_growth_yoy": -0.5859375,
      "fcf_margin_change": 1675.7684283584392
    },
    {
      "date": "2022-03-31T00:00:00",
      "quarter_label": "2022-03 (Q1)",
      "revenue": 18111000,
      "gross_profit": null,
      "operating_income": 29538000,
      "net_income": 23577000,
      "opex": null,
      "cogs": null,
      "rd": null,
      "sga": null,
      "fcf": 13657000,
      "ocf": 15710000,
      "capex": -2053000,
      "gross_margin": null,
      "op_margin": 1.6309425211197615,
      "fcf_margin": 0.7540721108718459,
      "incr_op_margin_yoy": 0.5723896363838541,
      "rev_growth_yoy": 143.888,
      "rev_growth_yoy_accel": 144.4739375,
      "fcf_margin_change": -1676.7176260023357
    },
    {
      "date": "2022-06-30T00:00:00",
      "quarter_label": "2022-06 (Q2)",
      "revenue": 17454000,
      "gross_profit": null,
      "operating_income": 31735000,
      "net_income": 24888000,
      "opex": null,
      "cogs": null,
      "rd": null,
      "sga": null,
      "fcf": 45589000,
      "ocf": 46998000,
      "capex": -1409000,
      "gross_margin": null,
      "op_margin": 1.8182078606623124,
      "fcf_margin": 2.6119514151483902,
      "incr_op_margin_yoy": 6.153181963543332,
      "rev_growth_yoy": 0.21825923082292176,
      "rev_growth_yoy_accel": -143.66974076917708,
      "fcf_margin_change": 1.8578793042765445
    },
    {
      "date": "2022-09-30T00:00:00",
      "quarter_label": "2022-09 (Q3)",
      "revenue": 17145000,
      "gross_profit": null,
      "operating_income": 33388000,
      "net_income": 25978000,
      "opex": null,
      "cogs": null,
      "rd": null,
      "sga": null,
      "fcf": 36246000,
      "ocf": 39792000,
      "capex": -3546000,
      "gross_margin": null,
      "op_margin": 1.947389909594634,
      "fcf_margin": 2.1140857392825896,
      "incr_op_margin_yoy": 16.761866125760648,
      "rev_growth_yoy": 0.16791553133514986,
      "rev_growth_yoy_accel": -0.0503436994877719,
      "fcf_margin_change": -0.49786567586580066
    },
    {
      "date": "2022-12-31T00:00:00",
      "quarter_label": "2022-12 (Q4)",
      "revenue": 17247000,
      "gross_profit": null,
      "operating_income": 33980000,
      "net_income": 26849000,
      "opex": null,
      "cogs": null,
      "rd": null,
      "sga": null,
      "fcf": 17594000,
      "ocf": 17339000,
      "capex": 255000,
      "gross_margin": null,
      "op_margin": 1.9701977155447323,
      "fcf_margin": 1.0201194410622136,
      "incr_op_margin_yoy": 0.04751657554961033,
      "rev_growth_yoy": 324.41509433962267,
      "rev_growth_yoy_accel": 324.2471788082875,
      "fcf_margin_change": -1.093966298220376
    },
    {
      "date": "2023-03-31T00:00:00",
      "quarter_label": "2023-03 (Q1)",
      "revenue": 18905000,
      "gross_profit": null,
      "operating_income": 33606000,
      "net_income": 26560000,
      "opex": null,
      "cogs": null,
      "rd": null,
      "sga": null,
      "fcf": 45240000,
      "ocf": 47997000,
      "capex": -2757000,
      "gross_margin": null,
      "op_margin": 1.777624966939963,
      "fcf_margin": 2.393017720179847,
      "rev_growth_yoy": 0.04384075975926233,
      "rev_growth_yoy_accel": -324.37125357986343,
      "fcf_margin_change": 1.3728982791176332
    },
    {
      "date": "2023-06-30T00:00:00",
      "quarter_label": "2023-06 (Q2)",
      "revenue": 19533000,
      "gross_profit": null,
      "operating_income": 27262000,
      "net_income": 21096000,
      "opex": null,
      "cogs": null,
      "rd": null,
      "sga": null,
      "fcf": 10801000,
      "ocf": 15226000,
      "capex": -4425000,
      "gross_margin": null,
      "op_margin": 1.3956893462345774,
      "fcf_margin": 0.5529616546357446,
      "incr_op_margin_yoy": -2.1515151515151514,
      "rev_growth_yoy": 0.11911309728429013,
      "rev_growth_yoy_accel": 0.07527233752502781,
      "fcf_margin_change": -1.8400560655441023
    },
    {
      "date": "2023-09-30T00:00:00",
      "quarter_label": "2023-09 (Q3)",
      "revenue": 20386000,
      "gross_profit": null,
      "operating_income": 40729000,
      "net_income": 31882000,
      "opex": null,
      "cogs": null,
      "rd": null,
      "sga": null,
      "fcf": 46424000,
      "ocf": 49862000,
      "capex": -3438000,
      "gross_margin": null,
      "op_margin": 1.997890709310311,
      "fcf_margin": 2.2772490925144706,
      "incr_op_margin_yoy": 2.2650416538105524,
      "rev_growth_yoy": 0.18903470399533392,
      "rev_growth_yoy_accel": 0.06992160671104379,
      "fcf_margin_change": 1.724287437878726
    },
    {
      "date": "2023-12-31T00:00:00",
      "quarter_label": "2023-12 (Q4)",
      "revenue": 20676000,
      "gross_profit": null,
      "operating_income": 43529000,
      "net_income": 33825000,
      "opex": null,
      "cogs": null,
      "rd": null,
      "sga": null,
      "fcf": 27720000,
      "ocf": 30558000,
      "capex": -2838000,
      "gross_margin": null,
      "op_margin": 2.1052911588314953,
      "fcf_margin": 1.3406848520023216,
      "incr_op_margin_yoy": 2.784776902887139,
      "rev_growth_yoy": 0.19881718559749523,
      "rev_growth_yoy_accel": 0.009782481602161303,
      "fcf_margin_change": -0.936564240512149
    },
    {
      "date": "2024-03-31T00:00:00",
      "quarter_label": "2024-03 (Q1)",
      "revenue": 21922000,
      "gross_profit": null,
      "operating_income": 37852000,
      "net_income": 29584000,
      "opex": null,
      "cogs": null,
      "rd": null,
      "sga": null,
      "fcf": 33139000,
      "ocf": 37009000,
      "capex": -3870000,
      "gross_margin": null,
      "op_margin": 1.7266672748836784,
      "fcf_margin": 1.5116777666271326,
      "incr_op_margin_yoy": 1.4073583029499503,
      "rev_growth_yoy": 0.15958741073790003,
      "rev_growth_yoy_accel": -0.039229774859595196,
      "fcf_margin_change": 0.17099291462481103
    },
    {
      "date": "2024-06-30T00:00:00",
      "quarter_label": "2024-06 (Q2)",
      "revenue": 20565000,
      "gross_profit": null,
      "operating_income": 35876000,
      "net_income": 29007000,
      "opex": null,
      "cogs": null,
      "rd": null,
      "sga": null,
      "fcf": 30225000,
      "ocf": 32114000,
      "capex": -1889000,
      "gross_margin": null,
      "op_margin": 1.7445173839046924,
      "fcf_margin": 1.4697301239970824,
      "incr_op_margin_yoy": 8.3468992248062,
      "rev_growth_yoy": 0.05283366610351713,
      "rev_growth_yoy_accel": -0.1067537446343829,
      "fcf_margin_change": -0.04194764263005024
    },
    {
      "date": "2024-09-30T00:00:00",
      "quarter_label": "2024-09 (Q3)",
      "revenue": 20438000,
      "gross_profit": null,
      "operating_income": 40881000,
      "net_income": 31684000,
      "opex": null,
      "cogs": null,
      "rd": null,
      "sga": null,
      "fcf": 33241000,
      "ocf": 34107000,
      "capex": -866000,
      "gross_margin": null,
      "op_margin": 2.0002446423329094,
      "fcf_margin": 1.6264311576475192,
      "rev_growth_yoy": 0.0025507701363680956,
      "rev_growth_yoy_accel": -0.05028289596714903,
      "fcf_margin_change": 0.15670103365043686
    },
    {
      "date": "2024-12-31T00:00:00",
      "quarter_label": "2024-12 (Q4)",
      "revenue": 21851000,
      "gross_profit": null,
      "operating_income": 34855000,
      "net_income": 26930000,
      "opex": null,
      "cogs": null,
      "rd": null,
      "sga": null,
      "fcf": 39760000,
      "ocf": 39957000,
      "capex": -197000,
      "gross_margin": null,
      "op_margin": 1.5951215047366254,
      "fcf_margin": 1.819596357146126,
      "incr_op_margin_yoy": -7.3821276595744685,
      "rev_growth_yoy": 0.056829173921454826,
      "rev_growth_yoy_accel": 0.05427840378508673,
      "fcf_margin_change": 0.19316519949860678
    },
    {
      "date": "2025-03-31T00:00:00",
      "quarter_label": "2025-03 (Q1)",
      "revenue": 22022000,
      "gross_profit": null,
      "operating_income": 31377000,
      "net_income": 24336000,
      "opex": null,
      "cogs": null,
      "rd": null,
      "sga": null,
      "fcf": 31528000,
      "ocf": 34276000,
      "capex": -2748000,
      "gross_margin": null,
      "op_margin": 1.4248024702570157,
      "fcf_margin": 1.431659249841068,
      "rev_growth_yoy": 0.004561627588723657,
      "rev_growth_yoy_accel": -0.05226754633273117,
      "fcf_margin_change": -0.3879371073050579
    },
    {
      "date": "2025-06-30T00:00:00",
      "quarter_label": "2025-06 (Q2)",
      "revenue": 21268000,
      "gross_profit": null,
      "operating_income": 27453000,
      "net_income": 21212000,
      "opex": null,
      "cogs": null,
      "rd": null,
      "sga": null,
      "fcf": 49240000,
      "ocf": 50708000,
      "capex": -1468000,
      "gross_margin": null,
      "op_margin": 1.2908124882452512,
      "fcf_margin": 2.315215347000188,
      "rev_growth_yoy": 0.03418429370289326,
      "rev_growth_yoy_accel": 0.029622666114169603,
      "fcf_margin_change": 0.8835560971591199
    },
    {
      "date": "2025-09-30T00:00:00",
      "quarter_label": "2025-09 (Q3)",
      "revenue": 21528000,
      "gross_profit": null,
      "operating_income": 38002000,
      "net_income": 29476000,
      "opex": null,
      "cogs": null,
      "rd": null,
      "sga": null,
      "fcf": 12722000,
      "ocf": 14418000,
      "capex": -1696000,
      "gross_margin": null,
      "op_margin": 1.7652359717577109,
      "fcf_margin": 0.5909513192121888,
      "incr_op_margin_yoy": -2.641284403669725,
      "rev_growth_yoy": 0.053332028574224484,
      "rev_growth_yoy_accel": 0.019147734871331222,
      "fcf_margin_change": -1.7242640277879993
    }
  ],
  "signals": [
    {
      "quarter": "2025-06 (Q2)",
      "signal": "FCF MARGIN EXPANSION",
      "detail": "FCF margin: +143.2% -> +231.5% (+88.4%)",
      "severity": "MEDIUM"
    },
    {
      "quarter": "2025-03 (Q1)",
      "signal": "YoY REVENUE GROWTH DECELERATION",
      "detail": "YoY growth: +0.5% vs prior quarter YoY: +5.7% (decel: -5.2%)",
      "severity": "WARNING"
    },
    {
      "quarter": "2024-12 (Q4)",
      "signal": "FCF MARGIN EXPANSION",
      "detail": "FCF margin: +162.6% -> +182.0% (+19.3%)",
      "severity": "MEDIUM"
    },
    {
      "quarter": "2024-12 (Q4)",
      "signal": "YoY REVENUE GROWTH ACCELERATION",
      "detail": "YoY growth: +5.7% vs prior quarter YoY: +0.3% (accel: +5.4%)",
      "severity": "MEDIUM"
    },
    {
      "quarter": "2024-09 (Q3)",
      "signal": "FCF MARGIN EXPANSION",
      "detail": "FCF margin: +147.0% -> +162.6% (+15.7%)",
      "severity": "MEDIUM"
    },
    {
      "quarter": "2024-09 (Q3)",
      "signal": "YoY REVENUE GROWTH DECELERATION",
      "detail": "YoY growth: +0.3% vs prior quarter YoY: +5.3% (decel: -5.0%)",
      "severity": "WARNING"
    },
    {
      "quarter": "2024-06 (Q2)",
      "signal": "YoY REVENUE GROWTH DECELERATION",
      "detail": "YoY growth: +5.3% vs prior quarter YoY: +16.0% (decel: -10.7%)",
      "severity": "WARNING"
    },
    {
      "quarter": "2024-06 (Q2)",
      "signal": "INCREMENTAL MARGIN (YoY)",
      "detail": "YoY Incr OPM: +834.7% vs year-ago OPM: +139.6%",
      "severity": "HIGH"
    },
    {
      "quarter": "2024-03 (Q1)",
      "signal": "FCF MARGIN EXPANSION",
      "detail": "FCF margin: +134.1% -> +151.2% (+17.1%)",
      "severity": "MEDIUM"
    },
    {
      "quarter": "2023-12 (Q4)",
      "signal": "INCREMENTAL MARGIN (YoY)",
      "detail": "YoY Incr OPM: +278.5% vs year-ago OPM: +197.0%",
      "severity": "HIGH"
    },
    {
      "quarter": "2023-09 (Q3)",
      "signal": "FCF MARGIN EXPANSION",
      "detail": "FCF margin: +55.3% -> +227.7% (+172.4%)",
      "severity": "MEDIUM"
    },
    {
      "quarter": "2023-09 (Q3)",
      "signal": "YoY REVENUE GROWTH ACCELERATION",
      "detail": "YoY growth: +18.9% vs prior quarter YoY: +11.9% (accel: +7.0%)",
      "severity": "MEDIUM"
    },
    {
      "quarter": "2023-09 (Q3)",
      "signal": "INCREMENTAL MARGIN (YoY)",
      "detail": "YoY Incr OPM: +226.5% vs year-ago OPM: +194.7%",
      "severity": "HIGH"
    },
    {
      "quarter": "2023-06 (Q2)",
      "signal": "YoY REVENUE GROWTH ACCELERATION",
      "detail": "YoY growth: +11.9% vs prior quarter YoY: +4.4% (accel: +7.5%)",
      "severity": "MEDIUM"
    },
    {
      "quarter": "2023-03 (Q1)",
      "signal": "FCF MARGIN EXPANSION",
      "detail": "FCF margin: +102.0% -> +239.3% (+137.3%)",
      "severity": "MEDIUM"
    },
    {
      "quarter": "2023-03 (Q1)",
      "signal": "YoY REVENUE GROWTH DECELERATION",
      "detail": "YoY growth: +4.4% vs prior quarter YoY: +32441.5% (decel: -32437.1%)",
      "severity": "WARNING"
    },
    {
      "quarter": "2022-12 (Q4)",
      "signal": "YoY REVENUE GROWTH ACCELERATION",
      "detail": "YoY growth: +32441.5% vs prior quarter YoY: +16.8% (accel: +32424.7%)",
      "severity": "HIGH"
    },
    {
      "quarter": "2022-09 (Q3)",
      "signal": "YoY REVENUE GROWTH DECELERATION",
      "detail": "YoY growth: +16.8% vs prior quarter YoY: +21.8% (decel: -5.0%)",
      "severity": "WARNING"
    },
    {
      "quarter": "2022-09 (Q3)",
      "signal": "OP MARGIN TURNED POSITIVE (YoY)",
      "detail": "Op margin: -54.0% (year-ago) -> +194.7%",
      "severity": "HIGH"
    },
    {
      "quarter": "2022-06 (Q2)",
      "signal": "FCF MARGIN EXPANSION",
      "detail": "FCF margin: +75.4% -> +261.2% (+185.8%)",
      "severity": "MEDIUM"
    },
    {
      "quarter": "2022-06 (Q2)",
      "signal": "YoY REVENUE GROWTH DECELERATION",
      "detail": "YoY growth: +21.8% vs prior quarter YoY: +14388.8% (decel: -14367.0%)",
      "severity": "WARNING"
    },
    {
      "quarter": "2022-06 (Q2)",
      "signal": "INCREMENTAL MARGIN (YoY)",
      "detail": "YoY Incr OPM: +615.3% vs year-ago OPM: +87.2%",
      "severity": "HIGH"
    },
    {
      "quarter": "2022-03 (Q1)",
      "signal": "YoY REVENUE GROWTH ACCELERATION",
      "detail": "YoY growth: +14388.8% vs prior quarter YoY: -58.6% (accel: +14447.4%)",
      "severity": "HIGH"
    },
    {
      "quarter": "2021-12 (Q4)",
      "signal": "FCF MARGIN EXPANSION",
      "detail": "FCF margin: +170.3% -> +167747.2% (+167576.8%)",
      "severity": "MEDIUM"
    },
    {
      "quarter": "2021-12 (Q4)",
      "signal": "OP MARGIN TURNED POSITIVE (QoQ)",
      "detail": "Op margin: -54.0% -> +62571.7%",
      "severity": "HIGH"
    },
    {
      "quarter": "2021-09 (Q3)",
      "signal": "FCF MARGIN EXPANSION",
      "detail": "FCF margin: +124.3% -> +170.3% (+46.0%)",
      "severity": "MEDIUM"
    }
  ],
  "data_quality": {
    "n_quarters": 20,
    "coverage": {
      "revenue": [
        20,
        20
      ],
      "gross_profit": [
        0,
        20
      ],
      "op_income": [
        20,
        20
      ],
      "fcf": [
        20,
        20
      ]
    },
    "gaps": [],
    "warnings": [
      "gross_profit: no data"
    ]
  },
  "market_cap": null,
  "source": "SEC EDGAR",
  "last_updated": "2026-02-02T21:57:03.054362"
}