{
  "ticker": "PECO",
  "name": "Phillips Edison & Company, Inc.",
  "sector": "Real Estate",
  "industry": "REIT - Retail",
  "quarters": [
    {
      "date": "2021-03-31T00:00:00",
      "quarter_label": "2021-03 (Q1)",
      "revenue": 130381000,
      "gross_profit": null,
      "operating_income": null,
      "net_income": 103000,
      "opex": 108457000,
      "cogs": null,
      "rd": null,
      "sga": null,
      "fcf": 48751000,
      "ocf": 48751000,
      "capex": null,
      "gross_margin": null,
      "op_margin": null,
      "fcf_margin": 0.37391184298325675
    },
    {
      "date": "2021-06-30T00:00:00",
      "quarter_label": "2021-06 (Q2)",
      "revenue": 133070000,
      "gross_profit": null,
      "operating_income": null,
      "net_income": 5594000,
      "opex": 108368000,
      "cogs": null,
      "rd": null,
      "sga": null,
      "fcf": 81146000,
      "ocf": 81146000,
      "capex": null,
      "gross_margin": null,
      "op_margin": null,
      "fcf_margin": 0.6097993537236042,
      "op_leverage_ratio": null,
      "fcf_margin_change": 0.23588751074034742
    },
    {
      "date": "2021-09-30T00:00:00",
      "quarter_label": "2021-09 (Q3)",
      "revenue": 132334000,
      "gross_profit": null,
      "operating_income": null,
      "net_income": 14633000,
      "opex": 104209000,
      "cogs": null,
      "rd": null,
      "sga": null,
      "fcf": 68416000,
      "ocf": 68416000,
      "capex": null,
      "gross_margin": null,
      "op_margin": null,
      "fcf_margin": 0.5169948766001179,
      "fcf_margin_change": -0.09280447712348627
    },
    {
      "date": "2021-12-31T00:00:00",
      "quarter_label": "2021-12 (Q4)",
      "revenue": 137061000,
      "gross_profit": null,
      "operating_income": null,
      "net_income": -5209000,
      "opex": 114268000,
      "cogs": null,
      "rd": null,
      "sga": null,
      "fcf": 64589000,
      "ocf": 64589000,
      "capex": null,
      "gross_margin": null,
      "op_margin": null,
      "fcf_margin": 0.47124273133860106,
      "op_leverage_ratio": 0.3700535566261195,
      "fcf_margin_change": -0.04575214526151683
    },
    {
      "date": "2022-03-31T00:00:00",
      "quarter_label": "2022-03 (Q1)",
      "revenue": 142163000,
      "gross_profit": null,
      "operating_income": null,
      "net_income": 10079000,
      "opex": 109569000,
      "cogs": null,
      "rd": null,
      "sga": null,
      "fcf": 60221000,
      "ocf": 60221000,
      "capex": null,
      "gross_margin": null,
      "op_margin": null,
      "fcf_margin": 0.42360529814368014,
      "rev_growth_yoy": 0.09036592755079344,
      "op_leverage_ratio": null,
      "fcf_margin_change": -0.04763743319492092
    },
    {
      "date": "2022-06-30T00:00:00",
      "quarter_label": "2022-06 (Q2)",
      "revenue": 142516000,
      "gross_profit": null,
      "operating_income": null,
      "net_income": 13528000,
      "opex": 111470000,
      "cogs": null,
      "rd": null,
      "sga": null,
      "fcf": 82278000,
      "ocf": 82278000,
      "capex": null,
      "gross_margin": null,
      "op_margin": null,
      "fcf_margin": 0.5773246512672261,
      "rev_growth_yoy": 0.07098519576162922,
      "rev_growth_yoy_accel": -0.01938073178916422,
      "fcf_margin_change": 0.15371935312354595
    },
    {
      "date": "2022-09-30T00:00:00",
      "quarter_label": "2022-09 (Q3)",
      "revenue": 145654000,
      "gross_profit": null,
      "operating_income": null,
      "net_income": 11038000,
      "opex": 111986000,
      "cogs": null,
      "rd": null,
      "sga": null,
      "fcf": 86264000,
      "ocf": 86264000,
      "capex": null,
      "gross_margin": null,
      "op_margin": null,
      "fcf_margin": 0.5922528732475593,
      "rev_growth_yoy": 0.10065440476370396,
      "rev_growth_yoy_accel": 0.029669209002074745,
      "op_leverage_ratio": 4.756610763246819,
      "fcf_margin_change": 0.014928221980333167
    },
    {
      "date": "2022-12-31T00:00:00",
      "quarter_label": "2022-12 (Q4)",
      "revenue": 145039000,
      "gross_profit": null,
      "operating_income": null,
      "net_income": 13678000,
      "opex": 111979000,
      "cogs": null,
      "rd": null,
      "sga": null,
      "fcf": 62127000,
      "ocf": 62127000,
      "capex": null,
      "gross_margin": null,
      "op_margin": null,
      "fcf_margin": 0.4283468584311806,
      "rev_growth_yoy": 0.058207659363349165,
      "rev_growth_yoy_accel": -0.0424467454003548,
      "fcf_margin_change": -0.16390601481637868
    },
    {
      "date": "2023-03-31T00:00:00",
      "quarter_label": "2023-03 (Q1)",
      "revenue": 151064000,
      "gross_profit": null,
      "operating_income": null,
      "net_income": 16619000,
      "opex": 113149000,
      "cogs": null,
      "rd": null,
      "sga": null,
      "fcf": 62763000,
      "ocf": 62763000,
      "capex": null,
      "gross_margin": null,
      "op_margin": null,
      "fcf_margin": 0.4154729121431976,
      "rev_growth_yoy": 0.06261122795664131,
      "rev_growth_yoy_accel": 0.004403568593292148,
      "op_leverage_ratio": 3.975785793658918,
      "fcf_margin_change": -0.012873946287982996
    },
    {
      "date": "2023-06-30T00:00:00",
      "quarter_label": "2023-06 (Q2)",
      "revenue": 152137000,
      "gross_profit": null,
      "operating_income": null,
      "net_income": 14451000,
      "opex": 114424000,
      "cogs": null,
      "rd": null,
      "sga": null,
      "fcf": 67627000,
      "ocf": 67627000,
      "capex": null,
      "gross_margin": null,
      "op_margin": null,
      "fcf_margin": 0.4445138263538784,
      "rev_growth_yoy": 0.06750820960453563,
      "rev_growth_yoy_accel": 0.004896981647894316,
      "fcf_margin_change": 0.029040914210680835
    },
    {
      "date": "2023-09-30T00:00:00",
      "quarter_label": "2023-09 (Q3)",
      "revenue": 152474000,
      "gross_profit": null,
      "operating_income": null,
      "net_income": 12245000,
      "opex": 112393000,
      "cogs": null,
      "rd": null,
      "sga": null,
      "fcf": 88598000,
      "ocf": 88598000,
      "capex": null,
      "gross_margin": null,
      "op_margin": null,
      "fcf_margin": 0.5810695594002911,
      "rev_growth_yoy": 0.046823293558707624,
      "rev_growth_yoy_accel": -0.020684916045828006,
      "fcf_margin_change": 0.13655573304641272
    },
    {
      "date": "2023-12-31T00:00:00",
      "quarter_label": "2023-12 (Q4)",
      "revenue": 154449000,
      "gross_profit": null,
      "operating_income": null,
      "net_income": 13533000,
      "opex": 115962000,
      "cogs": null,
      "rd": null,
      "sga": null,
      "fcf": 71980000,
      "ocf": 71980000,
      "capex": null,
      "gross_margin": null,
      "op_margin": null,
      "fcf_margin": 0.46604380734093453,
      "rev_growth_yoy": 0.06487910148304939,
      "rev_growth_yoy_accel": 0.018055807924341763,
      "op_leverage_ratio": 0.40790968967152186,
      "fcf_margin_change": -0.11502575205935661
    },
    {
      "date": "2024-03-31T00:00:00",
      "quarter_label": "2024-03 (Q1)",
      "revenue": 161302000,
      "gross_profit": null,
      "operating_income": null,
      "net_income": 17670000,
      "opex": 117407000,
      "cogs": null,
      "rd": null,
      "sga": null,
      "fcf": 63138000,
      "ocf": 63138000,
      "capex": null,
      "gross_margin": null,
      "op_margin": null,
      "fcf_margin": 0.39142726066632777,
      "rev_growth_yoy": 0.06777259969284542,
      "rev_growth_yoy_accel": 0.002893498209796036,
      "op_leverage_ratio": 3.5607663819151645,
      "fcf_margin_change": -0.07461654667460677
    },
    {
      "date": "2024-06-30T00:00:00",
      "quarter_label": "2024-06 (Q2)",
      "revenue": 161515000,
      "gross_profit": null,
      "operating_income": null,
      "net_income": 15271000,
      "opex": 119178000,
      "cogs": null,
      "rd": null,
      "sga": null,
      "fcf": 78461000,
      "ocf": 78461000,
      "capex": null,
      "gross_margin": null,
      "op_margin": null,
      "fcf_margin": 0.48578150636163825,
      "rev_growth_yoy": 0.06164180968469209,
      "rev_growth_yoy_accel": -0.006130790008153336,
      "fcf_margin_change": 0.09435424569531048
    },
    {
      "date": "2024-09-30T00:00:00",
      "quarter_label": "2024-09 (Q3)",
      "revenue": 165527000,
      "gross_profit": null,
      "operating_income": null,
      "net_income": 11602000,
      "opex": 126539000,
      "cogs": null,
      "rd": null,
      "sga": null,
      "fcf": 109108000,
      "ocf": 109108000,
      "capex": null,
      "gross_margin": null,
      "op_margin": null,
      "fcf_margin": 0.6591553039685368,
      "rev_growth_yoy": 0.08560803809174024,
      "rev_growth_yoy_accel": 0.02396622840704815,
      "op_leverage_ratio": 0.40216783932222594,
      "fcf_margin_change": 0.17337379760689858
    },
    {
      "date": "2024-12-31T00:00:00",
      "quarter_label": "2024-12 (Q4)",
      "revenue": 173048000,
      "gross_profit": null,
      "operating_income": null,
      "net_income": 18142000,
      "opex": 125820000,
      "cogs": null,
      "rd": null,
      "sga": null,
      "fcf": 84003000,
      "ocf": 84003000,
      "capex": null,
      "gross_margin": null,
      "op_margin": null,
      "fcf_margin": 0.4854317877120799,
      "rev_growth_yoy": 0.12042162785126481,
      "rev_growth_yoy_accel": 0.034813589759524574,
      "op_leverage_ratio": null,
      "fcf_margin_change": -0.17372351625645693
    },
    {
      "date": "2025-03-31T00:00:00",
      "quarter_label": "2025-03 (Q1)",
      "revenue": 178311000,
      "gross_profit": null,
      "operating_income": null,
      "net_income": 26309000,
      "opex": 128375000,
      "cogs": null,
      "rd": null,
      "sga": null,
      "fcf": 60542000,
      "ocf": 60542000,
      "capex": null,
      "gross_margin": null,
      "op_margin": null,
      "fcf_margin": 0.33953037109320233,
      "rev_growth_yoy": 0.10544816555281397,
      "rev_growth_yoy_accel": -0.01497346229845084,
      "op_leverage_ratio": 1.4977025253945806,
      "fcf_margin_change": -0.14590141661887757
    },
    {
      "date": "2025-06-30T00:00:00",
      "quarter_label": "2025-06 (Q2)",
      "revenue": 177753000,
      "gross_profit": null,
      "operating_income": null,
      "net_income": 12784000,
      "opex": 134726000,
      "cogs": null,
      "rd": null,
      "sga": null,
      "fcf": 96120000,
      "ocf": 96120000,
      "capex": null,
      "gross_margin": null,
      "op_margin": null,
      "fcf_margin": 0.5407503670824121,
      "rev_growth_yoy": 0.10053555397331518,
      "rev_growth_yoy_accel": -0.0049126115794987935,
      "fcf_margin_change": 0.20121999598920975
    },
    {
      "date": "2025-09-30T00:00:00",
      "quarter_label": "2025-09 (Q3)",
      "revenue": 182669000,
      "gross_profit": null,
      "operating_income": null,
      "net_income": 24685000,
      "opex": 130778000,
      "cogs": null,
      "rd": null,
      "sga": null,
      "fcf": 95423000,
      "ocf": 95423000,
      "capex": null,
      "gross_margin": null,
      "op_margin": null,
      "fcf_margin": 0.5223820133684424,
      "rev_growth_yoy": 0.10356014426649429,
      "rev_growth_yoy_accel": 0.0030245902931791135,
      "op_leverage_ratio": null,
      "fcf_margin_change": -0.01836835371396972
    },
    {
      "date": "2025-12-31T00:00:00",
      "quarter_label": "2025-12 (Q4)",
      "revenue": 187861000,
      "gross_profit": null,
      "operating_income": null,
      "net_income": 47525000,
      "opex": 133869000,
      "cogs": null,
      "rd": null,
      "sga": null,
      "fcf": 96064000,
      "ocf": 96064000,
      "capex": null,
      "gross_margin": null,
      "op_margin": null,
      "fcf_margin": 0.5113568010390661,
      "rev_growth_yoy": 0.08560052702140447,
      "rev_growth_yoy_accel": -0.01795961724508982,
      "op_leverage_ratio": 1.2025565795465103,
      "fcf_margin_change": -0.011025212329376255
    }
  ],
  "signals": [
    {
      "quarter": "2025-06 (Q2)",
      "signal": "FCF MARGIN EXPANSION",
      "detail": "FCF margin: +34.0% -> +54.1% (+20.1%)",
      "severity": "MEDIUM"
    },
    {
      "quarter": "2024-09 (Q3)",
      "signal": "FCF MARGIN EXPANSION",
      "detail": "FCF margin: +48.6% -> +65.9% (+17.3%)",
      "severity": "MEDIUM"
    },
    {
      "quarter": "2024-06 (Q2)",
      "signal": "FCF MARGIN EXPANSION",
      "detail": "FCF margin: +39.1% -> +48.6% (+9.4%)",
      "severity": "MEDIUM"
    },
    {
      "quarter": "2024-03 (Q1)",
      "signal": "OPERATING LEVERAGE",
      "detail": "Rev growth +4.4% vs OpEx growth +1.2% (leverage: 3.6x)",
      "severity": "MEDIUM"
    },
    {
      "quarter": "2023-09 (Q3)",
      "signal": "FCF MARGIN EXPANSION",
      "detail": "FCF margin: +44.5% -> +58.1% (+13.7%)",
      "severity": "MEDIUM"
    },
    {
      "quarter": "2023-03 (Q1)",
      "signal": "OPERATING LEVERAGE",
      "detail": "Rev growth +4.2% vs OpEx growth +1.0% (leverage: 4.0x)",
      "severity": "MEDIUM"
    },
    {
      "quarter": "2022-09 (Q3)",
      "signal": "OPERATING LEVERAGE",
      "detail": "Rev growth +2.2% vs OpEx growth +0.5% (leverage: 4.8x)",
      "severity": "MEDIUM"
    },
    {
      "quarter": "2022-06 (Q2)",
      "signal": "FCF MARGIN EXPANSION",
      "detail": "FCF margin: +42.4% -> +57.7% (+15.4%)",
      "severity": "MEDIUM"
    },
    {
      "quarter": "2021-06 (Q2)",
      "signal": "FCF MARGIN EXPANSION",
      "detail": "FCF margin: +37.4% -> +61.0% (+23.6%)",
      "severity": "MEDIUM"
    }
  ],
  "data_quality": {
    "n_quarters": 20,
    "coverage": {
      "revenue": [
        20,
        20
      ],
      "gross_profit": [
        0,
        20
      ],
      "op_income": [
        0,
        20
      ],
      "fcf": [
        20,
        20
      ]
    },
    "gaps": [],
    "warnings": [
      "gross_profit: no data",
      "op_income: no data"
    ]
  },
  "market_cap": null,
  "source": "SEC EDGAR",
  "last_updated": "2026-02-13T11:47:24.221185"
}