{
  "ticker": "PENN",
  "name": "PENN Entertainment, Inc.",
  "quarters": [
    {
      "date": "2020-12-31T00:00:00",
      "quarter_label": "2020-12 (Q4)",
      "revenue": 1027400000,
      "gross_profit": null,
      "operating_income": 119600000,
      "net_income": 11100000,
      "opex": 907800000,
      "cogs": null,
      "rd": null,
      "sga": null,
      "fcf": 78600000,
      "ocf": 118000000,
      "capex": -39400000,
      "gross_margin": null,
      "op_margin": 0.11641035623905002,
      "fcf_margin": 0.07650379598987736
    },
    {
      "date": "2021-03-31T00:00:00",
      "quarter_label": "2021-03 (Q1)",
      "revenue": 1274900000,
      "gross_profit": null,
      "operating_income": 216500000,
      "net_income": 91000000,
      "opex": 1058400000,
      "cogs": null,
      "rd": null,
      "sga": null,
      "fcf": 154800000,
      "ocf": 180500000,
      "capex": -25700000,
      "gross_margin": null,
      "op_margin": 0.1698172405678877,
      "fcf_margin": 0.12142128794415248,
      "op_leverage_ratio": 1.4521144543880153,
      "fcf_margin_change": 0.04491749195427512
    },
    {
      "date": "2021-06-30T00:00:00",
      "quarter_label": "2021-06 (Q2)",
      "revenue": 1545800000,
      "gross_profit": null,
      "operating_income": 377900000,
      "net_income": 198700000,
      "opex": 1167900000,
      "cogs": null,
      "rd": null,
      "sga": null,
      "fcf": 285200000,
      "ocf": 324100000,
      "capex": -38900000,
      "gross_margin": null,
      "op_margin": 0.24446888342605771,
      "fcf_margin": 0.18449993530857808,
      "op_leverage_ratio": 2.0538494021019105,
      "fcf_margin_change": 0.0630786473644256
    },
    {
      "date": "2021-09-30T00:00:00",
      "quarter_label": "2021-09 (Q3)",
      "revenue": 1511800000,
      "gross_profit": null,
      "operating_income": 239100000,
      "net_income": 86100000,
      "opex": 1272700000,
      "cogs": null,
      "rd": null,
      "sga": null,
      "fcf": 201200000,
      "ocf": 274400000,
      "capex": -73200000,
      "gross_margin": null,
      "op_margin": 0.15815584071967193,
      "fcf_margin": 0.1330863870882392,
      "fcf_margin_change": -0.05141354822033889
    },
    {
      "date": "2021-12-31T00:00:00",
      "quarter_label": "2021-12 (Q4)",
      "revenue": 1572500000,
      "gross_profit": null,
      "operating_income": 226100000,
      "net_income": 45000000,
      "opex": 1346400000,
      "cogs": null,
      "rd": null,
      "sga": null,
      "fcf": 10800000,
      "ocf": 117100000,
      "capex": -106300000,
      "gross_margin": null,
      "op_margin": 0.1437837837837838,
      "fcf_margin": 0.006868044515103339,
      "incr_op_margin_yoy": 0.1953769950467804,
      "rev_growth_yoy": 0.5305625851664395,
      "op_leverage_ratio": 0.6933506169378008,
      "fcf_margin_change": -0.12621834257313586
    },
    {
      "date": "2022-03-31T00:00:00",
      "quarter_label": "2022-03 (Q1)",
      "revenue": 1564200000,
      "gross_profit": null,
      "operating_income": 292000000,
      "net_income": 51700000,
      "opex": 1272200000,
      "cogs": null,
      "rd": null,
      "sga": null,
      "fcf": 159300000,
      "ocf": 224900000,
      "capex": -65600000,
      "gross_margin": null,
      "op_margin": 0.18667689553765504,
      "fcf_margin": 0.10184119677790564,
      "incr_op_margin_yoy": 0.26097476667818875,
      "rev_growth_yoy": 0.2269197584124245,
      "rev_growth_yoy_accel": -0.303642826754015,
      "fcf_margin_change": 0.0949731522628023
    },
    {
      "date": "2022-06-30T00:00:00",
      "quarter_label": "2022-06 (Q2)",
      "revenue": 1626900000,
      "gross_profit": null,
      "operating_income": 302400000,
      "net_income": 26100000,
      "opex": 1324500000,
      "cogs": null,
      "rd": null,
      "sga": null,
      "fcf": 151500000,
      "ocf": 211500000,
      "capex": -60000000,
      "gross_margin": null,
      "op_margin": 0.18587497695002766,
      "fcf_margin": 0.09312188825373409,
      "incr_op_margin_yoy": -0.9309494451294698,
      "rev_growth_yoy": 0.052464743175054986,
      "rev_growth_yoy_accel": -0.17445501523736953,
      "op_leverage_ratio": 0.975054658695775,
      "fcf_margin_change": -0.008719308524171548
    },
    {
      "date": "2022-09-30T00:00:00",
      "quarter_label": "2022-09 (Q3)",
      "revenue": 1625000000,
      "gross_profit": null,
      "operating_income": 136700000,
      "net_income": 123500000,
      "opex": 1488300000,
      "cogs": null,
      "rd": null,
      "sga": null,
      "fcf": 259600000,
      "ocf": 323600000,
      "capex": -64000000,
      "gross_margin": null,
      "op_margin": 0.08412307692307693,
      "fcf_margin": 0.15975384615384616,
      "incr_op_margin_yoy": -0.9045936395759717,
      "rev_growth_yoy": 0.07487762931604709,
      "rev_growth_yoy_accel": 0.022412886140992107,
      "fcf_margin_change": 0.06663195790011207
    },
    {
      "date": "2022-12-31T00:00:00",
      "quarter_label": "2022-12 (Q4)",
      "revenue": 1585600000,
      "gross_profit": null,
      "operating_income": 242900000,
      "net_income": 20800000,
      "opex": 1342700000,
      "cogs": null,
      "rd": null,
      "sga": null,
      "fcf": 44400000,
      "ocf": 118200000,
      "capex": -73800000,
      "gross_margin": null,
      "op_margin": 0.1531912209889001,
      "fcf_margin": 0.02800201816347124,
      "incr_op_margin_yoy": 1.282442748091603,
      "rev_growth_yoy": 0.008330683624801272,
      "rev_growth_yoy_accel": -0.06654694569124582,
      "fcf_margin_change": -0.13175182799037494
    },
    {
      "date": "2023-03-31T00:00:00",
      "quarter_label": "2023-03 (Q1)",
      "revenue": 1673300000,
      "gross_profit": null,
      "operating_income": 199100000,
      "net_income": 514500000,
      "opex": 1474200000,
      "cogs": null,
      "rd": null,
      "sga": null,
      "fcf": 84500000,
      "ocf": 147700000,
      "capex": -63200000,
      "gross_margin": null,
      "op_margin": 0.11898643399270901,
      "fcf_margin": 0.05049901392458017,
      "incr_op_margin_yoy": -0.851512373968836,
      "rev_growth_yoy": 0.06974811405191152,
      "rev_growth_yoy_accel": 0.061417430427110245,
      "op_leverage_ratio": 0.5647538396902925,
      "fcf_margin_change": 0.02249699576110893
    },
    {
      "date": "2023-06-30T00:00:00",
      "quarter_label": "2023-06 (Q2)",
      "revenue": 1674800000,
      "gross_profit": null,
      "operating_income": 205500000,
      "net_income": 78400000,
      "opex": 1469300000,
      "cogs": null,
      "rd": null,
      "sga": null,
      "fcf": 106400000,
      "ocf": 176000000,
      "capex": -69600000,
      "gross_margin": null,
      "op_margin": 0.12270121805588727,
      "fcf_margin": 0.06352997372820636,
      "incr_op_margin_yoy": -2.022964509394572,
      "rev_growth_yoy": 0.02944249800233573,
      "rev_growth_yoy_accel": -0.04030561604957579,
      "fcf_margin_change": 0.013030959803626188
    },
    {
      "date": "2023-09-30T00:00:00",
      "quarter_label": "2023-09 (Q3)",
      "revenue": 1619400000,
      "gross_profit": null,
      "operating_income": -786400000,
      "net_income": -724800000,
      "opex": 2405800000,
      "cogs": null,
      "rd": null,
      "sga": null,
      "fcf": 142000000,
      "ocf": 217000000,
      "capex": -75000000,
      "gross_margin": null,
      "op_margin": -0.4856119550450784,
      "fcf_margin": 0.08768679757935037,
      "incr_op_margin_yoy": 164.83928571428572,
      "rev_growth_yoy": -0.003446153846153846,
      "rev_growth_yoy_accel": -0.032888651848489575,
      "fcf_margin_change": 0.02415682385114401
    },
    {
      "date": "2023-12-31T00:00:00",
      "quarter_label": "2023-12 (Q4)",
      "revenue": 1395400000,
      "gross_profit": null,
      "operating_income": -308400000,
      "net_income": -358100000,
      "opex": 1703800000,
      "cogs": null,
      "rd": null,
      "sga": null,
      "fcf": -84800000,
      "ocf": -84800000,
      "capex": null,
      "gross_margin": null,
      "op_margin": -0.22101189623047154,
      "fcf_margin": -0.060771105059481155,
      "incr_op_margin_yoy": 2.898527865404837,
      "rev_growth_yoy": -0.11995459132189708,
      "rev_growth_yoy_accel": -0.11650843747574323,
      "fcf_margin_change": -0.14845790263883152
    },
    {
      "date": "2024-03-31T00:00:00",
      "quarter_label": "2024-03 (Q1)",
      "revenue": 1606900000,
      "gross_profit": null,
      "operating_income": -21400000,
      "net_income": -114700000,
      "opex": 1628300000,
      "cogs": null,
      "rd": null,
      "sga": null,
      "fcf": -68700000,
      "ocf": -68700000,
      "capex": null,
      "gross_margin": null,
      "op_margin": -0.013317567988051528,
      "fcf_margin": -0.04275312713921215,
      "incr_op_margin_yoy": 3.3207831325301207,
      "rev_growth_yoy": -0.03968206537978844,
      "rev_growth_yoy_accel": 0.08027252594210864,
      "op_leverage_ratio": Infinity,
      "fcf_margin_change": 0.018017977920269004
    },
    {
      "date": "2024-06-30T00:00:00",
      "quarter_label": "2024-06 (Q2)",
      "revenue": 1663000000,
      "gross_profit": null,
      "operating_income": 74500000,
      "net_income": -26800000,
      "opex": 1588500000,
      "cogs": null,
      "rd": null,
      "sga": null,
      "fcf": 150400000,
      "ocf": 150400000,
      "capex": null,
      "gross_margin": null,
      "op_margin": 0.04479855682501503,
      "fcf_margin": 0.0904389657245941,
      "incr_op_margin_yoy": 11.101694915254237,
      "rev_growth_yoy": -0.007045617387150704,
      "rev_growth_yoy_accel": 0.032636447992637735,
      "op_leverage_ratio": Infinity,
      "fcf_margin_change": 0.13319209286380626
    },
    {
      "date": "2024-09-30T00:00:00",
      "quarter_label": "2024-09 (Q3)",
      "revenue": 1639200000,
      "gross_profit": null,
      "operating_income": 67500000,
      "net_income": -36700000,
      "opex": 1571700000,
      "cogs": null,
      "rd": null,
      "sga": null,
      "fcf": 174700000,
      "ocf": 174700000,
      "capex": null,
      "gross_margin": null,
      "op_margin": 0.04117862371888726,
      "fcf_margin": 0.10657637872132748,
      "incr_op_margin_yoy": 43.12626262626262,
      "rev_growth_yoy": 0.012226750648388292,
      "rev_growth_yoy_accel": 0.019272368035538997,
      "fcf_margin_change": 0.01613741299673338
    },
    {
      "date": "2024-12-31T00:00:00",
      "quarter_label": "2024-12 (Q4)",
      "revenue": 1669000000,
      "gross_profit": null,
      "operating_income": -48100000,
      "net_income": -133300000,
      "opex": 1717100000,
      "cogs": null,
      "rd": null,
      "sga": null,
      "fcf": 102900000,
      "ocf": 102900000,
      "capex": null,
      "gross_margin": null,
      "op_margin": -0.028819652486518875,
      "fcf_margin": 0.06165368484122229,
      "incr_op_margin_yoy": 0.9513888888888888,
      "rev_growth_yoy": 0.196072810663609,
      "rev_growth_yoy_accel": 0.1838460600152207,
      "op_leverage_ratio": 0.19651222154867373,
      "fcf_margin_change": -0.0449226938801052
    },
    {
      "date": "2025-03-31T00:00:00",
      "quarter_label": "2025-03 (Q1)",
      "revenue": 1672500000,
      "gross_profit": null,
      "operating_income": 42800000,
      "net_income": 111800000,
      "opex": 1629700000,
      "cogs": null,
      "rd": null,
      "sga": null,
      "fcf": 41900000,
      "ocf": 41900000,
      "capex": null,
      "gross_margin": null,
      "op_margin": 0.025590433482810166,
      "fcf_margin": 0.025052316890881915,
      "incr_op_margin_yoy": 0.9786585365853658,
      "rev_growth_yoy": 0.04082394672972805,
      "rev_growth_yoy_accel": -0.15524886393388093,
      "fcf_margin_change": -0.03660136795034037
    },
    {
      "date": "2025-06-30T00:00:00",
      "quarter_label": "2025-06 (Q2)",
      "revenue": 1765000000,
      "gross_profit": null,
      "operating_income": 77500000,
      "net_income": -17400000,
      "opex": 1687500000,
      "cogs": null,
      "rd": null,
      "sga": null,
      "fcf": 178200000,
      "ocf": 178200000,
      "capex": null,
      "gross_margin": null,
      "op_margin": 0.043909348441926344,
      "fcf_margin": 0.10096317280453258,
      "incr_op_margin_yoy": 0.029411764705882353,
      "rev_growth_yoy": 0.06133493686109441,
      "rev_growth_yoy_accel": 0.020510990131366362,
      "op_leverage_ratio": 1.559392472367475,
      "fcf_margin_change": 0.07591085591365067
    },
    {
      "date": "2025-09-30T00:00:00",
      "quarter_label": "2025-09 (Q3)",
      "revenue": 1717300000,
      "gross_profit": null,
      "operating_income": -776400000,
      "net_income": -864600000,
      "opex": 2493700000,
      "cogs": null,
      "rd": null,
      "sga": null,
      "fcf": 180900000,
      "ocf": 180900000,
      "capex": null,
      "gross_margin": null,
      "op_margin": -0.4521050486228382,
      "fcf_margin": 0.10533977755779421,
      "incr_op_margin_yoy": -10.805377720870679,
      "rev_growth_yoy": 0.04764519277696437,
      "rev_growth_yoy_accel": -0.01368974408413004,
      "fcf_margin_change": 0.004376604753261626
    }
  ],
  "signals": [
    {
      "quarter": "2025-06 (Q2)",
      "signal": "FCF MARGIN EXPANSION",
      "detail": "FCF margin: +2.5% -> +10.1% (+7.6%)",
      "severity": "MEDIUM"
    },
    {
      "quarter": "2025-06 (Q2)",
      "signal": "OPERATING LEVERAGE",
      "detail": "Rev growth +5.5% vs OpEx growth +3.5% (leverage: 1.6x)",
      "severity": "MEDIUM"
    },
    {
      "quarter": "2025-03 (Q1)",
      "signal": "YoY REVENUE GROWTH DECELERATION",
      "detail": "YoY growth: +4.1% vs prior quarter YoY: +19.6% (decel: -15.5%)",
      "severity": "WARNING"
    },
    {
      "quarter": "2025-03 (Q1)",
      "signal": "OP MARGIN TURNED POSITIVE (YoY)",
      "detail": "Op margin: -1.3% (year-ago) -> +2.6%",
      "severity": "HIGH"
    },
    {
      "quarter": "2025-03 (Q1)",
      "signal": "OP MARGIN TURNED POSITIVE (QoQ)",
      "detail": "Op margin: -2.9% -> +2.6%",
      "severity": "HIGH"
    },
    {
      "quarter": "2024-12 (Q4)",
      "signal": "YoY REVENUE GROWTH ACCELERATION",
      "detail": "YoY growth: +19.6% vs prior quarter YoY: +1.2% (accel: +18.4%)",
      "severity": "HIGH"
    },
    {
      "quarter": "2024-09 (Q3)",
      "signal": "OP MARGIN TURNED POSITIVE (YoY)",
      "detail": "Op margin: -48.6% (year-ago) -> +4.1%",
      "severity": "HIGH"
    },
    {
      "quarter": "2024-06 (Q2)",
      "signal": "FCF TURNED POSITIVE",
      "detail": "FCF margin: -4.3% -> +9.0%",
      "severity": "HIGH"
    },
    {
      "quarter": "2024-06 (Q2)",
      "signal": "INCREMENTAL MARGIN (YoY)",
      "detail": "YoY Incr OPM: +1110.2% vs year-ago OPM: +12.3%",
      "severity": "HIGH"
    },
    {
      "quarter": "2024-06 (Q2)",
      "signal": "OP MARGIN TURNED POSITIVE (QoQ)",
      "detail": "Op margin: -1.3% -> +4.5%",
      "severity": "HIGH"
    },
    {
      "quarter": "2024-03 (Q1)",
      "signal": "YoY REVENUE GROWTH ACCELERATION",
      "detail": "YoY growth: -4.0% vs prior quarter YoY: -12.0% (accel: +8.0%)",
      "severity": "MEDIUM"
    },
    {
      "quarter": "2023-12 (Q4)",
      "signal": "YoY REVENUE GROWTH DECELERATION",
      "detail": "YoY growth: -12.0% vs prior quarter YoY: -0.3% (decel: -11.7%)",
      "severity": "WARNING"
    },
    {
      "quarter": "2023-03 (Q1)",
      "signal": "YoY REVENUE GROWTH ACCELERATION",
      "detail": "YoY growth: +7.0% vs prior quarter YoY: +0.8% (accel: +6.1%)",
      "severity": "MEDIUM"
    },
    {
      "quarter": "2022-12 (Q4)",
      "signal": "YoY REVENUE GROWTH DECELERATION",
      "detail": "YoY growth: +0.8% vs prior quarter YoY: +7.5% (decel: -6.7%)",
      "severity": "WARNING"
    },
    {
      "quarter": "2022-12 (Q4)",
      "signal": "INCREMENTAL MARGIN (YoY)",
      "detail": "YoY Incr OPM: +128.2% vs year-ago OPM: +14.4%",
      "severity": "HIGH"
    },
    {
      "quarter": "2022-09 (Q3)",
      "signal": "FCF MARGIN EXPANSION",
      "detail": "FCF margin: +9.3% -> +16.0% (+6.7%)",
      "severity": "MEDIUM"
    },
    {
      "quarter": "2022-06 (Q2)",
      "signal": "YoY REVENUE GROWTH DECELERATION",
      "detail": "YoY growth: +5.2% vs prior quarter YoY: +22.7% (decel: -17.4%)",
      "severity": "WARNING"
    },
    {
      "quarter": "2022-03 (Q1)",
      "signal": "FCF MARGIN EXPANSION",
      "detail": "FCF margin: +0.7% -> +10.2% (+9.5%)",
      "severity": "MEDIUM"
    },
    {
      "quarter": "2022-03 (Q1)",
      "signal": "YoY REVENUE GROWTH DECELERATION",
      "detail": "YoY growth: +22.7% vs prior quarter YoY: +53.1% (decel: -30.4%)",
      "severity": "WARNING"
    },
    {
      "quarter": "2021-06 (Q2)",
      "signal": "FCF MARGIN EXPANSION",
      "detail": "FCF margin: +12.1% -> +18.4% (+6.3%)",
      "severity": "MEDIUM"
    },
    {
      "quarter": "2021-06 (Q2)",
      "signal": "OPERATING LEVERAGE",
      "detail": "Rev growth +21.2% vs OpEx growth +10.3% (leverage: 2.1x)",
      "severity": "MEDIUM"
    }
  ],
  "data_quality": {
    "n_quarters": 20,
    "coverage": {
      "revenue": [
        20,
        20
      ],
      "gross_profit": [
        0,
        20
      ],
      "op_income": [
        20,
        20
      ],
      "fcf": [
        20,
        20
      ]
    },
    "gaps": [],
    "warnings": [
      "gross_profit: no data"
    ]
  },
  "market_cap": null,
  "source": "SEC EDGAR",
  "last_updated": "2026-02-02T21:36:48.786054"
}