{
  "ticker": "PEP",
  "name": "PepsiCo, Inc.",
  "quarters": [
    {
      "date": "2019-06-15T00:00:00",
      "quarter_label": "2019-06 (Q2)",
      "revenue": 16449000000,
      "gross_profit": 9045000000,
      "operating_income": 2729000000,
      "net_income": 2035000000,
      "opex": 6316000000,
      "cogs": 7404000000,
      "rd": null,
      "sga": 6316000000,
      "fcf": null,
      "ocf": null,
      "capex": null,
      "gross_margin": 0.5498814517599854,
      "op_margin": 0.16590674205118852,
      "fcf_margin": null
    },
    {
      "date": "2019-09-07T00:00:00",
      "quarter_label": "2019-09 (Q3)",
      "revenue": 17188000000,
      "gross_profit": 9494000000,
      "operating_income": 2855000000,
      "net_income": 2100000000,
      "opex": 6639000000,
      "cogs": 7694000000,
      "rd": null,
      "sga": 6639000000,
      "fcf": null,
      "ocf": null,
      "capex": null,
      "gross_margin": 0.5523621131021643,
      "op_margin": 0.16610425878519897,
      "fcf_margin": null,
      "op_leverage_ratio": 0.8785056051851422
    },
    {
      "date": "2020-03-21T00:00:00",
      "quarter_label": "2020-03 (Q1)",
      "revenue": 13881000000,
      "gross_profit": 7754000000,
      "operating_income": 1924000000,
      "net_income": 1338000000,
      "opex": 5830000000,
      "cogs": 6127000000,
      "rd": null,
      "sga": 5830000000,
      "fcf": -749000000,
      "ocf": -749000000,
      "capex": null,
      "gross_margin": 0.5586052878034724,
      "op_margin": 0.13860672862185722,
      "fcf_margin": -0.05395864851235502
    },
    {
      "date": "2020-06-13T00:00:00",
      "quarter_label": "2020-06 (Q2)",
      "revenue": 15945000000,
      "gross_profit": 8857000000,
      "operating_income": 2319000000,
      "net_income": 1646000000,
      "opex": 6538000000,
      "cogs": 7088000000,
      "rd": null,
      "sga": 6538000000,
      "fcf": null,
      "ocf": null,
      "capex": null,
      "gross_margin": 0.5554719347757918,
      "op_margin": 0.14543744120413923,
      "fcf_margin": null,
      "incr_op_margin_yoy": 0.8134920634920635,
      "rev_growth_yoy": -0.03064016049607879,
      "op_leverage_ratio": 1.2244025793091153
    },
    {
      "date": "2020-09-05T00:00:00",
      "quarter_label": "2020-09 (Q3)",
      "revenue": 18091000000,
      "gross_profit": 9935000000,
      "operating_income": 3011000000,
      "net_income": 2291000000,
      "opex": 6924000000,
      "cogs": 8156000000,
      "rd": null,
      "sga": 6924000000,
      "fcf": null,
      "ocf": null,
      "capex": null,
      "gross_margin": 0.5491680946326903,
      "op_margin": 0.16643634956608258,
      "fcf_margin": null,
      "incr_op_margin_yoy": 0.17275747508305647,
      "rev_growth_yoy": 0.05253665347917152,
      "rev_growth_yoy_accel": 0.08317681397525031,
      "op_leverage_ratio": 2.279621821774006
    },
    {
      "date": "2021-03-20T00:00:00",
      "quarter_label": "2021-03 (Q1)",
      "revenue": 14820000000,
      "gross_profit": 8149000000,
      "operating_income": 2312000000,
      "net_income": 1714000000,
      "opex": 5837000000,
      "cogs": 6671000000,
      "rd": null,
      "sga": 5837000000,
      "fcf": -719000000,
      "ocf": -719000000,
      "capex": null,
      "gross_margin": 0.5498650472334683,
      "op_margin": 0.15600539811066128,
      "fcf_margin": -0.048515519568151144,
      "incr_op_margin_yoy": 0.4132055378061768,
      "rev_growth_yoy": 0.06764642316835963,
      "rev_growth_yoy_accel": 0.015109769689188111
    },
    {
      "date": "2021-06-12T00:00:00",
      "quarter_label": "2021-06 (Q2)",
      "revenue": 19217000000,
      "gross_profit": 10337000000,
      "operating_income": 3129000000,
      "net_income": 2358000000,
      "opex": 7208000000,
      "cogs": 8880000000,
      "rd": null,
      "sga": 7208000000,
      "fcf": null,
      "ocf": null,
      "capex": null,
      "gross_margin": 0.5379091429463496,
      "op_margin": 0.16282458240099912,
      "fcf_margin": null,
      "incr_op_margin_yoy": 0.24755501222493886,
      "rev_growth_yoy": 0.20520539354029477,
      "rev_growth_yoy_accel": 0.13755897037193515,
      "op_leverage_ratio": 1.2631662123945895
    },
    {
      "date": "2021-09-04T00:00:00",
      "quarter_label": "2021-09 (Q3)",
      "revenue": 20189000000,
      "gross_profit": 10795000000,
      "operating_income": 3159000000,
      "net_income": 2224000000,
      "opex": 7636000000,
      "cogs": 9394000000,
      "rd": null,
      "sga": 7636000000,
      "fcf": null,
      "ocf": null,
      "capex": null,
      "gross_margin": 0.5346971122888702,
      "op_margin": 0.15647134578235672,
      "fcf_margin": null,
      "incr_op_margin_yoy": 0.07054337464251668,
      "rev_growth_yoy": 0.11596926648609807,
      "rev_growth_yoy_accel": -0.0892361270541967,
      "op_leverage_ratio": 0.851827553388039
    },
    {
      "date": "2022-03-19T00:00:00",
      "quarter_label": "2022-03 (Q1)",
      "revenue": 16200000000,
      "gross_profit": 8767000000,
      "operating_income": 5267000000,
      "net_income": 4261000000,
      "opex": 3500000000,
      "cogs": 7433000000,
      "rd": null,
      "sga": 6822000000,
      "fcf": -174000000,
      "ocf": -174000000,
      "capex": null,
      "gross_margin": 0.5411728395061728,
      "op_margin": 0.32512345679012344,
      "fcf_margin": -0.01074074074074074,
      "incr_op_margin_yoy": 2.141304347826087,
      "rev_growth_yoy": 0.0931174089068826,
      "rev_growth_yoy_accel": -0.02285185757921547
    },
    {
      "date": "2022-06-11T00:00:00",
      "quarter_label": "2022-06 (Q2)",
      "revenue": 20225000000,
      "gross_profit": 10810000000,
      "operating_income": 2077000000,
      "net_income": 1429000000,
      "opex": 8733000000,
      "cogs": 9415000000,
      "rd": null,
      "sga": 7387000000,
      "fcf": null,
      "ocf": null,
      "capex": null,
      "gross_margin": 0.534487021013597,
      "op_margin": 0.1026946847960445,
      "fcf_margin": null,
      "incr_op_margin_yoy": -1.0436507936507937,
      "rev_growth_yoy": 0.05245355674663059,
      "rev_growth_yoy_accel": -0.040663852160252006,
      "op_leverage_ratio": 0.16617595364649318
    },
    {
      "date": "2022-09-03T00:00:00",
      "quarter_label": "2022-09 (Q3)",
      "revenue": 21971000000,
      "gross_profit": 11663000000,
      "operating_income": 3353000000,
      "net_income": 2702000000,
      "opex": 8310000000,
      "cogs": 10308000000,
      "rd": null,
      "sga": 8295000000,
      "fcf": null,
      "ocf": null,
      "capex": null,
      "gross_margin": 0.5308361021346321,
      "op_margin": 0.15261025897774338,
      "fcf_margin": null,
      "incr_op_margin_yoy": 0.10886644219977554,
      "rev_growth_yoy": 0.08826588736440635,
      "rev_growth_yoy_accel": 0.035812330617775764,
      "op_leverage_ratio": null
    },
    {
      "date": "2023-03-25T00:00:00",
      "quarter_label": "2023-03 (Q1)",
      "revenue": 17846000000,
      "gross_profit": 9858000000,
      "operating_income": 2629000000,
      "net_income": 1932000000,
      "opex": 7229000000,
      "cogs": 7988000000,
      "rd": null,
      "sga": 7229000000,
      "fcf": -392000000,
      "ocf": -392000000,
      "capex": null,
      "gross_margin": 0.5523926930404572,
      "op_margin": 0.14731592513728567,
      "fcf_margin": -0.021965706600918972,
      "incr_op_margin_yoy": -1.6026731470230862,
      "rev_growth_yoy": 0.10160493827160494,
      "rev_growth_yoy_accel": 0.013339050907198585
    },
    {
      "date": "2023-06-17T00:00:00",
      "quarter_label": "2023-06 (Q2)",
      "revenue": 22322000000,
      "gross_profit": 12201000000,
      "operating_income": 3659000000,
      "net_income": 2748000000,
      "opex": 8542000000,
      "cogs": 10121000000,
      "rd": null,
      "sga": 8542000000,
      "fcf": null,
      "ocf": null,
      "capex": null,
      "gross_margin": 0.5465908072753337,
      "op_margin": 0.16391900367350595,
      "fcf_margin": null,
      "incr_op_margin_yoy": 0.7544110634239389,
      "rev_growth_yoy": 0.10368355995055624,
      "rev_growth_yoy_accel": 0.0020786216789513007,
      "op_leverage_ratio": 1.380901457071284
    },
    {
      "date": "2023-09-09T00:00:00",
      "quarter_label": "2023-09 (Q3)",
      "revenue": 23453000000,
      "gross_profit": 12778000000,
      "operating_income": 4015000000,
      "net_income": 3092000000,
      "opex": 8763000000,
      "cogs": 10675000000,
      "rd": null,
      "sga": 8757000000,
      "fcf": null,
      "ocf": null,
      "capex": null,
      "gross_margin": 0.5448343495501642,
      "op_margin": 0.17119345073124972,
      "fcf_margin": null,
      "incr_op_margin_yoy": 0.446693657219973,
      "rev_growth_yoy": 0.06745255109007328,
      "rev_growth_yoy_accel": -0.03623100886048296,
      "op_leverage_ratio": 1.9583792301975893
    },
    {
      "date": "2024-03-23T00:00:00",
      "quarter_label": "2024-03 (Q1)",
      "revenue": 18250000000,
      "gross_profit": 10002000000,
      "operating_income": 2717000000,
      "net_income": 2042000000,
      "opex": 7285000000,
      "cogs": 8248000000,
      "rd": null,
      "sga": 7285000000,
      "fcf": -1041000000,
      "ocf": -1041000000,
      "capex": null,
      "gross_margin": 0.548054794520548,
      "op_margin": 0.14887671232876712,
      "fcf_margin": -0.05704109589041096,
      "incr_op_margin_yoy": 0.21782178217821782,
      "rev_growth_yoy": 0.022638126190743024,
      "rev_growth_yoy_accel": -0.044814424899330255
    },
    {
      "date": "2024-06-15T00:00:00",
      "quarter_label": "2024-06 (Q2)",
      "revenue": 22501000000,
      "gross_profit": 12582000000,
      "operating_income": 4048000000,
      "net_income": 3083000000,
      "opex": 8534000000,
      "cogs": 9919000000,
      "rd": null,
      "sga": 8534000000,
      "fcf": null,
      "ocf": null,
      "capex": null,
      "gross_margin": 0.5591751477712101,
      "op_margin": 0.17990311541709259,
      "fcf_margin": null,
      "incr_op_margin_yoy": 2.1731843575418996,
      "rev_growth_yoy": 0.008018994713735328,
      "rev_growth_yoy_accel": -0.014619131477007696,
      "op_leverage_ratio": 1.3586117112868379
    },
    {
      "date": "2024-09-07T00:00:00",
      "quarter_label": "2024-09 (Q3)",
      "revenue": 23319000000,
      "gross_profit": 12923000000,
      "operating_income": 3872000000,
      "net_income": 2930000000,
      "opex": 9051000000,
      "cogs": 10396000000,
      "rd": null,
      "sga": 9051000000,
      "fcf": null,
      "ocf": null,
      "capex": null,
      "gross_margin": 0.554183284017325,
      "op_margin": 0.16604485612590592,
      "fcf_margin": null,
      "incr_op_margin_yoy": 1.0671641791044777,
      "rev_growth_yoy": -0.005713554769112694,
      "rev_growth_yoy_accel": -0.013732549482848022,
      "op_leverage_ratio": 0.6000861169548708
    },
    {
      "date": "2025-03-22T00:00:00",
      "quarter_label": "2025-03 (Q1)",
      "revenue": 17919000000,
      "gross_profit": 9993000000,
      "operating_income": 2583000000,
      "net_income": 1834000000,
      "opex": 7410000000,
      "cogs": 7926000000,
      "rd": null,
      "sga": 7410000000,
      "fcf": -973000000,
      "ocf": -973000000,
      "capex": null,
      "gross_margin": 0.5576762096099113,
      "op_margin": 0.14414866901054746,
      "fcf_margin": -0.05429990512863441,
      "incr_op_margin_yoy": 0.40483383685800606,
      "rev_growth_yoy": -0.018136986301369864,
      "rev_growth_yoy_accel": -0.012423431532257171
    },
    {
      "date": "2025-06-14T00:00:00",
      "quarter_label": "2025-06 (Q2)",
      "revenue": 22726000000,
      "gross_profit": 12422000000,
      "operating_income": 1789000000,
      "net_income": 1263000000,
      "opex": 10633000000,
      "cogs": 10304000000,
      "rd": null,
      "sga": 8773000000,
      "fcf": null,
      "ocf": null,
      "capex": null,
      "gross_margin": 0.5465986095221332,
      "op_margin": 0.0787204083428672,
      "fcf_margin": null,
      "incr_op_margin_yoy": -10.04,
      "rev_growth_yoy": 0.009999555575307763,
      "rev_growth_yoy_accel": 0.028136541876677627,
      "op_leverage_ratio": 0.6167629189144095
    },
    {
      "date": "2025-09-06T00:00:00",
      "quarter_label": "2025-09 (Q3)",
      "revenue": 23937000000,
      "gross_profit": 12824000000,
      "operating_income": 3569000000,
      "net_income": 2603000000,
      "opex": 9255000000,
      "cogs": 11113000000,
      "rd": null,
      "sga": 9122000000,
      "fcf": null,
      "ocf": null,
      "capex": null,
      "gross_margin": 0.5357396499143585,
      "op_margin": 0.14909972009859213,
      "fcf_margin": null,
      "incr_op_margin_yoy": -0.49029126213592233,
      "rev_growth_yoy": 0.02650199408207899,
      "rev_growth_yoy_accel": 0.016502438506771227,
      "op_leverage_ratio": null
    }
  ],
  "signals": [
    {
      "quarter": "2025-03 (Q1)",
      "signal": "INCREMENTAL MARGIN (YoY)",
      "detail": "YoY Incr OPM: +40.5% vs year-ago OPM: +14.9%",
      "severity": "HIGH"
    },
    {
      "quarter": "2024-09 (Q3)",
      "signal": "INCREMENTAL MARGIN (YoY)",
      "detail": "YoY Incr OPM: +106.7% vs year-ago OPM: +17.1%",
      "severity": "HIGH"
    },
    {
      "quarter": "2024-06 (Q2)",
      "signal": "INCREMENTAL MARGIN (YoY)",
      "detail": "YoY Incr OPM: +217.3% vs year-ago OPM: +16.4%",
      "severity": "HIGH"
    },
    {
      "quarter": "2023-09 (Q3)",
      "signal": "OPERATING LEVERAGE",
      "detail": "Rev growth +5.1% vs OpEx growth +2.6% (leverage: 2.0x)",
      "severity": "MEDIUM"
    },
    {
      "quarter": "2023-09 (Q3)",
      "signal": "INCREMENTAL MARGIN (YoY)",
      "detail": "YoY Incr OPM: +44.7% vs year-ago OPM: +15.3%",
      "severity": "HIGH"
    },
    {
      "quarter": "2023-06 (Q2)",
      "signal": "INCREMENTAL MARGIN (YoY)",
      "detail": "YoY Incr OPM: +75.4% vs year-ago OPM: +10.3%",
      "severity": "HIGH"
    },
    {
      "quarter": "2023-03 (Q1)",
      "signal": "GROSS MARGIN INFLECTION",
      "detail": "GM: +53.4% -> +53.1% -> +55.2% (reversal +2.2%)",
      "severity": "MEDIUM"
    },
    {
      "quarter": "2022-03 (Q1)",
      "signal": "INCREMENTAL MARGIN (YoY)",
      "detail": "YoY Incr OPM: +214.1% vs year-ago OPM: +15.6%",
      "severity": "HIGH"
    },
    {
      "quarter": "2021-09 (Q3)",
      "signal": "YoY REVENUE GROWTH DECELERATION",
      "detail": "YoY growth: +11.6% vs prior quarter YoY: +20.5% (decel: -8.9%)",
      "severity": "WARNING"
    },
    {
      "quarter": "2021-06 (Q2)",
      "signal": "YoY REVENUE GROWTH ACCELERATION",
      "detail": "YoY growth: +20.5% vs prior quarter YoY: +6.8% (accel: +13.8%)",
      "severity": "MEDIUM"
    },
    {
      "quarter": "2021-06 (Q2)",
      "signal": "INCREMENTAL MARGIN (YoY)",
      "detail": "YoY Incr OPM: +24.8% vs year-ago OPM: +14.5%",
      "severity": "MEDIUM"
    },
    {
      "quarter": "2021-03 (Q1)",
      "signal": "INCREMENTAL MARGIN (YoY)",
      "detail": "YoY Incr OPM: +41.3% vs year-ago OPM: +13.9%",
      "severity": "HIGH"
    },
    {
      "quarter": "2020-09 (Q3)",
      "signal": "OPERATING LEVERAGE",
      "detail": "Rev growth +13.5% vs OpEx growth +5.9% (leverage: 2.3x)",
      "severity": "MEDIUM"
    },
    {
      "quarter": "2020-09 (Q3)",
      "signal": "YoY REVENUE GROWTH ACCELERATION",
      "detail": "YoY growth: +5.3% vs prior quarter YoY: -3.1% (accel: +8.3%)",
      "severity": "MEDIUM"
    },
    {
      "quarter": "2020-06 (Q2)",
      "signal": "INCREMENTAL MARGIN (YoY)",
      "detail": "YoY Incr OPM: +81.3% vs year-ago OPM: +16.6%",
      "severity": "HIGH"
    }
  ],
  "data_quality": {
    "n_quarters": 20,
    "coverage": {
      "revenue": [
        20,
        20
      ],
      "gross_profit": [
        20,
        20
      ],
      "op_income": [
        20,
        20
      ],
      "fcf": [
        6,
        20
      ]
    },
    "gaps": [
      [
        "2019-09 (Q3)",
        "2020-03 (Q1)",
        196
      ],
      [
        "2020-09 (Q3)",
        "2021-03 (Q1)",
        196
      ],
      [
        "2021-09 (Q3)",
        "2022-03 (Q1)",
        196
      ],
      [
        "2022-09 (Q3)",
        "2023-03 (Q1)",
        203
      ],
      [
        "2023-09 (Q3)",
        "2024-03 (Q1)",
        196
      ],
      [
        "2024-09 (Q3)",
        "2025-03 (Q1)",
        196
      ]
    ],
    "warnings": [
      "fcf: 6/20Q",
      "gap: 1Q missing between 2019-09 (Q3) and 2020-03 (Q1)",
      "gap: 1Q missing between 2020-09 (Q3) and 2021-03 (Q1)",
      "gap: 1Q missing between 2021-09 (Q3) and 2022-03 (Q1)",
      "gap: 1Q missing between 2022-09 (Q3) and 2023-03 (Q1)",
      "gap: 1Q missing between 2023-09 (Q3) and 2024-03 (Q1)",
      "gap: 1Q missing between 2024-09 (Q3) and 2025-03 (Q1)"
    ]
  },
  "market_cap": null,
  "source": "SEC EDGAR",
  "last_updated": "2026-02-04T13:47:35.258917",
  "sector": "Consumer Defensive",
  "industry": "Beverages - Non-Alcoholic"
}