{
  "ticker": "PFE",
  "name": "PFIZER INC",
  "quarters": [
    {
      "date": "2020-12-31T00:00:00",
      "quarter_label": "2020-12 (Q4)",
      "revenue": 5690000000,
      "gross_profit": 4186000000,
      "operating_income": null,
      "net_income": 594000000,
      "opex": null,
      "cogs": 1504000000,
      "rd": null,
      "sga": 2696000000,
      "fcf": 4812000000,
      "ocf": 5625000000,
      "capex": -813000000,
      "gross_margin": 0.735676625659051,
      "op_margin": null,
      "fcf_margin": 0.8456942003514939
    },
    {
      "date": "2021-04-04T00:00:00",
      "quarter_label": "2021-04 (Q2)",
      "revenue": 14582000000,
      "gross_profit": 10371000000,
      "operating_income": null,
      "net_income": 4877000000,
      "opex": null,
      "cogs": 4211000000,
      "rd": null,
      "sga": 2783000000,
      "fcf": 3984000000,
      "ocf": 4538000000,
      "capex": -554000000,
      "gross_margin": 0.7112193114799067,
      "op_margin": null,
      "fcf_margin": 0.27321355095323,
      "fcf_margin_change": -0.5724806493982639
    },
    {
      "date": "2021-07-04T00:00:00",
      "quarter_label": "2021-07 (Q3)",
      "revenue": 18977000000,
      "gross_profit": 11928000000,
      "operating_income": null,
      "net_income": 5563000000,
      "opex": null,
      "cogs": 7049000000,
      "rd": null,
      "sga": 2928000000,
      "fcf": 10762000000,
      "ocf": 11299000000,
      "capex": -537000000,
      "gross_margin": 0.6285503504241977,
      "op_margin": null,
      "fcf_margin": 0.5671075512462455,
      "fcf_margin_change": 0.29389400029301543
    },
    {
      "date": "2021-10-03T00:00:00",
      "quarter_label": "2021-10 (Q4)",
      "revenue": 24094000000,
      "gross_profit": 14121000000,
      "operating_income": null,
      "net_income": 8146000000,
      "opex": null,
      "cogs": 9973000000,
      "rd": null,
      "sga": 2905000000,
      "fcf": 10211000000,
      "ocf": 10829000000,
      "capex": -618000000,
      "gross_margin": 0.5860795218726654,
      "op_margin": null,
      "fcf_margin": 0.42379845604714866,
      "fcf_margin_change": -0.1433090951990968
    },
    {
      "date": "2021-12-31T00:00:00",
      "quarter_label": "2021-12 (Q4)",
      "revenue": 23635000000,
      "gross_profit": 14046000000,
      "operating_income": null,
      "net_income": 3393000000,
      "opex": null,
      "cogs": 9589000000,
      "rd": null,
      "sga": 4086000000,
      "fcf": 4912000000,
      "ocf": 5914000000,
      "capex": -1002000000,
      "gross_margin": 0.5942881320076159,
      "op_margin": null,
      "fcf_margin": 0.20782737465623016,
      "rev_growth_yoy": 3.15377855887522,
      "fcf_margin_change": -0.2159710813909185
    },
    {
      "date": "2022-04-03T00:00:00",
      "quarter_label": "2022-04 (Q2)",
      "revenue": 25661000000,
      "gross_profit": 15677000000,
      "operating_income": null,
      "net_income": 7864000000,
      "opex": null,
      "cogs": 9984000000,
      "rd": null,
      "sga": 2593000000,
      "fcf": 5898000000,
      "ocf": 6541000000,
      "capex": -643000000,
      "gross_margin": 0.6109270877986049,
      "op_margin": null,
      "fcf_margin": 0.22984295234012705,
      "rev_growth_yoy": 0.7597723220408723,
      "rev_growth_yoy_accel": -2.3940062368343478,
      "fcf_margin_change": 0.022015577683896892
    },
    {
      "date": "2022-07-03T00:00:00",
      "quarter_label": "2022-07 (Q3)",
      "revenue": 27742000000,
      "gross_profit": 19094000000,
      "operating_income": null,
      "net_income": 9906000000,
      "opex": null,
      "cogs": 8648000000,
      "rd": null,
      "sga": 3048000000,
      "fcf": 7419000000,
      "ocf": 8170000000,
      "capex": -751000000,
      "gross_margin": 0.6882704923942037,
      "op_margin": null,
      "fcf_margin": 0.267428447840819,
      "rev_growth_yoy": 0.46187490119618485,
      "rev_growth_yoy_accel": -0.29789742084468745,
      "fcf_margin_change": 0.03758549550069193
    },
    {
      "date": "2022-10-02T00:00:00",
      "quarter_label": "2022-10 (Q4)",
      "revenue": 22638000000,
      "gross_profit": 16575000000,
      "operating_income": null,
      "net_income": 8608000000,
      "opex": null,
      "cogs": 6063000000,
      "rd": null,
      "sga": 3391000000,
      "fcf": 5133000000,
      "ocf": 5974000000,
      "capex": -841000000,
      "gross_margin": 0.7321759872780281,
      "op_margin": null,
      "fcf_margin": 0.22674264510999204,
      "rev_growth_yoy": -0.06042998256827426,
      "rev_growth_yoy_accel": -0.5223048837644592,
      "fcf_margin_change": -0.04068580273082695
    },
    {
      "date": "2022-12-31T00:00:00",
      "quarter_label": "2022-12 (Q4)",
      "revenue": 24290000000,
      "gross_profit": 14642000000,
      "operating_income": null,
      "net_income": 4994000000,
      "opex": null,
      "cogs": 9648000000,
      "rd": null,
      "sga": 4645000000,
      "fcf": 7581000000,
      "ocf": 8582000000,
      "capex": -1001000000,
      "gross_margin": 0.6027995059695348,
      "op_margin": null,
      "fcf_margin": 0.3121037463976945,
      "rev_growth_yoy": 0.027713137296382483,
      "rev_growth_yoy_accel": 0.08814311986465674,
      "fcf_margin_change": 0.08536110128770247
    },
    {
      "date": "2023-04-02T00:00:00",
      "quarter_label": "2023-04 (Q2)",
      "revenue": 18282000000,
      "gross_profit": 13396000000,
      "operating_income": null,
      "net_income": 5543000000,
      "opex": null,
      "cogs": 4886000000,
      "rd": null,
      "sga": 3418000000,
      "fcf": 73000000,
      "ocf": 1212000000,
      "capex": -1139000000,
      "gross_margin": 0.7327425883382562,
      "op_margin": null,
      "fcf_margin": 0.003992998577836123,
      "rev_growth_yoy": -0.28755699310237326,
      "rev_growth_yoy_accel": -0.31527013039875573,
      "fcf_margin_change": -0.30811074781985837
    },
    {
      "date": "2023-07-02T00:00:00",
      "quarter_label": "2023-07 (Q3)",
      "revenue": 12734000000,
      "gross_profit": 9497000000,
      "operating_income": null,
      "net_income": 2327000000,
      "opex": null,
      "cogs": 3237000000,
      "rd": null,
      "sga": 3497000000,
      "fcf": -2122000000,
      "ocf": -1208000000,
      "capex": -914000000,
      "gross_margin": 0.7457986492853778,
      "op_margin": null,
      "fcf_margin": -0.16664049002670017,
      "rev_growth_yoy": -0.5409847884074688,
      "rev_growth_yoy_accel": -0.2534277953050955,
      "fcf_margin_change": -0.17063348860453628
    },
    {
      "date": "2023-10-01T00:00:00",
      "quarter_label": "2023-10 (Q4)",
      "revenue": 13232000000,
      "gross_profit": 3963000000,
      "operating_income": null,
      "net_income": -2382000000,
      "opex": null,
      "cogs": 9269000000,
      "rd": null,
      "sga": 3281000000,
      "fcf": 2646000000,
      "ocf": 3456000000,
      "capex": -810000000,
      "gross_margin": 0.2995012091898428,
      "op_margin": null,
      "fcf_margin": 0.19996977025392987,
      "rev_growth_yoy": -0.41549606855729304,
      "rev_growth_yoy_accel": 0.12548871985017573,
      "fcf_margin_change": 0.36661026028063004
    },
    {
      "date": "2023-12-31T00:00:00",
      "quarter_label": "2023-12 (Q4)",
      "revenue": 14249000000,
      "gross_profit": 6686000000,
      "operating_income": null,
      "net_income": -3369000000,
      "opex": null,
      "cogs": 7563000000,
      "rd": null,
      "sga": 4575000000,
      "fcf": 4196000000,
      "ocf": 5240000000,
      "capex": -1044000000,
      "gross_margin": 0.46922591059021684,
      "op_margin": null,
      "fcf_margin": 0.29447680538985194,
      "rev_growth_yoy": -0.4133799917661589,
      "rev_growth_yoy_accel": 0.002116076791134125,
      "fcf_margin_change": 0.09450703513592207
    },
    {
      "date": "2024-03-31T00:00:00",
      "quarter_label": "2024-03 (Q1)",
      "revenue": 14879000000,
      "gross_profit": 11500000000,
      "operating_income": null,
      "net_income": 3115000000,
      "opex": null,
      "cogs": 3379000000,
      "rd": null,
      "sga": 3495000000,
      "fcf": 386000000,
      "ocf": 1090000000,
      "capex": -704000000,
      "gross_margin": 0.7729014046642919,
      "op_margin": null,
      "fcf_margin": 0.025942603669601452,
      "rev_growth_yoy": -0.18613937205994968,
      "rev_growth_yoy_accel": 0.22724061970620923,
      "fcf_margin_change": -0.2685342017202505
    },
    {
      "date": "2024-06-30T00:00:00",
      "quarter_label": "2024-06 (Q2)",
      "revenue": 13283000000,
      "gross_profit": 9983000000,
      "operating_income": null,
      "net_income": 41000000,
      "opex": null,
      "cogs": 3300000000,
      "rd": null,
      "sga": 3717000000,
      "fcf": -2418000000,
      "ocf": -1781000000,
      "capex": -637000000,
      "gross_margin": 0.7515621471053225,
      "op_margin": null,
      "fcf_margin": -0.18203719039373636,
      "rev_growth_yoy": 0.04311292602481546,
      "rev_growth_yoy_accel": 0.22925229808476513,
      "fcf_margin_change": -0.20797979406333783
    },
    {
      "date": "2024-09-29T00:00:00",
      "quarter_label": "2024-09 (Q3)",
      "revenue": 17702000000,
      "gross_profit": 12439000000,
      "operating_income": null,
      "net_income": 4465000000,
      "opex": null,
      "cogs": 5263000000,
      "rd": null,
      "sga": 3244000000,
      "fcf": 6063000000,
      "ocf": 6714000000,
      "capex": -651000000,
      "gross_margin": 0.702688961699243,
      "op_margin": null,
      "fcf_margin": 0.34250367190148007,
      "rev_growth_yoy": 0.3378174123337364,
      "rev_growth_yoy_accel": 0.29470448630892093,
      "fcf_margin_change": 0.5245408622952165
    },
    {
      "date": "2024-12-31T00:00:00",
      "quarter_label": "2024-12 (Q4)",
      "revenue": 17763000000,
      "gross_profit": 11854000000,
      "operating_income": null,
      "net_income": 410000000,
      "opex": null,
      "cogs": 5909000000,
      "rd": null,
      "sga": 4274000000,
      "fcf": 5804000000,
      "ocf": 6721000000,
      "capex": -917000000,
      "gross_margin": 0.6673422282272139,
      "op_margin": null,
      "fcf_margin": 0.3267466081179981,
      "rev_growth_yoy": 0.24661379745947085,
      "rev_growth_yoy_accel": -0.09120361487426557,
      "fcf_margin_change": -0.01575706378348196
    },
    {
      "date": "2025-03-30T00:00:00",
      "quarter_label": "2025-03 (Q1)",
      "revenue": 13715000000,
      "gross_profit": 10870000000,
      "operating_income": null,
      "net_income": 2967000000,
      "opex": null,
      "cogs": 2845000000,
      "rd": null,
      "sga": 3031000000,
      "fcf": 1771000000,
      "ocf": 2335000000,
      "capex": -564000000,
      "gross_margin": 0.7925628873496172,
      "op_margin": null,
      "fcf_margin": 0.12912869121399928,
      "rev_growth_yoy": -0.07823106391558572,
      "rev_growth_yoy_accel": -0.3248448613750566,
      "fcf_margin_change": -0.19761791690399882
    },
    {
      "date": "2025-06-29T00:00:00",
      "quarter_label": "2025-06 (Q2)",
      "revenue": 14653000000,
      "gross_profit": 10875000000,
      "operating_income": null,
      "net_income": 2910000000,
      "opex": null,
      "cogs": 3778000000,
      "rd": null,
      "sga": 3415000000,
      "fcf": -1200000000,
      "ocf": -582000000,
      "capex": -618000000,
      "gross_margin": 0.7421688391455674,
      "op_margin": null,
      "fcf_margin": -0.08189449259537296,
      "rev_growth_yoy": 0.10313935105021456,
      "rev_growth_yoy_accel": 0.18137041496580028,
      "fcf_margin_change": -0.21102318380937224
    },
    {
      "date": "2025-09-28T00:00:00",
      "quarter_label": "2025-09 (Q3)",
      "revenue": 16654000000,
      "gross_profit": 12482000000,
      "operating_income": null,
      "net_income": 3541000000,
      "opex": null,
      "cogs": 4172000000,
      "rd": null,
      "sga": 3186000000,
      "fcf": 4001000000,
      "ocf": 4603000000,
      "capex": -602000000,
      "gross_margin": 0.7494896121051999,
      "op_margin": null,
      "fcf_margin": 0.24024258436411672,
      "rev_growth_yoy": -0.059202350016947236,
      "rev_growth_yoy_accel": -0.16234170106716178,
      "fcf_margin_change": 0.3221370769594897
    }
  ],
  "signals": [
    {
      "quarter": "2025-09 (Q3)",
      "signal": "FCF TURNED POSITIVE",
      "detail": "FCF margin: -8.2% -> +24.0%",
      "severity": "HIGH"
    },
    {
      "quarter": "2025-09 (Q3)",
      "signal": "YoY REVENUE GROWTH DECELERATION",
      "detail": "YoY growth: -5.9% vs prior quarter YoY: +10.3% (decel: -16.2%)",
      "severity": "WARNING"
    },
    {
      "quarter": "2025-06 (Q2)",
      "signal": "YoY REVENUE GROWTH ACCELERATION",
      "detail": "YoY growth: +10.3% vs prior quarter YoY: -7.8% (accel: +18.1%)",
      "severity": "HIGH"
    },
    {
      "quarter": "2025-03 (Q1)",
      "signal": "GROSS MARGIN INFLECTION",
      "detail": "GM: +70.3% -> +66.7% -> +79.3% (reversal +12.5%)",
      "severity": "HIGH"
    },
    {
      "quarter": "2025-03 (Q1)",
      "signal": "YoY REVENUE GROWTH DECELERATION",
      "detail": "YoY growth: -7.8% vs prior quarter YoY: +24.7% (decel: -32.5%)",
      "severity": "WARNING"
    },
    {
      "quarter": "2024-12 (Q4)",
      "signal": "YoY REVENUE GROWTH DECELERATION",
      "detail": "YoY growth: +24.7% vs prior quarter YoY: +33.8% (decel: -9.1%)",
      "severity": "WARNING"
    },
    {
      "quarter": "2024-09 (Q3)",
      "signal": "FCF TURNED POSITIVE",
      "detail": "FCF margin: -18.2% -> +34.3%",
      "severity": "HIGH"
    },
    {
      "quarter": "2024-09 (Q3)",
      "signal": "YoY REVENUE GROWTH ACCELERATION",
      "detail": "YoY growth: +33.8% vs prior quarter YoY: +4.3% (accel: +29.5%)",
      "severity": "HIGH"
    },
    {
      "quarter": "2024-06 (Q2)",
      "signal": "YoY REVENUE GROWTH ACCELERATION",
      "detail": "YoY growth: +4.3% vs prior quarter YoY: -18.6% (accel: +22.9%)",
      "severity": "HIGH"
    },
    {
      "quarter": "2024-03 (Q1)",
      "signal": "YoY REVENUE GROWTH ACCELERATION",
      "detail": "YoY growth: -18.6% vs prior quarter YoY: -41.3% (accel: +22.7%)",
      "severity": "HIGH"
    },
    {
      "quarter": "2023-12 (Q4)",
      "signal": "FCF MARGIN EXPANSION",
      "detail": "FCF margin: +20.0% -> +29.4% (+9.5%)",
      "severity": "MEDIUM"
    },
    {
      "quarter": "2023-12 (Q4)",
      "signal": "GROSS MARGIN INFLECTION",
      "detail": "GM: +74.6% -> +30.0% -> +46.9% (reversal +17.0%)",
      "severity": "HIGH"
    },
    {
      "quarter": "2023-10 (Q4)",
      "signal": "FCF TURNED POSITIVE",
      "detail": "FCF margin: -16.7% -> +20.0%",
      "severity": "HIGH"
    },
    {
      "quarter": "2023-10 (Q4)",
      "signal": "YoY REVENUE GROWTH ACCELERATION",
      "detail": "YoY growth: -41.5% vs prior quarter YoY: -54.1% (accel: +12.5%)",
      "severity": "MEDIUM"
    },
    {
      "quarter": "2023-07 (Q3)",
      "signal": "YoY REVENUE GROWTH DECELERATION",
      "detail": "YoY growth: -54.1% vs prior quarter YoY: -28.8% (decel: -25.3%)",
      "severity": "WARNING"
    },
    {
      "quarter": "2023-04 (Q2)",
      "signal": "GROSS MARGIN INFLECTION",
      "detail": "GM: +73.2% -> +60.3% -> +73.3% (reversal +13.0%)",
      "severity": "HIGH"
    },
    {
      "quarter": "2023-04 (Q2)",
      "signal": "YoY REVENUE GROWTH DECELERATION",
      "detail": "YoY growth: -28.8% vs prior quarter YoY: +2.8% (decel: -31.5%)",
      "severity": "WARNING"
    },
    {
      "quarter": "2022-12 (Q4)",
      "signal": "FCF MARGIN EXPANSION",
      "detail": "FCF margin: +22.7% -> +31.2% (+8.5%)",
      "severity": "MEDIUM"
    },
    {
      "quarter": "2022-12 (Q4)",
      "signal": "YoY REVENUE GROWTH ACCELERATION",
      "detail": "YoY growth: +2.8% vs prior quarter YoY: -6.0% (accel: +8.8%)",
      "severity": "MEDIUM"
    },
    {
      "quarter": "2022-10 (Q4)",
      "signal": "YoY REVENUE GROWTH DECELERATION",
      "detail": "YoY growth: -6.0% vs prior quarter YoY: +46.2% (decel: -52.2%)",
      "severity": "WARNING"
    },
    {
      "quarter": "2022-07 (Q3)",
      "signal": "YoY REVENUE GROWTH DECELERATION",
      "detail": "YoY growth: +46.2% vs prior quarter YoY: +76.0% (decel: -29.8%)",
      "severity": "WARNING"
    },
    {
      "quarter": "2022-04 (Q2)",
      "signal": "YoY REVENUE GROWTH DECELERATION",
      "detail": "YoY growth: +76.0% vs prior quarter YoY: +315.4% (decel: -239.4%)",
      "severity": "WARNING"
    },
    {
      "quarter": "2021-07 (Q3)",
      "signal": "FCF MARGIN EXPANSION",
      "detail": "FCF margin: +27.3% -> +56.7% (+29.4%)",
      "severity": "MEDIUM"
    }
  ],
  "data_quality": {
    "n_quarters": 20,
    "coverage": {
      "revenue": [
        20,
        20
      ],
      "gross_profit": [
        20,
        20
      ],
      "op_income": [
        0,
        20
      ],
      "fcf": [
        20,
        20
      ]
    },
    "gaps": [],
    "warnings": [
      "op_income: no data"
    ]
  },
  "market_cap": null,
  "source": "SEC EDGAR",
  "last_updated": "2026-02-02T19:46:58.677178"
}