{
  "ticker": "PFG",
  "name": "PRINCIPAL FINANCIAL GROUP, INC.",
  "quarters": [
    {
      "date": "2020-12-31T00:00:00",
      "quarter_label": "2020-12 (Q4)",
      "revenue": 3765100000,
      "gross_profit": null,
      "operating_income": null,
      "net_income": 472600000,
      "opex": null,
      "cogs": null,
      "rd": null,
      "sga": null,
      "fcf": 598900000,
      "ocf": 598900000,
      "capex": null,
      "gross_margin": null,
      "op_margin": null,
      "fcf_margin": 0.15906616026134765
    },
    {
      "date": "2021-03-31T00:00:00",
      "quarter_label": "2021-03 (Q1)",
      "revenue": 3208500000,
      "gross_profit": null,
      "operating_income": null,
      "net_income": 517100000,
      "opex": null,
      "cogs": null,
      "rd": null,
      "sga": null,
      "fcf": 140800000,
      "ocf": 140800000,
      "capex": null,
      "gross_margin": null,
      "op_margin": null,
      "fcf_margin": 0.04388343462677263,
      "fcf_margin_change": -0.11518272563457502
    },
    {
      "date": "2021-06-30T00:00:00",
      "quarter_label": "2021-06 (Q2)",
      "revenue": 3539400000,
      "gross_profit": null,
      "operating_income": null,
      "net_income": 361800000,
      "opex": null,
      "cogs": null,
      "rd": null,
      "sga": null,
      "fcf": 992800000,
      "ocf": 992800000,
      "capex": null,
      "gross_margin": null,
      "op_margin": null,
      "fcf_margin": 0.2804995196926033,
      "fcf_margin_change": 0.23661608506583065
    },
    {
      "date": "2021-09-30T00:00:00",
      "quarter_label": "2021-09 (Q3)",
      "revenue": 3423700000,
      "gross_profit": null,
      "operating_income": null,
      "net_income": 359900000,
      "opex": null,
      "cogs": null,
      "rd": null,
      "sga": null,
      "fcf": 973400000,
      "ocf": 973400000,
      "capex": null,
      "gross_margin": null,
      "op_margin": null,
      "fcf_margin": 0.28431229371732336,
      "fcf_margin_change": 0.003812774024720078
    },
    {
      "date": "2021-12-31T00:00:00",
      "quarter_label": "2021-12 (Q4)",
      "revenue": 4091100000,
      "gross_profit": null,
      "operating_income": null,
      "net_income": 471800000,
      "opex": null,
      "cogs": null,
      "rd": null,
      "sga": null,
      "fcf": 1147400000,
      "ocf": 1147400000,
      "capex": null,
      "gross_margin": null,
      "op_margin": null,
      "fcf_margin": 0.28046246730708124,
      "rev_growth_yoy": 0.08658468566571936,
      "fcf_margin_change": -0.0038498264102421187
    },
    {
      "date": "2022-03-31T00:00:00",
      "quarter_label": "2022-03 (Q1)",
      "revenue": 3110000000,
      "gross_profit": null,
      "operating_income": null,
      "net_income": 376200000,
      "opex": null,
      "cogs": null,
      "rd": null,
      "sga": null,
      "fcf": 31500000,
      "ocf": 31500000,
      "capex": null,
      "gross_margin": null,
      "op_margin": null,
      "fcf_margin": 0.010128617363344052,
      "rev_growth_yoy": -0.03069970391148512,
      "rev_growth_yoy_accel": -0.11728438957720448,
      "fcf_margin_change": -0.2703338499437372
    },
    {
      "date": "2022-06-30T00:00:00",
      "quarter_label": "2022-06 (Q2)",
      "revenue": 6658700000,
      "gross_profit": null,
      "operating_income": null,
      "net_income": 3059400000,
      "opex": null,
      "cogs": null,
      "rd": null,
      "sga": null,
      "fcf": 807200000,
      "ocf": 807200000,
      "capex": null,
      "gross_margin": null,
      "op_margin": null,
      "fcf_margin": 0.121224863712136,
      "rev_growth_yoy": 0.8813075662541674,
      "rev_growth_yoy_accel": 0.9120072701656525,
      "fcf_margin_change": 0.11109624634879195
    },
    {
      "date": "2022-09-30T00:00:00",
      "quarter_label": "2022-09 (Q3)",
      "revenue": 4600900000,
      "gross_profit": null,
      "operating_income": null,
      "net_income": 1385500000,
      "opex": null,
      "cogs": null,
      "rd": null,
      "sga": null,
      "fcf": 1171000000,
      "ocf": 1171000000,
      "capex": null,
      "gross_margin": null,
      "op_margin": null,
      "fcf_margin": 0.25451542089591167,
      "rev_growth_yoy": 0.3438385372550165,
      "rev_growth_yoy_accel": -0.5374690289991508,
      "fcf_margin_change": 0.13329055718377567
    },
    {
      "date": "2022-12-31T00:00:00",
      "quarter_label": "2022-12 (Q4)",
      "revenue": 3122000000,
      "gross_profit": null,
      "operating_income": null,
      "net_income": -9500000,
      "opex": null,
      "cogs": null,
      "rd": null,
      "sga": null,
      "fcf": 1163200000,
      "ocf": 1163200000,
      "capex": null,
      "gross_margin": null,
      "op_margin": null,
      "fcf_margin": 0.3725816784112748,
      "rev_growth_yoy": -0.2368800567084647,
      "rev_growth_yoy_accel": -0.5807185939634812,
      "fcf_margin_change": 0.11806625751536315
    },
    {
      "date": "2023-03-31T00:00:00",
      "quarter_label": "2023-03 (Q1)",
      "revenue": 2819000000,
      "gross_profit": null,
      "operating_income": null,
      "net_income": -140100000,
      "opex": null,
      "cogs": null,
      "rd": null,
      "sga": null,
      "fcf": 695300000,
      "ocf": 695300000,
      "capex": null,
      "gross_margin": null,
      "op_margin": null,
      "fcf_margin": 0.246647747428166,
      "rev_growth_yoy": -0.09356913183279743,
      "rev_growth_yoy_accel": 0.14331092487566727,
      "fcf_margin_change": -0.12593393098310882
    },
    {
      "date": "2023-06-30T00:00:00",
      "quarter_label": "2023-06 (Q2)",
      "revenue": 3557300000,
      "gross_profit": null,
      "operating_income": null,
      "net_income": 388800000,
      "opex": null,
      "cogs": null,
      "rd": null,
      "sga": null,
      "fcf": 1102500000,
      "ocf": 1102500000,
      "capex": null,
      "gross_margin": null,
      "op_margin": null,
      "fcf_margin": 0.30992606752312146,
      "rev_growth_yoy": -0.4657665910763362,
      "rev_growth_yoy_accel": -0.3721974592435388,
      "fcf_margin_change": 0.06327832009495546
    },
    {
      "date": "2023-09-30T00:00:00",
      "quarter_label": "2023-09 (Q3)",
      "revenue": 4598700000,
      "gross_profit": null,
      "operating_income": null,
      "net_income": 1246200000,
      "opex": null,
      "cogs": null,
      "rd": null,
      "sga": null,
      "fcf": 1050600000,
      "ocf": 1050600000,
      "capex": null,
      "gross_margin": null,
      "op_margin": null,
      "fcf_margin": 0.2284558679626851,
      "rev_growth_yoy": -0.00047816731509052576,
      "rev_growth_yoy_accel": 0.4652884237612457,
      "fcf_margin_change": -0.08147019956043636
    },
    {
      "date": "2023-12-31T00:00:00",
      "quarter_label": "2023-12 (Q4)",
      "revenue": 2690800000,
      "gross_profit": null,
      "operating_income": null,
      "net_income": -871700000,
      "opex": null,
      "cogs": null,
      "rd": null,
      "sga": null,
      "fcf": 944000000,
      "ocf": 944000000,
      "capex": null,
      "gross_margin": null,
      "op_margin": null,
      "fcf_margin": 0.3508250334473019,
      "rev_growth_yoy": -0.13811659192825113,
      "rev_growth_yoy_accel": -0.1376384246131606,
      "fcf_margin_change": 0.12236916548461682
    },
    {
      "date": "2024-03-31T00:00:00",
      "quarter_label": "2024-03 (Q1)",
      "revenue": 4053300000,
      "gross_profit": null,
      "operating_income": null,
      "net_income": 532500000,
      "opex": null,
      "cogs": null,
      "rd": null,
      "sga": null,
      "fcf": 584200000,
      "ocf": 584200000,
      "capex": null,
      "gross_margin": null,
      "op_margin": null,
      "fcf_margin": 0.14412947474896998,
      "rev_growth_yoy": 0.4378503015253636,
      "rev_growth_yoy_accel": 0.5759668934536147,
      "fcf_margin_change": -0.20669555869833195
    },
    {
      "date": "2024-06-30T00:00:00",
      "quarter_label": "2024-06 (Q2)",
      "revenue": 4310800000,
      "gross_profit": null,
      "operating_income": null,
      "net_income": 353100000,
      "opex": null,
      "cogs": null,
      "rd": null,
      "sga": null,
      "fcf": 1431700000,
      "ocf": 1431700000,
      "capex": null,
      "gross_margin": null,
      "op_margin": null,
      "fcf_margin": 0.3321193281989422,
      "rev_growth_yoy": 0.2118179518173896,
      "rev_growth_yoy_accel": -0.22603234970797398,
      "fcf_margin_change": 0.1879898534499722
    },
    {
      "date": "2024-09-30T00:00:00",
      "quarter_label": "2024-09 (Q3)",
      "revenue": 3011600000,
      "gross_profit": null,
      "operating_income": null,
      "net_income": -220000000,
      "opex": null,
      "cogs": null,
      "rd": null,
      "sga": null,
      "fcf": 1128000000,
      "ocf": 1128000000,
      "capex": null,
      "gross_margin": null,
      "op_margin": null,
      "fcf_margin": 0.37455173329791475,
      "rev_growth_yoy": -0.34511927283797594,
      "rev_growth_yoy_accel": -0.5569372246553655,
      "fcf_margin_change": 0.04243240509897256
    },
    {
      "date": "2024-12-31T00:00:00",
      "quarter_label": "2024-12 (Q4)",
      "revenue": 4752000000,
      "gross_profit": null,
      "operating_income": null,
      "net_income": 905400000,
      "opex": null,
      "cogs": null,
      "rd": null,
      "sga": null,
      "fcf": 1459000000,
      "ocf": 1459000000,
      "capex": null,
      "gross_margin": null,
      "op_margin": null,
      "fcf_margin": 0.30702861952861954,
      "rev_growth_yoy": 0.7660175412516723,
      "rev_growth_yoy_accel": 1.1111368140896483,
      "fcf_margin_change": -0.0675231137692952
    },
    {
      "date": "2025-03-31T00:00:00",
      "quarter_label": "2025-03 (Q1)",
      "revenue": 3695900000,
      "gross_profit": null,
      "operating_income": null,
      "net_income": 48100000,
      "opex": null,
      "cogs": null,
      "rd": null,
      "sga": null,
      "fcf": 977300000,
      "ocf": 977300000,
      "capex": null,
      "gross_margin": null,
      "op_margin": null,
      "fcf_margin": 0.2644281501122866,
      "rev_growth_yoy": -0.08817506722917129,
      "rev_growth_yoy_accel": -0.8541926084808436,
      "fcf_margin_change": -0.04260046941633294
    },
    {
      "date": "2025-06-30T00:00:00",
      "quarter_label": "2025-06 (Q2)",
      "revenue": 3671300000,
      "gross_profit": null,
      "operating_income": null,
      "net_income": 406200000,
      "opex": null,
      "cogs": null,
      "rd": null,
      "sga": null,
      "fcf": 811900000,
      "ocf": 811900000,
      "capex": null,
      "gross_margin": null,
      "op_margin": null,
      "fcf_margin": 0.2211478222972789,
      "rev_growth_yoy": -0.14834833441588569,
      "rev_growth_yoy_accel": -0.060173267186714396,
      "fcf_margin_change": -0.04328032781500771
    },
    {
      "date": "2025-09-30T00:00:00",
      "quarter_label": "2025-09 (Q3)",
      "revenue": 3681600000,
      "gross_profit": null,
      "operating_income": null,
      "net_income": 213800000,
      "opex": null,
      "cogs": null,
      "rd": null,
      "sga": null,
      "fcf": 1003800000,
      "ocf": 1003800000,
      "capex": null,
      "gross_margin": null,
      "op_margin": null,
      "fcf_margin": 0.27265319426336376,
      "rev_growth_yoy": 0.22247310399787487,
      "rev_growth_yoy_accel": 0.3708214384137606,
      "fcf_margin_change": 0.05150537196608487
    }
  ],
  "signals": [
    {
      "quarter": "2025-09 (Q3)",
      "signal": "FCF MARGIN EXPANSION",
      "detail": "FCF margin: +22.1% -> +27.3% (+5.2%)",
      "severity": "MEDIUM"
    },
    {
      "quarter": "2025-09 (Q3)",
      "signal": "YoY REVENUE GROWTH ACCELERATION",
      "detail": "YoY growth: +22.2% vs prior quarter YoY: -14.8% (accel: +37.1%)",
      "severity": "HIGH"
    },
    {
      "quarter": "2025-06 (Q2)",
      "signal": "YoY REVENUE GROWTH DECELERATION",
      "detail": "YoY growth: -14.8% vs prior quarter YoY: -8.8% (decel: -6.0%)",
      "severity": "WARNING"
    },
    {
      "quarter": "2025-03 (Q1)",
      "signal": "YoY REVENUE GROWTH DECELERATION",
      "detail": "YoY growth: -8.8% vs prior quarter YoY: +76.6% (decel: -85.4%)",
      "severity": "WARNING"
    },
    {
      "quarter": "2024-12 (Q4)",
      "signal": "YoY REVENUE GROWTH ACCELERATION",
      "detail": "YoY growth: +76.6% vs prior quarter YoY: -34.5% (accel: +111.1%)",
      "severity": "HIGH"
    },
    {
      "quarter": "2024-09 (Q3)",
      "signal": "YoY REVENUE GROWTH DECELERATION",
      "detail": "YoY growth: -34.5% vs prior quarter YoY: +21.2% (decel: -55.7%)",
      "severity": "WARNING"
    },
    {
      "quarter": "2024-06 (Q2)",
      "signal": "FCF MARGIN EXPANSION",
      "detail": "FCF margin: +14.4% -> +33.2% (+18.8%)",
      "severity": "MEDIUM"
    },
    {
      "quarter": "2024-06 (Q2)",
      "signal": "YoY REVENUE GROWTH DECELERATION",
      "detail": "YoY growth: +21.2% vs prior quarter YoY: +43.8% (decel: -22.6%)",
      "severity": "WARNING"
    },
    {
      "quarter": "2024-03 (Q1)",
      "signal": "YoY REVENUE GROWTH ACCELERATION",
      "detail": "YoY growth: +43.8% vs prior quarter YoY: -13.8% (accel: +57.6%)",
      "severity": "HIGH"
    },
    {
      "quarter": "2023-12 (Q4)",
      "signal": "FCF MARGIN EXPANSION",
      "detail": "FCF margin: +22.8% -> +35.1% (+12.2%)",
      "severity": "MEDIUM"
    },
    {
      "quarter": "2023-12 (Q4)",
      "signal": "YoY REVENUE GROWTH DECELERATION",
      "detail": "YoY growth: -13.8% vs prior quarter YoY: -0.0% (decel: -13.8%)",
      "severity": "WARNING"
    },
    {
      "quarter": "2023-09 (Q3)",
      "signal": "YoY REVENUE GROWTH ACCELERATION",
      "detail": "YoY growth: -0.0% vs prior quarter YoY: -46.6% (accel: +46.5%)",
      "severity": "HIGH"
    },
    {
      "quarter": "2023-06 (Q2)",
      "signal": "FCF MARGIN EXPANSION",
      "detail": "FCF margin: +24.7% -> +31.0% (+6.3%)",
      "severity": "MEDIUM"
    },
    {
      "quarter": "2023-06 (Q2)",
      "signal": "YoY REVENUE GROWTH DECELERATION",
      "detail": "YoY growth: -46.6% vs prior quarter YoY: -9.4% (decel: -37.2%)",
      "severity": "WARNING"
    },
    {
      "quarter": "2023-03 (Q1)",
      "signal": "YoY REVENUE GROWTH ACCELERATION",
      "detail": "YoY growth: -9.4% vs prior quarter YoY: -23.7% (accel: +14.3%)",
      "severity": "MEDIUM"
    },
    {
      "quarter": "2022-12 (Q4)",
      "signal": "FCF MARGIN EXPANSION",
      "detail": "FCF margin: +25.5% -> +37.3% (+11.8%)",
      "severity": "MEDIUM"
    },
    {
      "quarter": "2022-12 (Q4)",
      "signal": "YoY REVENUE GROWTH DECELERATION",
      "detail": "YoY growth: -23.7% vs prior quarter YoY: +34.4% (decel: -58.1%)",
      "severity": "WARNING"
    },
    {
      "quarter": "2022-09 (Q3)",
      "signal": "FCF MARGIN EXPANSION",
      "detail": "FCF margin: +12.1% -> +25.5% (+13.3%)",
      "severity": "MEDIUM"
    },
    {
      "quarter": "2022-09 (Q3)",
      "signal": "YoY REVENUE GROWTH DECELERATION",
      "detail": "YoY growth: +34.4% vs prior quarter YoY: +88.1% (decel: -53.7%)",
      "severity": "WARNING"
    },
    {
      "quarter": "2022-06 (Q2)",
      "signal": "FCF MARGIN EXPANSION",
      "detail": "FCF margin: +1.0% -> +12.1% (+11.1%)",
      "severity": "MEDIUM"
    },
    {
      "quarter": "2022-06 (Q2)",
      "signal": "YoY REVENUE GROWTH ACCELERATION",
      "detail": "YoY growth: +88.1% vs prior quarter YoY: -3.1% (accel: +91.2%)",
      "severity": "HIGH"
    },
    {
      "quarter": "2022-03 (Q1)",
      "signal": "YoY REVENUE GROWTH DECELERATION",
      "detail": "YoY growth: -3.1% vs prior quarter YoY: +8.7% (decel: -11.7%)",
      "severity": "WARNING"
    },
    {
      "quarter": "2021-06 (Q2)",
      "signal": "FCF MARGIN EXPANSION",
      "detail": "FCF margin: +4.4% -> +28.0% (+23.7%)",
      "severity": "MEDIUM"
    }
  ],
  "data_quality": {
    "n_quarters": 20,
    "coverage": {
      "revenue": [
        20,
        20
      ],
      "gross_profit": [
        0,
        20
      ],
      "op_income": [
        0,
        20
      ],
      "fcf": [
        20,
        20
      ]
    },
    "gaps": [],
    "warnings": [
      "gross_profit: no data",
      "op_income: no data"
    ]
  },
  "market_cap": null,
  "source": "SEC EDGAR",
  "last_updated": "2026-02-02T20:18:10.684450"
}