{
  "ticker": "PFGC",
  "name": "Performance Food Group Company",
  "quarters": [
    {
      "date": "2020-12-26T00:00:00",
      "quarter_label": "2020-12 (Q4)",
      "revenue": 6845200000,
      "gross_profit": 811100000,
      "operating_income": 60900000,
      "net_income": 17600000,
      "opex": 750200000,
      "cogs": 6034100000,
      "rd": null,
      "sga": null,
      "fcf": 65400000,
      "ocf": 107600000,
      "capex": -42200000,
      "gross_margin": 0.1184917898673523,
      "op_margin": 0.008896745164494829,
      "fcf_margin": 0.009554140127388535
    },
    {
      "date": "2021-03-27T00:00:00",
      "quarter_label": "2021-03 (Q1)",
      "revenue": 7202500000,
      "gross_profit": 832700000,
      "operating_income": 23400000,
      "net_income": -7600000,
      "opex": 809300000,
      "cogs": 6369800000,
      "rd": null,
      "sga": null,
      "fcf": 161600000,
      "ocf": 197500000,
      "capex": -35900000,
      "gross_margin": 0.11561263450190906,
      "op_margin": 0.0032488719194724053,
      "fcf_margin": 0.022436653939604305,
      "op_leverage_ratio": 0.6625771484319962,
      "fcf_margin_change": 0.01288251381221577
    },
    {
      "date": "2021-07-03T00:00:00",
      "quarter_label": "2021-07 (Q3)",
      "revenue": 9304400000,
      "gross_profit": 1065900000,
      "operating_income": 80600000,
      "net_income": 31400000,
      "opex": 985300000,
      "cogs": 8238500000,
      "rd": null,
      "sga": null,
      "fcf": -178400000,
      "ocf": -108500000,
      "capex": -69900000,
      "gross_margin": 0.11455870340913976,
      "op_margin": 0.008662568247280856,
      "fcf_margin": -0.019173724259490134,
      "op_leverage_ratio": 1.3419170032501342,
      "fcf_margin_change": -0.04161037819909444
    },
    {
      "date": "2021-10-02T00:00:00",
      "quarter_label": "2021-10 (Q4)",
      "revenue": 10386300000,
      "gross_profit": 1142300000,
      "operating_income": 48200000,
      "net_income": 4700000,
      "opex": 1094100000,
      "cogs": 9244000000,
      "rd": null,
      "sga": null,
      "fcf": 7400000,
      "ocf": 31800000,
      "capex": -24400000,
      "gross_margin": 0.10998141782925584,
      "op_margin": 0.0046407286521667965,
      "fcf_margin": 0.0007124770129882633,
      "op_leverage_ratio": 1.053024160217051,
      "fcf_margin_change": 0.019886201272478397
    },
    {
      "date": "2022-01-01T00:00:00",
      "quarter_label": "2022-01 (Q1)",
      "revenue": 12838800000,
      "gross_profit": 1278800000,
      "operating_income": 57800000,
      "net_income": 8400000,
      "opex": 1221000000,
      "cogs": 11560000000,
      "rd": null,
      "sga": null,
      "fcf": 77900000,
      "ocf": 122000000,
      "capex": -44100000,
      "gross_margin": 0.09960432439168769,
      "op_margin": 0.004501978378041562,
      "fcf_margin": 0.006067545253450478,
      "incr_op_margin_yoy": -0.0005172183662573411,
      "rev_growth_yoy": 0.8755916554666043,
      "op_leverage_ratio": 2.0358395603373594,
      "fcf_margin_change": 0.0053550682404622145
    },
    {
      "date": "2022-04-02T00:00:00",
      "quarter_label": "2022-04 (Q2)",
      "revenue": 13079000000,
      "gross_profit": 1345600000,
      "operating_income": 68600000,
      "net_income": 23400000,
      "opex": 1277000000,
      "cogs": 11733400000,
      "rd": null,
      "sga": null,
      "fcf": 164500000,
      "ocf": 236800000,
      "capex": -72300000,
      "gross_margin": 0.10288248337028826,
      "op_margin": 0.005245049315696919,
      "fcf_margin": 0.012577414175395672,
      "incr_op_margin_yoy": 0.007691653194928955,
      "rev_growth_yoy": 0.8158972578965636,
      "rev_growth_yoy_accel": -0.05969439757004069,
      "op_leverage_ratio": 0.40792113415138936,
      "fcf_margin_change": 0.006509868921945194
    },
    {
      "date": "2022-07-02T00:00:00",
      "quarter_label": "2022-07 (Q3)",
      "revenue": 14590000000,
      "gross_profit": 1489700000,
      "operating_income": 152800000,
      "net_income": 76000000,
      "opex": 1336900000,
      "cogs": 13100300000,
      "rd": null,
      "sga": null,
      "fcf": -188800000,
      "ocf": -114100000,
      "capex": -74700000,
      "gross_margin": 0.10210418094585333,
      "op_margin": 0.010472926662097327,
      "fcf_margin": -0.012940370116518163,
      "incr_op_margin_yoy": 0.013659754805509308,
      "rev_growth_yoy": 0.5680753192038176,
      "rev_growth_yoy_accel": -0.24782193869274605,
      "op_leverage_ratio": 2.4629409491901084,
      "fcf_margin_change": -0.025517784291913835
    },
    {
      "date": "2022-10-01T00:00:00",
      "quarter_label": "2022-10 (Q4)",
      "revenue": 14719300000,
      "gross_profit": 1575100000,
      "operating_income": 191200000,
      "net_income": 95700000,
      "opex": 1383900000,
      "cogs": 13144200000,
      "rd": null,
      "sga": null,
      "fcf": 275800000,
      "ocf": 315900000,
      "capex": -40100000,
      "gross_margin": 0.10700916483800181,
      "op_margin": 0.012989748153784487,
      "fcf_margin": 0.018737304083753983,
      "incr_op_margin_yoy": 0.033002538656819756,
      "rev_growth_yoy": 0.41718417530785745,
      "rev_growth_yoy_accel": -0.15089114389596014,
      "fcf_margin_change": 0.03167767420027215
    },
    {
      "date": "2022-12-31T00:00:00",
      "quarter_label": "2022-12 (Q4)",
      "revenue": 13898900000,
      "gross_profit": 1499600000,
      "operating_income": 144000000,
      "net_income": 71100000,
      "opex": 1355600000,
      "cogs": 12399300000,
      "rd": null,
      "sga": null,
      "fcf": 50600000,
      "ocf": 108600000,
      "capex": -58000000,
      "gross_margin": 0.10789343041535661,
      "op_margin": 0.010360532128441818,
      "fcf_margin": 0.0036405758729108058,
      "incr_op_margin_yoy": 0.08131308367135176,
      "rev_growth_yoy": 0.0825700221204474,
      "rev_growth_yoy_accel": -0.33461415318741006,
      "fcf_margin_change": -0.015096728210843176
    },
    {
      "date": "2023-04-01T00:00:00",
      "quarter_label": "2023-04 (Q2)",
      "revenue": 13771300000,
      "gross_profit": 1511900000,
      "operating_income": 168800000,
      "net_income": 80300000,
      "opex": 1343100000,
      "cogs": 12259400000,
      "rd": null,
      "sga": null,
      "fcf": 153600000,
      "ocf": 232700000,
      "capex": -79100000,
      "gross_margin": 0.10978629468532383,
      "op_margin": 0.01225737584686994,
      "fcf_margin": 0.011153631102365063,
      "incr_op_margin_yoy": 0.14473494149934998,
      "rev_growth_yoy": 0.052932181359431146,
      "rev_growth_yoy_accel": -0.02963784076101625,
      "fcf_margin_change": 0.007513055229454257
    },
    {
      "date": "2023-07-01T00:00:00",
      "quarter_label": "2023-07 (Q3)",
      "revenue": 14865200000,
      "gross_profit": 1668300000,
      "operating_income": 261800000,
      "net_income": 150100000,
      "opex": 1406500000,
      "cogs": 13196900000,
      "rd": null,
      "sga": null,
      "fcf": 82400000,
      "ocf": 174900000,
      "capex": -92500000,
      "gross_margin": 0.11222856066517774,
      "op_margin": 0.017611602938406478,
      "fcf_margin": 0.005543147754486989,
      "incr_op_margin_yoy": 0.3960755813953488,
      "rev_growth_yoy": 0.01886223440712817,
      "rev_growth_yoy_accel": -0.034069946952302976,
      "op_leverage_ratio": 1.6827584277190017,
      "fcf_margin_change": -0.005610483347878074
    },
    {
      "date": "2023-09-30T00:00:00",
      "quarter_label": "2023-09 (Q3)",
      "revenue": 14938600000,
      "gross_profit": 1662900000,
      "operating_income": 216200000,
      "net_income": 120700000,
      "opex": 1446700000,
      "cogs": 13275700000,
      "rd": null,
      "sga": null,
      "fcf": 33900000,
      "ocf": 87100000,
      "capex": -53200000,
      "gross_margin": 0.11131565206913634,
      "op_margin": 0.014472574404562677,
      "fcf_margin": 0.0022692889561270802,
      "incr_op_margin_yoy": 0.11399908800729594,
      "rev_growth_yoy": 0.014898806329105325,
      "rev_growth_yoy_accel": -0.003963428078022845,
      "fcf_margin_change": -0.003273858798359909
    },
    {
      "date": "2023-12-30T00:00:00",
      "quarter_label": "2023-12 (Q4)",
      "revenue": 14295700000,
      "gross_profit": 1598100000,
      "operating_income": 173900000,
      "net_income": 78300000,
      "opex": 1424200000,
      "cogs": 12697600000,
      "rd": null,
      "sga": null,
      "fcf": 373000000,
      "ocf": 466900000,
      "capex": -93900000,
      "gross_margin": 0.11178885958714858,
      "op_margin": 0.012164497016585406,
      "fcf_margin": 0.026091761858460936,
      "incr_op_margin_yoy": 0.07535282258064516,
      "rev_growth_yoy": 0.02854902186503968,
      "rev_growth_yoy_accel": 0.013650215535934354,
      "fcf_margin_change": 0.023822472902333854
    },
    {
      "date": "2024-03-30T00:00:00",
      "quarter_label": "2024-03 (Q1)",
      "revenue": 13857700000,
      "gross_profit": 1568900000,
      "operating_income": 154900000,
      "net_income": 70400000,
      "opex": 1414000000,
      "cogs": 12288800000,
      "rd": null,
      "sga": null,
      "fcf": 305400000,
      "ocf": 402700000,
      "capex": -97300000,
      "gross_margin": 0.11321503568413228,
      "op_margin": 0.011177901094698255,
      "fcf_margin": 0.02203828918218752,
      "incr_op_margin_yoy": -0.16087962962962962,
      "rev_growth_yoy": 0.006273917495080349,
      "rev_growth_yoy_accel": -0.02227510436995933,
      "fcf_margin_change": -0.004053472676273415
    },
    {
      "date": "2024-06-29T00:00:00",
      "quarter_label": "2024-06 (Q2)",
      "revenue": 15189200000,
      "gross_profit": 1747200000,
      "operating_income": 281400000,
      "net_income": 166500000,
      "opex": 1465800000,
      "cogs": 13442000000,
      "rd": null,
      "sga": null,
      "fcf": 55100000,
      "ocf": 206300000,
      "capex": -151200000,
      "gross_margin": 0.11502909962341663,
      "op_margin": 0.01852632133357912,
      "fcf_margin": 0.003627577489268691,
      "incr_op_margin_yoy": 0.06049382716049383,
      "rev_growth_yoy": 0.021795872238516804,
      "rev_growth_yoy_accel": 0.015521954743436456,
      "op_leverage_ratio": 2.6228271178731934,
      "fcf_margin_change": -0.01841071169291883
    },
    {
      "date": "2024-09-28T00:00:00",
      "quarter_label": "2024-09 (Q3)",
      "revenue": 15415500000,
      "gross_profit": 1764200000,
      "operating_income": 215300000,
      "net_income": 108000000,
      "opex": 1548900000,
      "cogs": 13651300000,
      "rd": null,
      "sga": null,
      "fcf": -43000000,
      "ocf": 53500000,
      "capex": -96500000,
      "gross_margin": 0.11444325516525575,
      "op_margin": 0.01396646232687879,
      "fcf_margin": -0.002789400278940028,
      "incr_op_margin_yoy": -0.001887188089746278,
      "rev_growth_yoy": 0.03192400894327447,
      "rev_growth_yoy_accel": 0.010128136704757665,
      "op_leverage_ratio": 0.26279878131155515,
      "fcf_margin_change": -0.006416977768208719
    },
    {
      "date": "2024-12-28T00:00:00",
      "quarter_label": "2024-12 (Q4)",
      "revenue": 15638200000,
      "gross_profit": 1827800000,
      "operating_income": 158800000,
      "net_income": 42400000,
      "opex": 1669000000,
      "cogs": 13810400000,
      "rd": null,
      "sga": null,
      "fcf": 218100000,
      "ocf": 325500000,
      "capex": -107400000,
      "gross_margin": 0.1168804593879091,
      "op_margin": 0.010154621375861672,
      "fcf_margin": 0.013946617897200446,
      "incr_op_margin_yoy": -0.011247672253258845,
      "rev_growth_yoy": 0.09390935735920591,
      "rev_growth_yoy_accel": 0.061985348415931445,
      "op_leverage_ratio": 0.18631292060871396,
      "fcf_margin_change": 0.016736018176140472
    },
    {
      "date": "2025-03-29T00:00:00",
      "quarter_label": "2025-03 (Q1)",
      "revenue": 15306300000,
      "gross_profit": 1822400000,
      "operating_income": 174400000,
      "net_income": 58300000,
      "opex": 1648000000,
      "cogs": 13483900000,
      "rd": null,
      "sga": null,
      "fcf": 319300000,
      "ocf": 448100000,
      "capex": -128800000,
      "gross_margin": 0.11906208554647432,
      "op_margin": 0.011394001162919843,
      "fcf_margin": 0.020860691349313683,
      "incr_op_margin_yoy": 0.01346127295319619,
      "rev_growth_yoy": 0.10453394141885017,
      "rev_growth_yoy_accel": 0.010624584059644254,
      "fcf_margin_change": 0.006914073452113237
    },
    {
      "date": "2025-06-28T00:00:00",
      "quarter_label": "2025-06 (Q2)",
      "revenue": 16938900000,
      "gross_profit": 2002200000,
      "operating_income": 267800000,
      "net_income": 131500000,
      "opex": 1734400000,
      "cogs": 14936700000,
      "rd": null,
      "sga": null,
      "fcf": 209700000,
      "ocf": 383000000,
      "capex": -173300000,
      "gross_margin": 0.11820129996634965,
      "op_margin": 0.015809763325835797,
      "fcf_margin": 0.012379788534084267,
      "incr_op_margin_yoy": -0.007772761044750528,
      "rev_growth_yoy": 0.11519369025360124,
      "rev_growth_yoy_accel": 0.01065974883475107,
      "op_leverage_ratio": 2.034478177830915,
      "fcf_margin_change": -0.008480902815229415
    },
    {
      "date": "2025-09-27T00:00:00",
      "quarter_label": "2025-09 (Q3)",
      "revenue": 17075900000,
      "gross_profit": 2016600000,
      "operating_income": 224700000,
      "net_income": 93600000,
      "opex": 1791900000,
      "cogs": 15059300000,
      "rd": null,
      "sga": null,
      "fcf": -224100000,
      "ocf": -145200000,
      "capex": -78900000,
      "gross_margin": 0.11809626432574565,
      "op_margin": 0.013158896456409325,
      "fcf_margin": -0.013123759216205295,
      "incr_op_margin_yoy": 0.005661286437003131,
      "rev_growth_yoy": 0.10770977263144238,
      "rev_growth_yoy_accel": -0.007483917622158859,
      "fcf_margin_change": -0.02550354775028956
    }
  ],
  "signals": [
    {
      "quarter": "2025-06 (Q2)",
      "signal": "OPERATING LEVERAGE",
      "detail": "Rev growth +10.7% vs OpEx growth +5.2% (leverage: 2.0x)",
      "severity": "MEDIUM"
    },
    {
      "quarter": "2024-12 (Q4)",
      "signal": "FCF TURNED POSITIVE",
      "detail": "FCF margin: -0.3% -> +1.4%",
      "severity": "HIGH"
    },
    {
      "quarter": "2024-12 (Q4)",
      "signal": "YoY REVENUE GROWTH ACCELERATION",
      "detail": "YoY growth: +9.4% vs prior quarter YoY: +3.2% (accel: +6.2%)",
      "severity": "MEDIUM"
    },
    {
      "quarter": "2024-06 (Q2)",
      "signal": "OPERATING LEVERAGE",
      "detail": "Rev growth +9.6% vs OpEx growth +3.7% (leverage: 2.6x)",
      "severity": "MEDIUM"
    },
    {
      "quarter": "2023-09 (Q3)",
      "signal": "INCREMENTAL MARGIN (YoY)",
      "detail": "YoY Incr OPM: +11.4% vs year-ago OPM: +1.3%",
      "severity": "MEDIUM"
    },
    {
      "quarter": "2023-07 (Q3)",
      "signal": "OPERATING LEVERAGE",
      "detail": "Rev growth +7.9% vs OpEx growth +4.7% (leverage: 1.7x)",
      "severity": "MEDIUM"
    },
    {
      "quarter": "2023-07 (Q3)",
      "signal": "INCREMENTAL MARGIN (YoY)",
      "detail": "YoY Incr OPM: +39.6% vs year-ago OPM: +1.0%",
      "severity": "HIGH"
    },
    {
      "quarter": "2023-04 (Q2)",
      "signal": "INCREMENTAL MARGIN (YoY)",
      "detail": "YoY Incr OPM: +14.5% vs year-ago OPM: +0.5%",
      "severity": "MEDIUM"
    },
    {
      "quarter": "2022-12 (Q4)",
      "signal": "YoY REVENUE GROWTH DECELERATION",
      "detail": "YoY growth: +8.3% vs prior quarter YoY: +41.7% (decel: -33.5%)",
      "severity": "WARNING"
    },
    {
      "quarter": "2022-10 (Q4)",
      "signal": "FCF TURNED POSITIVE",
      "detail": "FCF margin: -1.3% -> +1.9%",
      "severity": "HIGH"
    },
    {
      "quarter": "2022-10 (Q4)",
      "signal": "YoY REVENUE GROWTH DECELERATION",
      "detail": "YoY growth: +41.7% vs prior quarter YoY: +56.8% (decel: -15.1%)",
      "severity": "WARNING"
    },
    {
      "quarter": "2022-07 (Q3)",
      "signal": "OPERATING LEVERAGE",
      "detail": "Rev growth +11.6% vs OpEx growth +4.7% (leverage: 2.5x)",
      "severity": "MEDIUM"
    },
    {
      "quarter": "2022-07 (Q3)",
      "signal": "YoY REVENUE GROWTH DECELERATION",
      "detail": "YoY growth: +56.8% vs prior quarter YoY: +81.6% (decel: -24.8%)",
      "severity": "WARNING"
    },
    {
      "quarter": "2022-04 (Q2)",
      "signal": "YoY REVENUE GROWTH DECELERATION",
      "detail": "YoY growth: +81.6% vs prior quarter YoY: +87.6% (decel: -6.0%)",
      "severity": "WARNING"
    },
    {
      "quarter": "2022-01 (Q1)",
      "signal": "OPERATING LEVERAGE",
      "detail": "Rev growth +23.6% vs OpEx growth +11.6% (leverage: 2.0x)",
      "severity": "MEDIUM"
    },
    {
      "quarter": "2021-10 (Q4)",
      "signal": "FCF TURNED POSITIVE",
      "detail": "FCF margin: -1.9% -> +0.1%",
      "severity": "HIGH"
    }
  ],
  "data_quality": {
    "n_quarters": 20,
    "coverage": {
      "revenue": [
        20,
        20
      ],
      "gross_profit": [
        20,
        20
      ],
      "op_income": [
        20,
        20
      ],
      "fcf": [
        20,
        20
      ]
    },
    "gaps": [],
    "warnings": []
  },
  "market_cap": null,
  "source": "SEC EDGAR",
  "last_updated": "2026-02-02T20:25:39.188526"
}