{
  "ticker": "PFS",
  "name": "PROVIDENT FINANCIAL SERVICES, INC.",
  "quarters": [
    {
      "date": "2020-12-31T00:00:00",
      "quarter_label": "2020-12 (Q4)",
      "revenue": 13059000,
      "gross_profit": null,
      "operating_income": null,
      "net_income": 40567000,
      "opex": null,
      "cogs": null,
      "rd": null,
      "sga": null,
      "fcf": 52833000,
      "ocf": 58681000,
      "capex": -5848000,
      "gross_margin": null,
      "op_margin": null,
      "fcf_margin": 4.045715598437859
    },
    {
      "date": "2021-03-31T00:00:00",
      "quarter_label": "2021-03 (Q1)",
      "revenue": 14136000,
      "gross_profit": null,
      "operating_income": null,
      "net_income": 48559000,
      "opex": null,
      "cogs": null,
      "rd": null,
      "sga": null,
      "fcf": 34570000,
      "ocf": 36416000,
      "capex": -1846000,
      "gross_margin": null,
      "op_margin": null,
      "fcf_margin": 2.445529145444256,
      "fcf_margin_change": -1.600186452993603
    },
    {
      "date": "2021-06-30T00:00:00",
      "quarter_label": "2021-06 (Q2)",
      "revenue": 15361000,
      "gross_profit": null,
      "operating_income": null,
      "net_income": 44789000,
      "opex": null,
      "cogs": null,
      "rd": null,
      "sga": null,
      "fcf": 48131000,
      "ocf": 51949000,
      "capex": -3818000,
      "gross_margin": null,
      "op_margin": null,
      "fcf_margin": 3.133324653342881,
      "fcf_margin_change": 0.6877955078986253
    },
    {
      "date": "2021-09-30T00:00:00",
      "quarter_label": "2021-09 (Q3)",
      "revenue": 14177000,
      "gross_profit": null,
      "operating_income": null,
      "net_income": 37268000,
      "opex": null,
      "cogs": null,
      "rd": null,
      "sga": null,
      "fcf": 31371000,
      "ocf": 34055000,
      "capex": -2684000,
      "gross_margin": null,
      "op_margin": null,
      "fcf_margin": 2.212809480143895,
      "fcf_margin_change": -0.9205151731989862
    },
    {
      "date": "2021-12-31T00:00:00",
      "quarter_label": "2021-12 (Q4)",
      "revenue": 13881000,
      "gross_profit": null,
      "operating_income": null,
      "net_income": 37303000,
      "opex": null,
      "cogs": null,
      "rd": null,
      "sga": null,
      "fcf": 28937000,
      "ocf": 34394000,
      "capex": -5457000,
      "gross_margin": null,
      "op_margin": null,
      "fcf_margin": 2.084648080109502,
      "rev_growth_yoy": 0.0629450953365495,
      "fcf_margin_change": -0.1281614000343927
    },
    {
      "date": "2022-03-31T00:00:00",
      "quarter_label": "2022-03 (Q1)",
      "revenue": 14616000,
      "gross_profit": null,
      "operating_income": null,
      "net_income": 43962000,
      "opex": null,
      "cogs": null,
      "rd": null,
      "sga": null,
      "fcf": 42092000,
      "ocf": 50935000,
      "capex": -8843000,
      "gross_margin": null,
      "op_margin": null,
      "fcf_margin": 2.8798576902025177,
      "rev_growth_yoy": 0.03395585738539898,
      "rev_growth_yoy_accel": -0.02898923795115052,
      "fcf_margin_change": 0.7952096100930155
    },
    {
      "date": "2022-06-30T00:00:00",
      "quarter_label": "2022-06 (Q2)",
      "revenue": 13788000,
      "gross_profit": null,
      "operating_income": null,
      "net_income": 39228000,
      "opex": null,
      "cogs": null,
      "rd": null,
      "sga": null,
      "fcf": 53498000,
      "ocf": 50599000,
      "capex": 2899000,
      "gross_margin": null,
      "op_margin": null,
      "fcf_margin": 3.88004061502756,
      "rev_growth_yoy": -0.1024021873575939,
      "rev_growth_yoy_accel": -0.1363580447429929,
      "fcf_margin_change": 1.0001829248250425
    },
    {
      "date": "2022-09-30T00:00:00",
      "quarter_label": "2022-09 (Q3)",
      "revenue": 13694000,
      "gross_profit": null,
      "operating_income": null,
      "net_income": 43421000,
      "opex": null,
      "cogs": null,
      "rd": null,
      "sga": null,
      "fcf": 54401000,
      "ocf": 56336000,
      "capex": -1935000,
      "gross_margin": null,
      "op_margin": null,
      "fcf_margin": 3.972615744121513,
      "rev_growth_yoy": -0.034069267122804545,
      "rev_growth_yoy_accel": 0.06833292023478936,
      "fcf_margin_change": 0.09257512909395293
    },
    {
      "date": "2022-12-31T00:00:00",
      "quarter_label": "2022-12 (Q4)",
      "revenue": 12885000,
      "gross_profit": null,
      "operating_income": null,
      "net_income": 49035000,
      "opex": null,
      "cogs": null,
      "rd": null,
      "sga": null,
      "fcf": 40908000,
      "ocf": 42440000,
      "capex": -1532000,
      "gross_margin": null,
      "op_margin": null,
      "fcf_margin": 3.1748544819557627,
      "rev_growth_yoy": -0.07175275556516102,
      "rev_growth_yoy_accel": -0.03768348844235647,
      "fcf_margin_change": -0.7977612621657504
    },
    {
      "date": "2023-03-31T00:00:00",
      "quarter_label": "2023-03 (Q1)",
      "revenue": 15085000,
      "gross_profit": null,
      "operating_income": null,
      "net_income": 40536000,
      "opex": null,
      "cogs": null,
      "rd": null,
      "sga": null,
      "fcf": 57453000,
      "ocf": 58066000,
      "capex": -613000,
      "gross_margin": null,
      "op_margin": null,
      "fcf_margin": 3.8086178322837254,
      "rev_growth_yoy": 0.032088122605363985,
      "rev_growth_yoy_accel": 0.10384087817052501,
      "fcf_margin_change": 0.6337633503279627
    },
    {
      "date": "2023-06-30T00:00:00",
      "quarter_label": "2023-06 (Q2)",
      "revenue": 14577000,
      "gross_profit": null,
      "operating_income": null,
      "net_income": 32003000,
      "opex": null,
      "cogs": null,
      "rd": null,
      "sga": null,
      "fcf": 24986000,
      "ocf": 27332000,
      "capex": -2346000,
      "gross_margin": null,
      "op_margin": null,
      "fcf_margin": 1.7140701104479659,
      "rev_growth_yoy": 0.0572236727589208,
      "rev_growth_yoy_accel": 0.025135550153556813,
      "fcf_margin_change": -2.0945477218357595
    },
    {
      "date": "2023-09-30T00:00:00",
      "quarter_label": "2023-09 (Q3)",
      "revenue": 14195000,
      "gross_profit": null,
      "operating_income": null,
      "net_income": 28547000,
      "opex": null,
      "cogs": null,
      "rd": null,
      "sga": null,
      "fcf": 38745000,
      "ocf": 41681000,
      "capex": -2936000,
      "gross_margin": null,
      "op_margin": null,
      "fcf_margin": 2.7294822120464954,
      "rev_growth_yoy": 0.036585365853658534,
      "rev_growth_yoy_accel": -0.020638306905262263,
      "fcf_margin_change": 1.0154121015985296
    },
    {
      "date": "2023-12-31T00:00:00",
      "quarter_label": "2023-12 (Q4)",
      "revenue": 13667000,
      "gross_profit": null,
      "operating_income": null,
      "net_income": 27312000,
      "opex": null,
      "cogs": null,
      "rd": null,
      "sga": null,
      "fcf": 44724000,
      "ocf": 46317000,
      "capex": -1593000,
      "gross_margin": null,
      "op_margin": null,
      "fcf_margin": 3.272407990049023,
      "rev_growth_yoy": 0.0606907256499806,
      "rev_growth_yoy_accel": 0.024105359796322064,
      "fcf_margin_change": 0.5429257780025276
    },
    {
      "date": "2024-03-31T00:00:00",
      "quarter_label": "2024-03 (Q1)",
      "revenue": 16285000,
      "gross_profit": null,
      "operating_income": null,
      "net_income": 32082000,
      "opex": null,
      "cogs": null,
      "rd": null,
      "sga": null,
      "fcf": 40873000,
      "ocf": 41409000,
      "capex": -536000,
      "gross_margin": null,
      "op_margin": null,
      "fcf_margin": 2.509855695425238,
      "rev_growth_yoy": 0.07954922108054359,
      "rev_growth_yoy_accel": 0.01885849543056299,
      "fcf_margin_change": -0.7625522946237853
    },
    {
      "date": "2024-06-30T00:00:00",
      "quarter_label": "2024-06 (Q2)",
      "revenue": 17639000,
      "gross_profit": null,
      "operating_income": null,
      "net_income": -11485000,
      "opex": null,
      "cogs": null,
      "rd": null,
      "sga": null,
      "fcf": 75525000,
      "ocf": 76502000,
      "capex": -977000,
      "gross_margin": null,
      "op_margin": null,
      "fcf_margin": 4.281705312092522,
      "rev_growth_yoy": 0.21005693901351444,
      "rev_growth_yoy_accel": 0.13050771793297083,
      "fcf_margin_change": 1.7718496166672844
    },
    {
      "date": "2024-09-30T00:00:00",
      "quarter_label": "2024-09 (Q3)",
      "revenue": 17850000,
      "gross_profit": null,
      "operating_income": null,
      "net_income": 46405000,
      "opex": null,
      "cogs": null,
      "rd": null,
      "sga": null,
      "fcf": 67892000,
      "ocf": 69182000,
      "capex": -1290000,
      "gross_margin": null,
      "op_margin": null,
      "fcf_margin": 3.803473389355742,
      "rev_growth_yoy": 0.25748502994011974,
      "rev_growth_yoy_accel": 0.0474280909266053,
      "fcf_margin_change": -0.47823192273677995
    },
    {
      "date": "2024-12-31T00:00:00",
      "quarter_label": "2024-12 (Q4)",
      "revenue": 16515000,
      "gross_profit": null,
      "operating_income": null,
      "net_income": 48524000,
      "opex": null,
      "cogs": null,
      "rd": null,
      "sga": null,
      "fcf": 240784000,
      "ocf": 239288000,
      "capex": 1496000,
      "gross_margin": null,
      "op_margin": null,
      "fcf_margin": 14.57971541023312,
      "rev_growth_yoy": 0.20838516133752835,
      "rev_growth_yoy_accel": -0.049099868602591384,
      "fcf_margin_change": 10.776242020877378
    },
    {
      "date": "2025-03-31T00:00:00",
      "quarter_label": "2025-03 (Q1)",
      "revenue": 18870000,
      "gross_profit": null,
      "operating_income": null,
      "net_income": 64028000,
      "opex": null,
      "cogs": null,
      "rd": null,
      "sga": null,
      "fcf": 87373000,
      "ocf": 88515000,
      "capex": -1142000,
      "gross_margin": null,
      "op_margin": null,
      "fcf_margin": 4.630259671436142,
      "rev_growth_yoy": 0.15873503223825605,
      "rev_growth_yoy_accel": -0.0496501290992723,
      "fcf_margin_change": -9.949455738796978
    },
    {
      "date": "2025-06-30T00:00:00",
      "quarter_label": "2025-06 (Q2)",
      "revenue": 18277000,
      "gross_profit": null,
      "operating_income": null,
      "net_income": 71981000,
      "opex": null,
      "cogs": null,
      "rd": null,
      "sga": null,
      "fcf": 182561000,
      "ocf": 186767000,
      "capex": -4206000,
      "gross_margin": null,
      "op_margin": null,
      "fcf_margin": 9.988564862942496,
      "rev_growth_yoy": 0.036169850898577015,
      "rev_growth_yoy_accel": -0.12256518133967903,
      "fcf_margin_change": 5.358305191506354
    },
    {
      "date": "2025-09-30T00:00:00",
      "quarter_label": "2025-09 (Q3)",
      "revenue": 17726000,
      "gross_profit": null,
      "operating_income": null,
      "net_income": 71720000,
      "opex": null,
      "cogs": null,
      "rd": null,
      "sga": null,
      "fcf": 96708000,
      "ocf": 98034000,
      "capex": -1326000,
      "gross_margin": null,
      "op_margin": null,
      "fcf_margin": 5.4557147692654855,
      "rev_growth_yoy": -0.006946778711484594,
      "rev_growth_yoy_accel": -0.04311662961006161,
      "fcf_margin_change": -4.532850093677011
    }
  ],
  "signals": [
    {
      "quarter": "2025-06 (Q2)",
      "signal": "FCF MARGIN EXPANSION",
      "detail": "FCF margin: +463.0% -> +998.9% (+535.8%)",
      "severity": "MEDIUM"
    },
    {
      "quarter": "2025-06 (Q2)",
      "signal": "YoY REVENUE GROWTH DECELERATION",
      "detail": "YoY growth: +3.6% vs prior quarter YoY: +15.9% (decel: -12.3%)",
      "severity": "WARNING"
    },
    {
      "quarter": "2024-12 (Q4)",
      "signal": "FCF MARGIN EXPANSION",
      "detail": "FCF margin: +380.3% -> +1458.0% (+1077.6%)",
      "severity": "MEDIUM"
    },
    {
      "quarter": "2024-06 (Q2)",
      "signal": "FCF MARGIN EXPANSION",
      "detail": "FCF margin: +251.0% -> +428.2% (+177.2%)",
      "severity": "MEDIUM"
    },
    {
      "quarter": "2024-06 (Q2)",
      "signal": "YoY REVENUE GROWTH ACCELERATION",
      "detail": "YoY growth: +21.0% vs prior quarter YoY: +8.0% (accel: +13.1%)",
      "severity": "MEDIUM"
    },
    {
      "quarter": "2023-12 (Q4)",
      "signal": "FCF MARGIN EXPANSION",
      "detail": "FCF margin: +272.9% -> +327.2% (+54.3%)",
      "severity": "MEDIUM"
    },
    {
      "quarter": "2023-09 (Q3)",
      "signal": "FCF MARGIN EXPANSION",
      "detail": "FCF margin: +171.4% -> +272.9% (+101.5%)",
      "severity": "MEDIUM"
    },
    {
      "quarter": "2023-03 (Q1)",
      "signal": "FCF MARGIN EXPANSION",
      "detail": "FCF margin: +317.5% -> +380.9% (+63.4%)",
      "severity": "MEDIUM"
    },
    {
      "quarter": "2023-03 (Q1)",
      "signal": "YoY REVENUE GROWTH ACCELERATION",
      "detail": "YoY growth: +3.2% vs prior quarter YoY: -7.2% (accel: +10.4%)",
      "severity": "MEDIUM"
    },
    {
      "quarter": "2022-09 (Q3)",
      "signal": "FCF MARGIN EXPANSION",
      "detail": "FCF margin: +388.0% -> +397.3% (+9.3%)",
      "severity": "MEDIUM"
    },
    {
      "quarter": "2022-09 (Q3)",
      "signal": "YoY REVENUE GROWTH ACCELERATION",
      "detail": "YoY growth: -3.4% vs prior quarter YoY: -10.2% (accel: +6.8%)",
      "severity": "MEDIUM"
    },
    {
      "quarter": "2022-06 (Q2)",
      "signal": "FCF MARGIN EXPANSION",
      "detail": "FCF margin: +288.0% -> +388.0% (+100.0%)",
      "severity": "MEDIUM"
    },
    {
      "quarter": "2022-06 (Q2)",
      "signal": "YoY REVENUE GROWTH DECELERATION",
      "detail": "YoY growth: -10.2% vs prior quarter YoY: +3.4% (decel: -13.6%)",
      "severity": "WARNING"
    },
    {
      "quarter": "2022-03 (Q1)",
      "signal": "FCF MARGIN EXPANSION",
      "detail": "FCF margin: +208.5% -> +288.0% (+79.5%)",
      "severity": "MEDIUM"
    },
    {
      "quarter": "2021-06 (Q2)",
      "signal": "FCF MARGIN EXPANSION",
      "detail": "FCF margin: +244.6% -> +313.3% (+68.8%)",
      "severity": "MEDIUM"
    }
  ],
  "data_quality": {
    "n_quarters": 20,
    "coverage": {
      "revenue": [
        20,
        20
      ],
      "gross_profit": [
        0,
        20
      ],
      "op_income": [
        0,
        20
      ],
      "fcf": [
        20,
        20
      ]
    },
    "gaps": [],
    "warnings": [
      "gross_profit: no data",
      "op_income: no data"
    ]
  },
  "market_cap": null,
  "source": "SEC EDGAR",
  "last_updated": "2026-02-02T21:26:34.563634"
}