{
  "ticker": "PFSI",
  "name": "PennyMac Financial Services,\u00a0Inc.",
  "sector": "Financial Services",
  "industry": "Mortgage Finance",
  "quarters": [
    {
      "date": "2021-03-31T00:00:00",
      "quarter_label": "2021-03 (Q1)",
      "revenue": 1755000,
      "gross_profit": null,
      "operating_income": null,
      "net_income": 376868000,
      "opex": 438678000,
      "cogs": null,
      "rd": null,
      "sga": null,
      "fcf": -1250754000,
      "ocf": -1248016000,
      "capex": -2738000,
      "gross_margin": null,
      "op_margin": null,
      "fcf_margin": -712.6803418803419
    },
    {
      "date": "2021-06-30T00:00:00",
      "quarter_label": "2021-06 (Q2)",
      "revenue": 2459000,
      "gross_profit": null,
      "operating_income": null,
      "net_income": 204229000,
      "opex": 462737000,
      "cogs": null,
      "rd": null,
      "sga": null,
      "fcf": 2577303000,
      "ocf": 2579614000,
      "capex": -2311000,
      "gross_margin": null,
      "op_margin": null,
      "fcf_margin": 1048.1102074013827,
      "op_leverage_ratio": 7.3141492975068765,
      "fcf_margin_change": 1760.7905492817245
    },
    {
      "date": "2021-09-30T00:00:00",
      "quarter_label": "2021-09 (Q3)",
      "revenue": 1293000,
      "gross_profit": null,
      "operating_income": null,
      "net_income": 249310000,
      "opex": 447063000,
      "cogs": null,
      "rd": null,
      "sga": null,
      "fcf": 1437535000,
      "ocf": 1438485000,
      "capex": -950000,
      "gross_margin": null,
      "op_margin": null,
      "fcf_margin": 1111.7826759474092,
      "fcf_margin_change": 63.672468546026494
    },
    {
      "date": "2021-12-31T00:00:00",
      "quarter_label": "2021-12 (Q4)",
      "revenue": 1818000,
      "gross_profit": null,
      "operating_income": null,
      "net_income": 173083000,
      "opex": 459700000,
      "cogs": null,
      "rd": null,
      "sga": null,
      "fcf": -208922000,
      "ocf": -207022000,
      "capex": -1900000,
      "gross_margin": null,
      "op_margin": null,
      "fcf_margin": -114.91859185918592,
      "op_leverage_ratio": 14.36433487124962,
      "fcf_margin_change": -1226.701267806595
    },
    {
      "date": "2022-03-31T00:00:00",
      "quarter_label": "2022-03 (Q1)",
      "revenue": 2887000,
      "gross_profit": null,
      "operating_income": null,
      "net_income": 173593000,
      "opex": 422984000,
      "cogs": null,
      "rd": null,
      "sga": null,
      "fcf": 4424787000,
      "ocf": 4427364000,
      "capex": -2577000,
      "gross_margin": null,
      "op_margin": null,
      "fcf_margin": 1532.659161759612,
      "rev_growth_yoy": 0.645014245014245,
      "op_leverage_ratio": null,
      "fcf_margin_change": 1647.577753618798
    },
    {
      "date": "2022-06-30T00:00:00",
      "quarter_label": "2022-06 (Q2)",
      "revenue": 2647000,
      "gross_profit": null,
      "operating_income": null,
      "net_income": 129163000,
      "opex": 333989000,
      "cogs": null,
      "rd": null,
      "sga": null,
      "fcf": 1702640000,
      "ocf": 1704152000,
      "capex": -1512000,
      "gross_margin": null,
      "op_margin": null,
      "fcf_margin": 643.2338496411031,
      "rev_growth_yoy": 0.07645384302562017,
      "rev_growth_yoy_accel": -0.5685604019886248,
      "fcf_margin_change": -889.4253121185089
    },
    {
      "date": "2022-09-30T00:00:00",
      "quarter_label": "2022-09 (Q3)",
      "revenue": 3241000,
      "gross_profit": null,
      "operating_income": null,
      "net_income": 135134000,
      "opex": 290818000,
      "cogs": null,
      "rd": null,
      "sga": null,
      "fcf": -589205000,
      "ocf": -587690000,
      "capex": -1515000,
      "gross_margin": null,
      "op_margin": null,
      "fcf_margin": -181.79728478864547,
      "rev_growth_yoy": 1.5065738592420728,
      "rev_growth_yoy_accel": 1.4301200162164527,
      "op_leverage_ratio": null,
      "fcf_margin_change": -825.0311344297486
    },
    {
      "date": "2022-12-31T00:00:00",
      "quarter_label": "2022-12 (Q4)",
      "revenue": 3617000,
      "gross_profit": null,
      "operating_income": null,
      "net_income": 37617000,
      "opex": 272717000,
      "cogs": null,
      "rd": null,
      "sga": null,
      "fcf": 487854000,
      "ocf": 489409000,
      "capex": -1555000,
      "gross_margin": null,
      "op_margin": null,
      "fcf_margin": 134.87807575338678,
      "rev_growth_yoy": 0.9895489548954896,
      "rev_growth_yoy_accel": -0.5170249043465832,
      "op_leverage_ratio": null,
      "fcf_margin_change": 316.67536054203225
    },
    {
      "date": "2023-03-31T00:00:00",
      "quarter_label": "2023-03 (Q1)",
      "revenue": 2195000,
      "gross_profit": null,
      "operating_income": null,
      "net_income": 30378000,
      "opex": 264715000,
      "cogs": null,
      "rd": null,
      "sga": null,
      "fcf": -3265064000,
      "ocf": -3264891000,
      "capex": -173000,
      "gross_margin": null,
      "op_margin": null,
      "fcf_margin": -1487.5006833712985,
      "rev_growth_yoy": -0.2396951853134742,
      "rev_growth_yoy_accel": -1.2292441402089638,
      "fcf_margin_change": -1622.3787591246853
    },
    {
      "date": "2023-06-30T00:00:00",
      "quarter_label": "2023-06 (Q2)",
      "revenue": 2938000,
      "gross_profit": null,
      "operating_income": null,
      "net_income": 58250000,
      "opex": 263630000,
      "cogs": null,
      "rd": null,
      "sga": null,
      "fcf": 2227867000,
      "ocf": 2228325000,
      "capex": -458000,
      "gross_margin": null,
      "op_margin": null,
      "fcf_margin": 758.2937372362151,
      "rev_growth_yoy": 0.10993577635058557,
      "rev_growth_yoy_accel": 0.34963096166405977,
      "op_leverage_ratio": null,
      "fcf_margin_change": 2245.7944206075135
    },
    {
      "date": "2023-09-30T00:00:00",
      "quarter_label": "2023-09 (Q3)",
      "revenue": 2878000,
      "gross_profit": null,
      "operating_income": null,
      "net_income": 92870000,
      "opex": 273511000,
      "cogs": null,
      "rd": null,
      "sga": null,
      "fcf": -976202000,
      "ocf": -975942000,
      "capex": -260000,
      "gross_margin": null,
      "op_margin": null,
      "fcf_margin": -339.1945795691452,
      "rev_growth_yoy": -0.11200246837395865,
      "rev_growth_yoy_accel": -0.2219382447245442,
      "fcf_margin_change": -1097.4883168053602
    },
    {
      "date": "2023-12-31T00:00:00",
      "quarter_label": "2023-12 (Q4)",
      "revenue": 5392000,
      "gross_profit": null,
      "operating_income": null,
      "net_income": -36842000,
      "opex": 416169000,
      "cogs": null,
      "rd": null,
      "sga": null,
      "fcf": 429794000,
      "ocf": 430289000,
      "capex": -495000,
      "gross_margin": null,
      "op_margin": null,
      "fcf_margin": 79.70956973293768,
      "rev_growth_yoy": 0.49073818081282833,
      "rev_growth_yoy_accel": 0.6027406491867869,
      "op_leverage_ratio": 1.6747621994650537,
      "fcf_margin_change": 418.9041493020829
    },
    {
      "date": "2024-03-31T00:00:00",
      "quarter_label": "2024-03 (Q1)",
      "revenue": 3617000,
      "gross_profit": null,
      "operating_income": null,
      "net_income": 39308000,
      "opex": 261777000,
      "cogs": null,
      "rd": null,
      "sga": null,
      "fcf": -898858000,
      "ocf": -897940000,
      "capex": -918000,
      "gross_margin": null,
      "op_margin": null,
      "fcf_margin": -248.50926181918717,
      "rev_growth_yoy": 0.6478359908883827,
      "rev_growth_yoy_accel": 0.1570978100755544,
      "fcf_margin_change": -328.21883155212487
    },
    {
      "date": "2024-06-30T00:00:00",
      "quarter_label": "2024-06 (Q2)",
      "revenue": 15731000,
      "gross_profit": null,
      "operating_income": null,
      "net_income": 98258000,
      "opex": 272273000,
      "cogs": null,
      "rd": null,
      "sga": null,
      "fcf": -1093287000,
      "ocf": -1092886000,
      "capex": -401000,
      "gross_margin": null,
      "op_margin": null,
      "fcf_margin": -69.49888754688195,
      "rev_growth_yoy": 4.35432266848196,
      "rev_growth_yoy_accel": 3.7064866775935776,
      "op_leverage_ratio": 83.53081616831426,
      "fcf_margin_change": 179.01037427230523
    },
    {
      "date": "2024-09-30T00:00:00",
      "quarter_label": "2024-09 (Q3)",
      "revenue": 3438000,
      "gross_profit": null,
      "operating_income": null,
      "net_income": 69368000,
      "opex": 317909000,
      "cogs": null,
      "rd": null,
      "sga": null,
      "fcf": -393856000,
      "ocf": -393708000,
      "capex": -148000,
      "gross_margin": null,
      "op_margin": null,
      "fcf_margin": -114.55962769051774,
      "rev_growth_yoy": 0.19457956914523974,
      "rev_growth_yoy_accel": -4.159743099336721,
      "fcf_margin_change": -45.0607401436358
    },
    {
      "date": "2024-12-31T00:00:00",
      "quarter_label": "2024-12 (Q4)",
      "revenue": 4082000,
      "gross_profit": null,
      "operating_income": null,
      "net_income": 104489000,
      "opex": 340746000,
      "cogs": null,
      "rd": null,
      "sga": null,
      "fcf": -2148984000,
      "ocf": -2148736000,
      "capex": -248000,
      "gross_margin": null,
      "op_margin": null,
      "fcf_margin": -526.453699167075,
      "rev_growth_yoy": -0.24295252225519287,
      "rev_growth_yoy_accel": -0.4375320914004326,
      "op_leverage_ratio": 2.607616774091359,
      "fcf_margin_change": -411.89407147655726
    },
    {
      "date": "2025-03-31T00:00:00",
      "quarter_label": "2025-03 (Q1)",
      "revenue": 4918000,
      "gross_profit": null,
      "operating_income": null,
      "net_income": 76280000,
      "opex": 326707000,
      "cogs": null,
      "rd": null,
      "sga": null,
      "fcf": 1065586000,
      "ocf": 1065957000,
      "capex": -371000,
      "gross_margin": null,
      "op_margin": null,
      "fcf_margin": 216.67059780398537,
      "rev_growth_yoy": 0.3596903511197125,
      "rev_growth_yoy_accel": 0.6026428733749054,
      "op_leverage_ratio": null,
      "fcf_margin_change": 743.1242969710604
    },
    {
      "date": "2025-06-30T00:00:00",
      "quarter_label": "2025-06 (Q2)",
      "revenue": 4516000,
      "gross_profit": null,
      "operating_income": null,
      "net_income": 136463000,
      "opex": 368288000,
      "cogs": null,
      "rd": null,
      "sga": null,
      "fcf": -132620000,
      "ocf": -131315000,
      "capex": -1305000,
      "gross_margin": null,
      "op_margin": null,
      "fcf_margin": -29.36669619131975,
      "rev_growth_yoy": -0.712923526794228,
      "rev_growth_yoy_accel": -1.0726138779139405,
      "fcf_margin_change": -246.03729399530513
    },
    {
      "date": "2025-09-30T00:00:00",
      "quarter_label": "2025-09 (Q3)",
      "revenue": 4578000,
      "gross_profit": null,
      "operating_income": null,
      "net_income": 181503000,
      "opex": 396524000,
      "cogs": null,
      "rd": null,
      "sga": null,
      "fcf": -699448000,
      "ocf": -697373000,
      "capex": -2075000,
      "gross_margin": null,
      "op_margin": null,
      "fcf_margin": -152.78462210572303,
      "rev_growth_yoy": 0.33158813263525305,
      "rev_growth_yoy_accel": 1.044511659429481,
      "op_leverage_ratio": 0.17906971871023566,
      "fcf_margin_change": -123.41792591440328
    },
    {
      "date": "2025-12-31T00:00:00",
      "quarter_label": "2025-12 (Q4)",
      "revenue": 6096000,
      "gross_profit": null,
      "operating_income": null,
      "net_income": 106831000,
      "opex": 403600000,
      "cogs": null,
      "rd": null,
      "sga": null,
      "fcf": -1897423000,
      "ocf": -1889253000,
      "capex": -8170000,
      "gross_margin": null,
      "op_margin": null,
      "fcf_margin": -311.25705380577426,
      "rev_growth_yoy": 0.49338559529642334,
      "rev_growth_yoy_accel": 0.1617974626611703,
      "op_leverage_ratio": 18.58136598932985,
      "fcf_margin_change": -158.47243170005123
    }
  ],
  "signals": [
    {
      "quarter": "2025-12 (Q4)",
      "signal": "OPERATING LEVERAGE",
      "detail": "Rev growth +33.2% vs OpEx growth +1.8% (leverage: 18.6x)",
      "severity": "MEDIUM"
    },
    {
      "quarter": "2025-12 (Q4)",
      "signal": "YoY REVENUE GROWTH ACCELERATION",
      "detail": "YoY growth: +49.3% vs prior quarter YoY: +33.2% (accel: +16.2%)",
      "severity": "HIGH"
    },
    {
      "quarter": "2025-09 (Q3)",
      "signal": "YoY REVENUE GROWTH ACCELERATION",
      "detail": "YoY growth: +33.2% vs prior quarter YoY: -71.3% (accel: +104.5%)",
      "severity": "HIGH"
    },
    {
      "quarter": "2025-06 (Q2)",
      "signal": "YoY REVENUE GROWTH DECELERATION",
      "detail": "YoY growth: -71.3% vs prior quarter YoY: +36.0% (decel: -107.3%)",
      "severity": "WARNING"
    },
    {
      "quarter": "2025-03 (Q1)",
      "signal": "FCF TURNED POSITIVE",
      "detail": "FCF margin: -52645.4% -> +21667.1%",
      "severity": "HIGH"
    },
    {
      "quarter": "2025-03 (Q1)",
      "signal": "YoY REVENUE GROWTH ACCELERATION",
      "detail": "YoY growth: +36.0% vs prior quarter YoY: -24.3% (accel: +60.3%)",
      "severity": "HIGH"
    },
    {
      "quarter": "2024-12 (Q4)",
      "signal": "OPERATING LEVERAGE",
      "detail": "Rev growth +18.7% vs OpEx growth +7.2% (leverage: 2.6x)",
      "severity": "MEDIUM"
    },
    {
      "quarter": "2024-12 (Q4)",
      "signal": "YoY REVENUE GROWTH DECELERATION",
      "detail": "YoY growth: -24.3% vs prior quarter YoY: +19.5% (decel: -43.8%)",
      "severity": "WARNING"
    },
    {
      "quarter": "2024-09 (Q3)",
      "signal": "YoY REVENUE GROWTH DECELERATION",
      "detail": "YoY growth: +19.5% vs prior quarter YoY: +435.4% (decel: -416.0%)",
      "severity": "WARNING"
    },
    {
      "quarter": "2024-06 (Q2)",
      "signal": "FCF MARGIN EXPANSION",
      "detail": "FCF margin: -24850.9% -> -6949.9% (+17901.0%)",
      "severity": "MEDIUM"
    },
    {
      "quarter": "2024-06 (Q2)",
      "signal": "OPERATING LEVERAGE",
      "detail": "Rev growth +334.9% vs OpEx growth +4.0% (leverage: 83.5x)",
      "severity": "MEDIUM"
    },
    {
      "quarter": "2024-06 (Q2)",
      "signal": "YoY REVENUE GROWTH ACCELERATION",
      "detail": "YoY growth: +435.4% vs prior quarter YoY: +64.8% (accel: +370.6%)",
      "severity": "HIGH"
    },
    {
      "quarter": "2024-03 (Q1)",
      "signal": "YoY REVENUE GROWTH ACCELERATION",
      "detail": "YoY growth: +64.8% vs prior quarter YoY: +49.1% (accel: +15.7%)",
      "severity": "HIGH"
    },
    {
      "quarter": "2023-12 (Q4)",
      "signal": "FCF TURNED POSITIVE",
      "detail": "FCF margin: -33919.5% -> +7971.0%",
      "severity": "HIGH"
    },
    {
      "quarter": "2023-12 (Q4)",
      "signal": "OPERATING LEVERAGE",
      "detail": "Rev growth +87.4% vs OpEx growth +52.2% (leverage: 1.7x)",
      "severity": "MEDIUM"
    },
    {
      "quarter": "2023-12 (Q4)",
      "signal": "YoY REVENUE GROWTH ACCELERATION",
      "detail": "YoY growth: +49.1% vs prior quarter YoY: -11.2% (accel: +60.3%)",
      "severity": "HIGH"
    },
    {
      "quarter": "2023-09 (Q3)",
      "signal": "YoY REVENUE GROWTH DECELERATION",
      "detail": "YoY growth: -11.2% vs prior quarter YoY: +11.0% (decel: -22.2%)",
      "severity": "WARNING"
    },
    {
      "quarter": "2023-06 (Q2)",
      "signal": "FCF TURNED POSITIVE",
      "detail": "FCF margin: -148750.1% -> +75829.4%",
      "severity": "HIGH"
    },
    {
      "quarter": "2023-06 (Q2)",
      "signal": "YoY REVENUE GROWTH ACCELERATION",
      "detail": "YoY growth: +11.0% vs prior quarter YoY: -24.0% (accel: +35.0%)",
      "severity": "HIGH"
    },
    {
      "quarter": "2023-03 (Q1)",
      "signal": "YoY REVENUE GROWTH DECELERATION",
      "detail": "YoY growth: -24.0% vs prior quarter YoY: +99.0% (decel: -122.9%)",
      "severity": "WARNING"
    },
    {
      "quarter": "2022-12 (Q4)",
      "signal": "FCF TURNED POSITIVE",
      "detail": "FCF margin: -18179.7% -> +13487.8%",
      "severity": "HIGH"
    },
    {
      "quarter": "2022-12 (Q4)",
      "signal": "YoY REVENUE GROWTH DECELERATION",
      "detail": "YoY growth: +99.0% vs prior quarter YoY: +150.7% (decel: -51.7%)",
      "severity": "WARNING"
    },
    {
      "quarter": "2022-09 (Q3)",
      "signal": "YoY REVENUE GROWTH ACCELERATION",
      "detail": "YoY growth: +150.7% vs prior quarter YoY: +7.6% (accel: +143.0%)",
      "severity": "HIGH"
    },
    {
      "quarter": "2022-06 (Q2)",
      "signal": "YoY REVENUE GROWTH DECELERATION",
      "detail": "YoY growth: +7.6% vs prior quarter YoY: +64.5% (decel: -56.9%)",
      "severity": "WARNING"
    },
    {
      "quarter": "2022-03 (Q1)",
      "signal": "FCF TURNED POSITIVE",
      "detail": "FCF margin: -11491.9% -> +153265.9%",
      "severity": "HIGH"
    },
    {
      "quarter": "2021-12 (Q4)",
      "signal": "OPERATING LEVERAGE",
      "detail": "Rev growth +40.6% vs OpEx growth +2.8% (leverage: 14.4x)",
      "severity": "MEDIUM"
    },
    {
      "quarter": "2021-09 (Q3)",
      "signal": "FCF MARGIN EXPANSION",
      "detail": "FCF margin: +104811.0% -> +111178.3% (+6367.2%)",
      "severity": "MEDIUM"
    },
    {
      "quarter": "2021-06 (Q2)",
      "signal": "FCF TURNED POSITIVE",
      "detail": "FCF margin: -71268.0% -> +104811.0%",
      "severity": "HIGH"
    },
    {
      "quarter": "2021-06 (Q2)",
      "signal": "OPERATING LEVERAGE",
      "detail": "Rev growth +40.1% vs OpEx growth +5.5% (leverage: 7.3x)",
      "severity": "MEDIUM"
    }
  ],
  "data_quality": {
    "n_quarters": 20,
    "coverage": {
      "revenue": [
        20,
        20
      ],
      "gross_profit": [
        0,
        20
      ],
      "op_income": [
        0,
        20
      ],
      "fcf": [
        20,
        20
      ]
    },
    "gaps": [],
    "warnings": [
      "gross_profit: no data",
      "op_income: no data"
    ]
  },
  "market_cap": null,
  "source": "SEC EDGAR",
  "last_updated": "2026-02-24T10:14:38.939379"
}