{
  "ticker": "PG",
  "name": "PROCTER & GAMBLE CO",
  "quarters": [
    {
      "date": "2021-03-31T00:00:00",
      "quarter_label": "2021-03 (Q1)",
      "revenue": 18109000000,
      "gross_profit": 9187000000,
      "operating_income": 3785000000,
      "net_income": 3269000000,
      "opex": 5402000000,
      "cogs": 8922000000,
      "rd": null,
      "sga": 5402000000,
      "fcf": 3431000000,
      "ocf": 4087000000,
      "capex": -656000000,
      "gross_margin": 0.5073168037992158,
      "op_margin": 0.209012093434204,
      "fcf_margin": 0.18946380252912917
    },
    {
      "date": "2021-06-30T00:00:00",
      "quarter_label": "2021-06 (Q2)",
      "revenue": 18946000000,
      "gross_profit": 9155000000,
      "operating_income": 3540000000,
      "net_income": 2906000000,
      "opex": 5615000000,
      "cogs": 9791000000,
      "rd": null,
      "sga": 5615000000,
      "fcf": 3407000000,
      "ocf": 4121000000,
      "capex": -714000000,
      "gross_margin": 0.483215454449488,
      "op_margin": 0.18684682782645412,
      "fcf_margin": 0.17982687638551673,
      "op_leverage_ratio": 1.1722114674906805,
      "fcf_margin_change": -0.009636926143612445
    },
    {
      "date": "2021-09-30T00:00:00",
      "quarter_label": "2021-09 (Q3)",
      "revenue": 20338000000,
      "gross_profit": 9973000000,
      "operating_income": 5023000000,
      "net_income": 4112000000,
      "opex": 4950000000,
      "cogs": 10365000000,
      "rd": null,
      "sga": 4950000000,
      "fcf": 3552000000,
      "ocf": 4643000000,
      "capex": -1091000000,
      "gross_margin": 0.4903628675385977,
      "op_margin": 0.24697610384501917,
      "fcf_margin": 0.1746484413413315,
      "op_leverage_ratio": Infinity,
      "fcf_margin_change": -0.00517843504418522
    },
    {
      "date": "2021-12-31T00:00:00",
      "quarter_label": "2021-12 (Q4)",
      "revenue": 20953000000,
      "gross_profit": 10289000000,
      "operating_income": 5168000000,
      "net_income": 4223000000,
      "opex": 5121000000,
      "cogs": 10664000000,
      "rd": null,
      "sga": 5121000000,
      "fcf": 4495000000,
      "ocf": 5121000000,
      "capex": -626000000,
      "gross_margin": 0.4910514007540686,
      "op_margin": 0.24664725814919106,
      "fcf_margin": 0.21452775258912804,
      "op_leverage_ratio": 0.8753383606523438,
      "fcf_margin_change": 0.039879311247796534
    },
    {
      "date": "2022-03-31T00:00:00",
      "quarter_label": "2022-03 (Q1)",
      "revenue": 19381000000,
      "gross_profit": 9055000000,
      "operating_income": 4024000000,
      "net_income": 3355000000,
      "opex": 5031000000,
      "cogs": 10326000000,
      "rd": null,
      "sga": 5031000000,
      "fcf": 2499000000,
      "ocf": 3246000000,
      "capex": -747000000,
      "gross_margin": 0.4672101542748052,
      "op_margin": 0.20762602548888087,
      "fcf_margin": 0.12894071513337804,
      "incr_op_margin_yoy": 0.1878930817610063,
      "rev_growth_yoy": 0.07024131647247225,
      "fcf_margin_change": -0.08558703745575
    },
    {
      "date": "2022-06-30T00:00:00",
      "quarter_label": "2022-06 (Q2)",
      "revenue": 19515000000,
      "gross_profit": 8713000000,
      "operating_income": 3598000000,
      "net_income": 3052000000,
      "opex": 5115000000,
      "cogs": 10802000000,
      "rd": null,
      "sga": 5115000000,
      "fcf": 3021000000,
      "ocf": 3713000000,
      "capex": -692000000,
      "gross_margin": 0.44647706892134253,
      "op_margin": 0.1843709966692288,
      "fcf_margin": 0.15480399692544197,
      "incr_op_margin_yoy": 0.10193321616871705,
      "rev_growth_yoy": 0.03003272458566452,
      "rev_growth_yoy_accel": -0.04020859188680773,
      "fcf_margin_change": 0.02586328179206393
    },
    {
      "date": "2022-09-30T00:00:00",
      "quarter_label": "2022-09 (Q3)",
      "revenue": 20612000000,
      "gross_profit": 9766000000,
      "operating_income": 4939000000,
      "net_income": 3939000000,
      "opex": 4827000000,
      "cogs": 10846000000,
      "rd": null,
      "sga": 4827000000,
      "fcf": 3180000000,
      "ocf": 4070000000,
      "capex": -890000000,
      "gross_margin": 0.47380166893071995,
      "op_margin": 0.23961769842810013,
      "fcf_margin": 0.15427906074131573,
      "incr_op_margin_yoy": -0.30656934306569344,
      "rev_growth_yoy": 0.013472317828695053,
      "rev_growth_yoy_accel": -0.016560406756969466,
      "op_leverage_ratio": Infinity,
      "fcf_margin_change": -0.0005249361841262457
    },
    {
      "date": "2022-12-31T00:00:00",
      "quarter_label": "2022-12 (Q4)",
      "revenue": 20773000000,
      "gross_profit": 9876000000,
      "operating_income": 4785000000,
      "net_income": 3933000000,
      "opex": 5091000000,
      "cogs": 10897000000,
      "rd": null,
      "sga": 5091000000,
      "fcf": 2866000000,
      "ocf": 3574000000,
      "capex": -708000000,
      "gross_margin": 0.47542483030857363,
      "op_margin": 0.23034708515861937,
      "fcf_margin": 0.13796755403648966,
      "incr_op_margin_yoy": 2.1277777777777778,
      "rev_growth_yoy": -0.008590655276094115,
      "rev_growth_yoy_accel": -0.02206297310478917,
      "fcf_margin_change": -0.016311506704826062
    },
    {
      "date": "2023-03-31T00:00:00",
      "quarter_label": "2023-03 (Q1)",
      "revenue": 20068000000,
      "gross_profit": 9664000000,
      "operating_income": 4248000000,
      "net_income": 3397000000,
      "opex": 5416000000,
      "cogs": 10404000000,
      "rd": null,
      "sga": 5416000000,
      "fcf": 3133000000,
      "ocf": 3863000000,
      "capex": -730000000,
      "gross_margin": 0.48156268686466014,
      "op_margin": 0.211680287024118,
      "fcf_margin": 0.15611919473789118,
      "incr_op_margin_yoy": 0.3260553129548763,
      "rev_growth_yoy": 0.035447087353593726,
      "rev_growth_yoy_accel": 0.04403774262968784,
      "fcf_margin_change": 0.018151640701401517
    },
    {
      "date": "2023-06-30T00:00:00",
      "quarter_label": "2023-06 (Q2)",
      "revenue": 20553000000,
      "gross_profit": 9940000000,
      "operating_income": 4162000000,
      "net_income": 3384000000,
      "opex": 5778000000,
      "cogs": 10613000000,
      "rd": null,
      "sga": 5778000000,
      "fcf": 4607000000,
      "ocf": 5341000000,
      "capex": -734000000,
      "gross_margin": 0.4836276942538802,
      "op_margin": 0.2025008514572082,
      "fcf_margin": 0.22415219189412738,
      "incr_op_margin_yoy": 0.5433526011560693,
      "rev_growth_yoy": 0.05318985395849347,
      "rev_growth_yoy_accel": 0.01774276660489974,
      "op_leverage_ratio": 0.3615827732670247,
      "fcf_margin_change": 0.0680329971562362
    },
    {
      "date": "2023-09-30T00:00:00",
      "quarter_label": "2023-09 (Q3)",
      "revenue": 21871000000,
      "gross_profit": 11370000000,
      "operating_income": 5767000000,
      "net_income": 4521000000,
      "opex": 5603000000,
      "cogs": 10501000000,
      "rd": null,
      "sga": 5604000000,
      "fcf": 3979000000,
      "ocf": 4904000000,
      "capex": -925000000,
      "gross_margin": 0.5198664898724338,
      "op_margin": 0.26368250194321247,
      "fcf_margin": 0.18193041013213845,
      "incr_op_margin_yoy": 0.6576648133439238,
      "rev_growth_yoy": 0.06108092373374733,
      "rev_growth_yoy_accel": 0.007891069775253862,
      "op_leverage_ratio": Infinity,
      "fcf_margin_change": -0.04222178176198893
    },
    {
      "date": "2023-12-31T00:00:00",
      "quarter_label": "2023-12 (Q4)",
      "revenue": 21441000000,
      "gross_profit": 11297000000,
      "operating_income": 4433000000,
      "net_income": 3468000000,
      "opex": 6864000000,
      "cogs": 10144000000,
      "rd": null,
      "sga": 5522000000,
      "fcf": 4283000000,
      "ocf": 5100000000,
      "capex": -817000000,
      "gross_margin": 0.5268877384450352,
      "op_margin": 0.20675341635184927,
      "fcf_margin": 0.19975747399841426,
      "incr_op_margin_yoy": -0.5269461077844312,
      "rev_growth_yoy": 0.03215712703990757,
      "rev_growth_yoy_accel": -0.028923796693839758,
      "fcf_margin_change": 0.017827063866275805
    },
    {
      "date": "2024-03-31T00:00:00",
      "quarter_label": "2024-03 (Q1)",
      "revenue": 20195000000,
      "gross_profit": 10340000000,
      "operating_income": 4460000000,
      "net_income": 3754000000,
      "opex": 5880000000,
      "cogs": 9855000000,
      "rd": null,
      "sga": 5880000000,
      "fcf": 3291000000,
      "ocf": 4088000000,
      "capex": -797000000,
      "gross_margin": 0.5120079227531568,
      "op_margin": 0.22084674424362466,
      "fcf_margin": 0.16296112899232484,
      "incr_op_margin_yoy": 1.669291338582677,
      "rev_growth_yoy": 0.006328483157265298,
      "rev_growth_yoy_accel": -0.025828643882642274,
      "fcf_margin_change": -0.036796345006089415
    },
    {
      "date": "2024-06-30T00:00:00",
      "quarter_label": "2024-06 (Q2)",
      "revenue": 20532000000,
      "gross_profit": 10184000000,
      "operating_income": 3885000000,
      "net_income": 3137000000,
      "opex": 6299000000,
      "cogs": 10348000000,
      "rd": null,
      "sga": 6299000000,
      "fcf": 4971000000,
      "ocf": 5754000000,
      "capex": -783000000,
      "gross_margin": 0.49600623417105005,
      "op_margin": 0.1892168322618352,
      "fcf_margin": 0.24210987726475744,
      "incr_op_margin_yoy": 13.19047619047619,
      "rev_growth_yoy": -0.0010217486498321413,
      "rev_growth_yoy_accel": -0.00735023180709744,
      "op_leverage_ratio": 0.23417975455301268,
      "fcf_margin_change": 0.0791487482724326
    },
    {
      "date": "2024-09-30T00:00:00",
      "quarter_label": "2024-09 (Q3)",
      "revenue": 21737000000,
      "gross_profit": 11316000000,
      "operating_income": 5797000000,
      "net_income": 3959000000,
      "opex": 5519000000,
      "cogs": 10421000000,
      "rd": null,
      "sga": 5519000000,
      "fcf": 3309000000,
      "ocf": 4302000000,
      "capex": -993000000,
      "gross_margin": 0.5205870175277177,
      "op_margin": 0.2666881354372729,
      "fcf_margin": 0.15222891843400654,
      "incr_op_margin_yoy": -0.22388059701492538,
      "rev_growth_yoy": -0.006126834621187874,
      "rev_growth_yoy_accel": -0.0051050859713557325,
      "op_leverage_ratio": Infinity,
      "fcf_margin_change": -0.0898809588307509
    },
    {
      "date": "2024-12-31T00:00:00",
      "quarter_label": "2024-12 (Q4)",
      "revenue": 21882000000,
      "gross_profit": 11464000000,
      "operating_income": 5741000000,
      "net_income": 4630000000,
      "opex": 5723000000,
      "cogs": 10418000000,
      "rd": null,
      "sga": 5723000000,
      "fcf": 3900000000,
      "ocf": 4825000000,
      "capex": -925000000,
      "gross_margin": 0.5239009231331688,
      "op_margin": 0.26236175852298693,
      "fcf_margin": 0.1782286811077598,
      "incr_op_margin_yoy": 2.9659863945578233,
      "rev_growth_yoy": 0.02056807051909892,
      "rev_growth_yoy_accel": 0.026694905140286794,
      "fcf_margin_change": 0.025999762673753257
    },
    {
      "date": "2025-03-31T00:00:00",
      "quarter_label": "2025-03 (Q1)",
      "revenue": 19776000000,
      "gross_profit": 10082000000,
      "operating_income": 4558000000,
      "net_income": 3769000000,
      "opex": 5524000000,
      "cogs": 9694000000,
      "rd": null,
      "sga": 5524000000,
      "fcf": 2846000000,
      "ocf": 3705000000,
      "capex": -859000000,
      "gross_margin": 0.5098098705501618,
      "op_margin": 0.23048139158576053,
      "fcf_margin": 0.14391181229773461,
      "incr_op_margin_yoy": -0.23389021479713604,
      "rev_growth_yoy": -0.020747709829165635,
      "rev_growth_yoy_accel": -0.04131578034826455,
      "fcf_margin_change": -0.034316868810025186
    },
    {
      "date": "2025-06-30T00:00:00",
      "quarter_label": "2025-06 (Q2)",
      "revenue": 20889000000,
      "gross_profit": 10258000000,
      "operating_income": 4355000000,
      "net_income": 3615000000,
      "opex": 5903000000,
      "cogs": 10631000000,
      "rd": null,
      "sga": 5904000000,
      "fcf": 3989000000,
      "ocf": 4985000000,
      "capex": -996000000,
      "gross_margin": 0.49107185600076597,
      "op_margin": 0.208482933601417,
      "fcf_margin": 0.19096175020345638,
      "incr_op_margin_yoy": 1.3165266106442577,
      "rev_growth_yoy": 0.017387492694330802,
      "rev_growth_yoy_accel": 0.038135202523496434,
      "op_leverage_ratio": 0.820297089940313,
      "fcf_margin_change": 0.04704993790572176
    },
    {
      "date": "2025-09-30T00:00:00",
      "quarter_label": "2025-09 (Q3)",
      "revenue": 22386000000,
      "gross_profit": 11499000000,
      "operating_income": 5856000000,
      "net_income": 4750000000,
      "opex": 5643000000,
      "cogs": 10887000000,
      "rd": null,
      "sga": 5643000000,
      "fcf": 4208000000,
      "ocf": 5408000000,
      "capex": -1200000000,
      "gross_margin": 0.5136692575716966,
      "op_margin": 0.26159206647011524,
      "fcf_margin": 0.18797462699901724,
      "incr_op_margin_yoy": 0.09090909090909091,
      "rev_growth_yoy": 0.029856925978745917,
      "rev_growth_yoy_accel": 0.012469433284415115,
      "op_leverage_ratio": Infinity,
      "fcf_margin_change": -0.0029871232044391405
    },
    {
      "date": "2025-12-31T00:00:00",
      "quarter_label": "2025-12 (Q4)",
      "revenue": 22208000000,
      "gross_profit": 11374000000,
      "operating_income": 5366000000,
      "net_income": 4319000000,
      "opex": 6008000000,
      "cogs": 10834000000,
      "rd": null,
      "sga": 6008000000,
      "fcf": 3805000000,
      "ocf": 4972000000,
      "capex": -1167000000,
      "gross_margin": 0.5121577809798271,
      "op_margin": 0.24162463976945245,
      "fcf_margin": 0.17133465417867436,
      "incr_op_margin_yoy": -1.1503067484662577,
      "rev_growth_yoy": 0.01489808975413582,
      "rev_growth_yoy_accel": -0.014958836224610098,
      "fcf_margin_change": -0.01663997282034288
    }
  ],
  "signals": [
    {
      "quarter": "2025-09 (Q3)",
      "signal": "GROSS MARGIN INFLECTION",
      "detail": "GM: +51.0% -> +49.1% -> +51.4% (reversal +2.3%)",
      "severity": "MEDIUM"
    },
    {
      "quarter": "2025-06 (Q2)",
      "signal": "INCREMENTAL MARGIN (YoY)",
      "detail": "YoY Incr OPM: +131.7% vs year-ago OPM: +18.9%",
      "severity": "HIGH"
    },
    {
      "quarter": "2024-12 (Q4)",
      "signal": "INCREMENTAL MARGIN (YoY)",
      "detail": "YoY Incr OPM: +296.6% vs year-ago OPM: +20.7%",
      "severity": "HIGH"
    },
    {
      "quarter": "2024-09 (Q3)",
      "signal": "GROSS MARGIN INFLECTION",
      "detail": "GM: +51.2% -> +49.6% -> +52.1% (reversal +2.5%)",
      "severity": "MEDIUM"
    },
    {
      "quarter": "2024-06 (Q2)",
      "signal": "FCF MARGIN EXPANSION",
      "detail": "FCF margin: +16.3% -> +24.2% (+7.9%)",
      "severity": "MEDIUM"
    },
    {
      "quarter": "2024-06 (Q2)",
      "signal": "INCREMENTAL MARGIN (YoY)",
      "detail": "YoY Incr OPM: +1319.0% vs year-ago OPM: +20.3%",
      "severity": "HIGH"
    },
    {
      "quarter": "2024-03 (Q1)",
      "signal": "INCREMENTAL MARGIN (YoY)",
      "detail": "YoY Incr OPM: +166.9% vs year-ago OPM: +21.2%",
      "severity": "HIGH"
    },
    {
      "quarter": "2023-09 (Q3)",
      "signal": "INCREMENTAL MARGIN (YoY)",
      "detail": "YoY Incr OPM: +65.8% vs year-ago OPM: +24.0%",
      "severity": "HIGH"
    },
    {
      "quarter": "2023-06 (Q2)",
      "signal": "FCF MARGIN EXPANSION",
      "detail": "FCF margin: +15.6% -> +22.4% (+6.8%)",
      "severity": "MEDIUM"
    },
    {
      "quarter": "2023-06 (Q2)",
      "signal": "INCREMENTAL MARGIN (YoY)",
      "detail": "YoY Incr OPM: +54.3% vs year-ago OPM: +18.4%",
      "severity": "HIGH"
    },
    {
      "quarter": "2023-03 (Q1)",
      "signal": "INCREMENTAL MARGIN (YoY)",
      "detail": "YoY Incr OPM: +32.6% vs year-ago OPM: +20.8%",
      "severity": "MEDIUM"
    },
    {
      "quarter": "2022-12 (Q4)",
      "signal": "INCREMENTAL MARGIN (YoY)",
      "detail": "YoY Incr OPM: +212.8% vs year-ago OPM: +24.7%",
      "severity": "HIGH"
    },
    {
      "quarter": "2022-09 (Q3)",
      "signal": "GROSS MARGIN INFLECTION",
      "detail": "GM: +46.7% -> +44.6% -> +47.4% (reversal +2.7%)",
      "severity": "MEDIUM"
    }
  ],
  "data_quality": {
    "n_quarters": 20,
    "coverage": {
      "revenue": [
        20,
        20
      ],
      "gross_profit": [
        20,
        20
      ],
      "op_income": [
        20,
        20
      ],
      "fcf": [
        20,
        20
      ]
    },
    "gaps": [],
    "warnings": []
  },
  "market_cap": null,
  "source": "SEC EDGAR",
  "last_updated": "2026-02-02T19:46:05.564558"
}