{
  "ticker": "PGC",
  "name": "PEAPACK-GLADSTONE FINANCIAL CORP",
  "quarters": [
    {
      "date": "2020-12-31T00:00:00",
      "quarter_label": "2020-12 (Q4)",
      "revenue": 46141000,
      "gross_profit": null,
      "operating_income": null,
      "net_income": 3030000,
      "opex": 39249000,
      "cogs": null,
      "rd": null,
      "sga": null,
      "fcf": 17410000,
      "ocf": 17979000,
      "capex": -569000,
      "gross_margin": null,
      "op_margin": null,
      "fcf_margin": 0.3773216878697904
    },
    {
      "date": "2021-03-31T00:00:00",
      "quarter_label": "2021-03 (Q1)",
      "revenue": 49613000,
      "gross_profit": null,
      "operating_income": null,
      "net_income": 13178000,
      "opex": 31819000,
      "cogs": null,
      "rd": null,
      "sga": null,
      "fcf": 28057000,
      "ocf": 30305000,
      "capex": -2248000,
      "gross_margin": null,
      "op_margin": null,
      "fcf_margin": 0.5655171023723621,
      "op_leverage_ratio": Infinity,
      "fcf_margin_change": 0.18819541450257166
    },
    {
      "date": "2021-06-30T00:00:00",
      "quarter_label": "2021-06 (Q2)",
      "revenue": 51523000,
      "gross_profit": null,
      "operating_income": null,
      "net_income": 14418000,
      "opex": 31584000,
      "cogs": null,
      "rd": null,
      "sga": null,
      "fcf": 22988000,
      "ocf": 23635000,
      "capex": -647000,
      "gross_margin": null,
      "op_margin": null,
      "fcf_margin": 0.4461696717970615,
      "op_leverage_ratio": Infinity,
      "fcf_margin_change": -0.11934743057530056
    },
    {
      "date": "2021-09-30T00:00:00",
      "quarter_label": "2021-09 (Q3)",
      "revenue": 52992000,
      "gross_profit": null,
      "operating_income": null,
      "net_income": 14171000,
      "opex": 33785000,
      "cogs": null,
      "rd": null,
      "sga": null,
      "fcf": 14048000,
      "ocf": 14524000,
      "capex": -476000,
      "gross_margin": null,
      "op_margin": null,
      "fcf_margin": 0.26509661835748793,
      "op_leverage_ratio": 0.4091360441285566,
      "fcf_margin_change": -0.18107305343957358
    },
    {
      "date": "2021-12-31T00:00:00",
      "quarter_label": "2021-12 (Q4)",
      "revenue": 56176000,
      "gross_profit": null,
      "operating_income": null,
      "net_income": 14855000,
      "opex": 31704000,
      "cogs": null,
      "rd": null,
      "sga": null,
      "fcf": 6442000,
      "ocf": 6999000,
      "capex": -557000,
      "gross_margin": null,
      "op_margin": null,
      "fcf_margin": 0.11467530618057534,
      "rev_growth_yoy": 0.21748553347348346,
      "op_leverage_ratio": Infinity,
      "fcf_margin_change": -0.1504213121769126
    },
    {
      "date": "2022-03-31T00:00:00",
      "quarter_label": "2022-03 (Q1)",
      "revenue": 54336000,
      "gross_profit": null,
      "operating_income": null,
      "net_income": 13441000,
      "opex": 36544000,
      "cogs": null,
      "rd": null,
      "sga": null,
      "fcf": 30351000,
      "ocf": 30919000,
      "capex": -568000,
      "gross_margin": null,
      "op_margin": null,
      "fcf_margin": 0.5585799469964664,
      "rev_growth_yoy": 0.0951968234132183,
      "rev_growth_yoy_accel": -0.12228871006026515,
      "fcf_margin_change": 0.4439046408158911
    },
    {
      "date": "2022-06-30T00:00:00",
      "quarter_label": "2022-06 (Q2)",
      "revenue": 61401000,
      "gross_profit": null,
      "operating_income": null,
      "net_income": 20100000,
      "opex": 34108000,
      "cogs": null,
      "rd": null,
      "sga": null,
      "fcf": 38768000,
      "ocf": 39284000,
      "capex": -516000,
      "gross_margin": null,
      "op_margin": null,
      "fcf_margin": 0.631390368235045,
      "rev_growth_yoy": 0.19172020262795256,
      "rev_growth_yoy_accel": 0.09652337921473425,
      "op_leverage_ratio": Infinity,
      "fcf_margin_change": 0.07281042123857862
    },
    {
      "date": "2022-09-30T00:00:00",
      "quarter_label": "2022-09 (Q3)",
      "revenue": 61908000,
      "gross_profit": null,
      "operating_income": null,
      "net_income": 20126000,
      "opex": 34159000,
      "cogs": null,
      "rd": null,
      "sga": null,
      "fcf": 33742000,
      "ocf": 35388000,
      "capex": -1646000,
      "gross_margin": null,
      "op_margin": null,
      "fcf_margin": 0.5450345674226271,
      "rev_growth_yoy": 0.1682518115942029,
      "rev_growth_yoy_accel": -0.023468391033749647,
      "fcf_margin_change": -0.0863558008124179
    },
    {
      "date": "2022-12-31T00:00:00",
      "quarter_label": "2022-12 (Q4)",
      "revenue": 64852000,
      "gross_profit": null,
      "operating_income": null,
      "net_income": 20579000,
      "opex": 33412000,
      "cogs": null,
      "rd": null,
      "sga": null,
      "fcf": 12523000,
      "ocf": 13310000,
      "capex": -787000,
      "gross_margin": null,
      "op_margin": null,
      "fcf_margin": 0.19310121507432307,
      "rev_growth_yoy": 0.15444317858160067,
      "rev_growth_yoy_accel": -0.01380863301260224,
      "op_leverage_ratio": Infinity,
      "fcf_margin_change": -0.35193335234830403
    },
    {
      "date": "2023-03-31T00:00:00",
      "quarter_label": "2023-03 (Q1)",
      "revenue": 62037000,
      "gross_profit": null,
      "operating_income": null,
      "net_income": 18355000,
      "opex": 37087000,
      "cogs": null,
      "rd": null,
      "sga": null,
      "fcf": 38354000,
      "ocf": 38997000,
      "capex": -643000,
      "gross_margin": null,
      "op_margin": null,
      "fcf_margin": 0.6182439511904186,
      "rev_growth_yoy": 0.14172924028268552,
      "rev_growth_yoy_accel": -0.01271393829891515,
      "fcf_margin_change": 0.42514273611609554
    },
    {
      "date": "2023-06-30T00:00:00",
      "quarter_label": "2023-06 (Q2)",
      "revenue": 57496000,
      "gross_profit": null,
      "operating_income": null,
      "net_income": 13145000,
      "opex": 39388000,
      "cogs": null,
      "rd": null,
      "sga": null,
      "fcf": 4293000,
      "ocf": 5028000,
      "capex": -735000,
      "gross_margin": null,
      "op_margin": null,
      "fcf_margin": 0.07466606372617225,
      "rev_growth_yoy": -0.063598312731063,
      "rev_growth_yoy_accel": -0.20532755301374853,
      "fcf_margin_change": -0.5435778874642464
    },
    {
      "date": "2023-09-30T00:00:00",
      "quarter_label": "2023-09 (Q3)",
      "revenue": 55869000,
      "gross_profit": null,
      "operating_income": null,
      "net_income": 8755000,
      "opex": 43269000,
      "cogs": null,
      "rd": null,
      "sga": null,
      "fcf": 23820000,
      "ocf": 24739000,
      "capex": -919000,
      "gross_margin": null,
      "op_margin": null,
      "fcf_margin": 0.42635450786661655,
      "rev_growth_yoy": -0.09754797441364606,
      "rev_growth_yoy_accel": -0.03394966168258305,
      "fcf_margin_change": 0.3516884441404443
    },
    {
      "date": "2023-12-31T00:00:00",
      "quarter_label": "2023-12 (Q4)",
      "revenue": 54265000,
      "gross_profit": null,
      "operating_income": null,
      "net_income": 8599000,
      "opex": 37616000,
      "cogs": null,
      "rd": null,
      "sga": null,
      "fcf": 338000,
      "ocf": 1316000,
      "capex": -978000,
      "gross_margin": null,
      "op_margin": null,
      "fcf_margin": 0.006228692527411776,
      "rev_growth_yoy": -0.16324862764448284,
      "rev_growth_yoy_accel": -0.06570065323083678,
      "fcf_margin_change": -0.4201258153392048
    },
    {
      "date": "2024-03-31T00:00:00",
      "quarter_label": "2024-03 (Q1)",
      "revenue": 53076000,
      "gross_profit": null,
      "operating_income": null,
      "net_income": 8631000,
      "opex": 40668000,
      "cogs": null,
      "rd": null,
      "sga": null,
      "fcf": 18002000,
      "ocf": 19109000,
      "capex": -1107000,
      "gross_margin": null,
      "op_margin": null,
      "fcf_margin": 0.33917401462054414,
      "rev_growth_yoy": -0.14444605638570532,
      "rev_growth_yoy_accel": 0.018802571258777517,
      "fcf_margin_change": 0.3329453220931324
    },
    {
      "date": "2024-06-30T00:00:00",
      "quarter_label": "2024-06 (Q2)",
      "revenue": 56597000,
      "gross_profit": null,
      "operating_income": null,
      "net_income": 7530000,
      "opex": 47037000,
      "cogs": null,
      "rd": null,
      "sga": null,
      "fcf": -431000,
      "ocf": 852000,
      "capex": -1283000,
      "gross_margin": null,
      "op_margin": null,
      "fcf_margin": -0.007615244624273371,
      "rev_growth_yoy": -0.015635870321413663,
      "rev_growth_yoy_accel": 0.12881018606429165,
      "op_leverage_ratio": 0.42359361545457774,
      "fcf_margin_change": -0.3467892592448175
    },
    {
      "date": "2024-09-30T00:00:00",
      "quarter_label": "2024-09 (Q3)",
      "revenue": 56619000,
      "gross_profit": null,
      "operating_income": null,
      "net_income": 7587000,
      "opex": 45873000,
      "cogs": null,
      "rd": null,
      "sga": null,
      "fcf": 23006000,
      "ocf": 24684000,
      "capex": -1678000,
      "gross_margin": null,
      "op_margin": null,
      "fcf_margin": 0.406330030555114,
      "rev_growth_yoy": 0.013424260323256188,
      "rev_growth_yoy_accel": 0.02906013064466985,
      "fcf_margin_change": 0.4139452751793874
    },
    {
      "date": "2024-12-31T00:00:00",
      "quarter_label": "2024-12 (Q4)",
      "revenue": 61836000,
      "gross_profit": null,
      "operating_income": null,
      "net_income": 9240000,
      "opex": 47860000,
      "cogs": null,
      "rd": null,
      "sga": null,
      "fcf": 22429000,
      "ocf": 26458000,
      "capex": -4029000,
      "gross_margin": null,
      "op_margin": null,
      "fcf_margin": 0.3627175108351122,
      "rev_growth_yoy": 0.13951902699714364,
      "rev_growth_yoy_accel": 0.12609476667388744,
      "op_leverage_ratio": 2.1272469909922362,
      "fcf_margin_change": -0.0436125197200018
    },
    {
      "date": "2025-03-31T00:00:00",
      "quarter_label": "2025-03 (Q1)",
      "revenue": 64359000,
      "gross_profit": null,
      "operating_income": null,
      "net_income": 7595000,
      "opex": 53911000,
      "cogs": null,
      "rd": null,
      "sga": null,
      "fcf": -11476000,
      "ocf": -7874000,
      "capex": -3602000,
      "gross_margin": null,
      "op_margin": null,
      "fcf_margin": -0.17831227955686074,
      "rev_growth_yoy": 0.21258195794709472,
      "rev_growth_yoy_accel": 0.07306293094995109,
      "op_leverage_ratio": 0.32271667281949085,
      "fcf_margin_change": -0.541029790391973
    },
    {
      "date": "2025-06-30T00:00:00",
      "quarter_label": "2025-06 (Q2)",
      "revenue": 69741000,
      "gross_profit": null,
      "operating_income": null,
      "net_income": 7941000,
      "opex": 58479000,
      "cogs": null,
      "rd": null,
      "sga": null,
      "fcf": 9936000,
      "ocf": 15944000,
      "capex": -6008000,
      "gross_margin": null,
      "op_margin": null,
      "fcf_margin": 0.14246999612853273,
      "rev_growth_yoy": 0.23223845786879163,
      "rev_growth_yoy_accel": 0.019656499921696907,
      "op_leverage_ratio": 0.9869285179518816,
      "fcf_margin_change": 0.32078227568539347
    },
    {
      "date": "2025-09-30T00:00:00",
      "quarter_label": "2025-09 (Q3)",
      "revenue": 70694000,
      "gross_profit": null,
      "operating_income": null,
      "net_income": 9631000,
      "opex": 57087000,
      "cogs": null,
      "rd": null,
      "sga": null,
      "fcf": 34000000,
      "ocf": 36186000,
      "capex": -2186000,
      "gross_margin": null,
      "op_margin": null,
      "fcf_margin": 0.48094604916966077,
      "rev_growth_yoy": 0.24859146222999345,
      "rev_growth_yoy_accel": 0.016353004361201823,
      "op_leverage_ratio": Infinity,
      "fcf_margin_change": 0.33847605304112804
    }
  ],
  "signals": [
    {
      "quarter": "2025-09 (Q3)",
      "signal": "FCF MARGIN EXPANSION",
      "detail": "FCF margin: +14.2% -> +48.1% (+33.8%)",
      "severity": "MEDIUM"
    },
    {
      "quarter": "2025-06 (Q2)",
      "signal": "FCF TURNED POSITIVE",
      "detail": "FCF margin: -17.8% -> +14.2%",
      "severity": "HIGH"
    },
    {
      "quarter": "2025-03 (Q1)",
      "signal": "YoY REVENUE GROWTH ACCELERATION",
      "detail": "YoY growth: +21.3% vs prior quarter YoY: +14.0% (accel: +7.3%)",
      "severity": "MEDIUM"
    },
    {
      "quarter": "2024-12 (Q4)",
      "signal": "OPERATING LEVERAGE",
      "detail": "Rev growth +9.2% vs OpEx growth +4.3% (leverage: 2.1x)",
      "severity": "MEDIUM"
    },
    {
      "quarter": "2024-12 (Q4)",
      "signal": "YoY REVENUE GROWTH ACCELERATION",
      "detail": "YoY growth: +14.0% vs prior quarter YoY: +1.3% (accel: +12.6%)",
      "severity": "MEDIUM"
    },
    {
      "quarter": "2024-09 (Q3)",
      "signal": "FCF TURNED POSITIVE",
      "detail": "FCF margin: -0.8% -> +40.6%",
      "severity": "HIGH"
    },
    {
      "quarter": "2024-06 (Q2)",
      "signal": "YoY REVENUE GROWTH ACCELERATION",
      "detail": "YoY growth: -1.6% vs prior quarter YoY: -14.4% (accel: +12.9%)",
      "severity": "MEDIUM"
    },
    {
      "quarter": "2024-03 (Q1)",
      "signal": "FCF MARGIN EXPANSION",
      "detail": "FCF margin: +0.6% -> +33.9% (+33.3%)",
      "severity": "MEDIUM"
    },
    {
      "quarter": "2023-12 (Q4)",
      "signal": "YoY REVENUE GROWTH DECELERATION",
      "detail": "YoY growth: -16.3% vs prior quarter YoY: -9.8% (decel: -6.6%)",
      "severity": "WARNING"
    },
    {
      "quarter": "2023-09 (Q3)",
      "signal": "FCF MARGIN EXPANSION",
      "detail": "FCF margin: +7.5% -> +42.6% (+35.2%)",
      "severity": "MEDIUM"
    },
    {
      "quarter": "2023-06 (Q2)",
      "signal": "YoY REVENUE GROWTH DECELERATION",
      "detail": "YoY growth: -6.4% vs prior quarter YoY: +14.2% (decel: -20.5%)",
      "severity": "WARNING"
    },
    {
      "quarter": "2023-03 (Q1)",
      "signal": "FCF MARGIN EXPANSION",
      "detail": "FCF margin: +19.3% -> +61.8% (+42.5%)",
      "severity": "MEDIUM"
    },
    {
      "quarter": "2022-06 (Q2)",
      "signal": "FCF MARGIN EXPANSION",
      "detail": "FCF margin: +55.9% -> +63.1% (+7.3%)",
      "severity": "MEDIUM"
    },
    {
      "quarter": "2022-06 (Q2)",
      "signal": "YoY REVENUE GROWTH ACCELERATION",
      "detail": "YoY growth: +19.2% vs prior quarter YoY: +9.5% (accel: +9.7%)",
      "severity": "MEDIUM"
    },
    {
      "quarter": "2022-03 (Q1)",
      "signal": "FCF MARGIN EXPANSION",
      "detail": "FCF margin: +11.5% -> +55.9% (+44.4%)",
      "severity": "MEDIUM"
    },
    {
      "quarter": "2022-03 (Q1)",
      "signal": "YoY REVENUE GROWTH DECELERATION",
      "detail": "YoY growth: +9.5% vs prior quarter YoY: +21.7% (decel: -12.2%)",
      "severity": "WARNING"
    },
    {
      "quarter": "2021-03 (Q1)",
      "signal": "FCF MARGIN EXPANSION",
      "detail": "FCF margin: +37.7% -> +56.6% (+18.8%)",
      "severity": "MEDIUM"
    }
  ],
  "data_quality": {
    "n_quarters": 20,
    "coverage": {
      "revenue": [
        20,
        20
      ],
      "gross_profit": [
        0,
        20
      ],
      "op_income": [
        0,
        20
      ],
      "fcf": [
        20,
        20
      ]
    },
    "gaps": [],
    "warnings": [
      "gross_profit: no data",
      "op_income: no data"
    ]
  },
  "market_cap": null,
  "source": "SEC EDGAR",
  "last_updated": "2026-02-02T22:23:53.560714"
}