{
  "ticker": "PGEN",
  "name": "PRECIGEN, INC.",
  "quarters": [
    {
      "date": "2018-09-30T00:00:00",
      "quarter_label": "2018-09 (Q3)",
      "revenue": 32448000,
      "gross_profit": null,
      "operating_income": -66471000,
      "net_income": null,
      "opex": 98919000,
      "cogs": null,
      "rd": 44885000,
      "sga": 38708000,
      "fcf": null,
      "ocf": null,
      "capex": null,
      "gross_margin": null,
      "op_margin": -2.048539201183432,
      "fcf_margin": null
    },
    {
      "date": "2018-12-31T00:00:00",
      "quarter_label": "2018-12 (Q4)",
      "revenue": 43185000,
      "gross_profit": null,
      "operating_income": -336882000,
      "net_income": null,
      "opex": 380067000,
      "cogs": null,
      "rd": 280514000,
      "sga": 24935000,
      "fcf": null,
      "ocf": null,
      "capex": null,
      "gross_margin": null,
      "op_margin": -7.800903091351164,
      "fcf_margin": null,
      "op_leverage_ratio": 0.11642325537832925
    },
    {
      "date": "2019-03-31T00:00:00",
      "quarter_label": "2019-03 (Q1)",
      "revenue": 22585000,
      "gross_profit": null,
      "operating_income": -58703000,
      "net_income": null,
      "opex": 82038000,
      "cogs": null,
      "rd": 33062000,
      "sga": 33594000,
      "fcf": null,
      "ocf": null,
      "capex": null,
      "gross_margin": null,
      "op_margin": -2.599203010847908,
      "fcf_margin": null
    },
    {
      "date": "2019-06-30T00:00:00",
      "quarter_label": "2019-06 (Q2)",
      "revenue": 32836000,
      "gross_profit": null,
      "operating_income": -37409000,
      "net_income": null,
      "opex": 73395000,
      "cogs": null,
      "rd": 34518000,
      "sga": 21483000,
      "fcf": null,
      "ocf": null,
      "capex": null,
      "gross_margin": null,
      "op_margin": -1.1392678767206725,
      "fcf_margin": null,
      "op_leverage_ratio": Infinity
    },
    {
      "date": "2019-09-30T00:00:00",
      "quarter_label": "2019-09 (Q3)",
      "revenue": 18299000,
      "gross_profit": null,
      "operating_income": -48617000,
      "net_income": null,
      "opex": 71660000,
      "cogs": null,
      "rd": 31480000,
      "sga": 24741000,
      "fcf": null,
      "ocf": null,
      "capex": null,
      "gross_margin": null,
      "op_margin": -2.6568118476419476,
      "fcf_margin": null,
      "incr_op_margin_yoy": -1.261855961552053,
      "rev_growth_yoy": -0.4360515285996055
    },
    {
      "date": "2019-12-31T00:00:00",
      "quarter_label": "2019-12 (Q4)",
      "revenue": 17002000,
      "gross_profit": null,
      "operating_income": -77986000,
      "net_income": null,
      "opex": null,
      "cogs": null,
      "rd": null,
      "sga": null,
      "fcf": null,
      "ocf": null,
      "capex": null,
      "gross_margin": null,
      "op_margin": -4.586872132690272,
      "fcf_margin": null,
      "incr_op_margin_yoy": -9.887942558148417,
      "rev_growth_yoy": -0.6062984832696539,
      "rev_growth_yoy_accel": -0.17024695467004836
    },
    {
      "date": "2020-03-31T00:00:00",
      "quarter_label": "2020-03 (Q1)",
      "revenue": 29838000,
      "gross_profit": null,
      "operating_income": -16600000,
      "net_income": null,
      "opex": null,
      "cogs": null,
      "rd": null,
      "sga": null,
      "fcf": null,
      "ocf": null,
      "capex": null,
      "gross_margin": null,
      "op_margin": -0.5563375561364703,
      "fcf_margin": null,
      "incr_op_margin_yoy": 5.804908313801186,
      "rev_growth_yoy": 0.32114235111799866,
      "rev_growth_yoy_accel": 0.9274408343876526
    },
    {
      "date": "2020-06-30T00:00:00",
      "quarter_label": "2020-06 (Q2)",
      "revenue": 30424000,
      "gross_profit": null,
      "operating_income": -11830000,
      "net_income": null,
      "opex": null,
      "cogs": null,
      "rd": null,
      "sga": null,
      "fcf": null,
      "ocf": null,
      "capex": null,
      "gross_margin": null,
      "op_margin": -0.3888377596634236,
      "fcf_margin": null,
      "incr_op_margin_yoy": -10.604892205638475,
      "rev_growth_yoy": -0.07345596296747472,
      "rev_growth_yoy_accel": -0.3945983140854734
    },
    {
      "date": "2020-09-30T00:00:00",
      "quarter_label": "2020-09 (Q3)",
      "revenue": 23583000,
      "gross_profit": null,
      "operating_income": -23006000,
      "net_income": null,
      "opex": null,
      "cogs": null,
      "rd": null,
      "sga": null,
      "fcf": null,
      "ocf": null,
      "capex": null,
      "gross_margin": null,
      "op_margin": -0.9755332230844252,
      "fcf_margin": null,
      "incr_op_margin_yoy": 4.846896290688872,
      "rev_growth_yoy": 0.2887589485764249,
      "rev_growth_yoy_accel": 0.3622149115438996
    },
    {
      "date": "2020-12-31T00:00:00",
      "quarter_label": "2020-12 (Q4)",
      "revenue": 19333000,
      "gross_profit": null,
      "operating_income": -35167000,
      "net_income": -41661000,
      "opex": null,
      "cogs": null,
      "rd": null,
      "sga": null,
      "fcf": -17938000,
      "ocf": -16469000,
      "capex": -1469000,
      "gross_margin": null,
      "op_margin": -1.8190141209331194,
      "fcf_margin": -0.9278435835100605,
      "incr_op_margin_yoy": 18.36936936936937,
      "rev_growth_yoy": 0.1371015174685331,
      "rev_growth_yoy_accel": -0.15165743110789182
    },
    {
      "date": "2021-03-31T00:00:00",
      "quarter_label": "2021-03 (Q1)",
      "revenue": 24511000,
      "gross_profit": null,
      "operating_income": null,
      "net_income": -17318000,
      "opex": null,
      "cogs": null,
      "rd": null,
      "sga": null,
      "fcf": -17398000,
      "ocf": -16384000,
      "capex": -1014000,
      "gross_margin": null,
      "op_margin": null,
      "fcf_margin": -0.7098037615764351,
      "rev_growth_yoy": -0.17853073262282995,
      "rev_growth_yoy_accel": -0.3156322500913631,
      "fcf_margin_change": 0.21803982193362537
    },
    {
      "date": "2021-06-30T00:00:00",
      "quarter_label": "2021-06 (Q2)",
      "revenue": 33580000,
      "gross_profit": null,
      "operating_income": null,
      "net_income": -20050000,
      "opex": null,
      "cogs": null,
      "rd": null,
      "sga": null,
      "fcf": -8970000,
      "ocf": -7776000,
      "capex": -1194000,
      "gross_margin": null,
      "op_margin": null,
      "fcf_margin": -0.2671232876712329,
      "rev_growth_yoy": 0.10373389429397843,
      "rev_growth_yoy_accel": 0.28226462691680837,
      "fcf_margin_change": 0.4426804739052022
    },
    {
      "date": "2021-09-30T00:00:00",
      "quarter_label": "2021-09 (Q3)",
      "revenue": 21561000,
      "gross_profit": null,
      "operating_income": null,
      "net_income": -29764000,
      "opex": null,
      "cogs": null,
      "rd": null,
      "sga": null,
      "fcf": -19288000,
      "ocf": -17022000,
      "capex": -2266000,
      "gross_margin": null,
      "op_margin": null,
      "fcf_margin": -0.8945781735541023,
      "rev_growth_yoy": -0.08573972777000381,
      "rev_growth_yoy_accel": -0.18947362206398224,
      "fcf_margin_change": -0.6274548858828695
    },
    {
      "date": "2021-12-31T00:00:00",
      "quarter_label": "2021-12 (Q4)",
      "revenue": 24221000,
      "gross_profit": null,
      "operating_income": null,
      "net_income": -25034000,
      "opex": null,
      "cogs": null,
      "rd": null,
      "sga": null,
      "fcf": -17362000,
      "ocf": -14589000,
      "capex": -2773000,
      "gross_margin": null,
      "op_margin": null,
      "fcf_margin": -0.7168159861277404,
      "rev_growth_yoy": 0.2528319453783686,
      "rev_growth_yoy_accel": 0.33857167314837244,
      "fcf_margin_change": 0.17776218742636185
    },
    {
      "date": "2022-03-31T00:00:00",
      "quarter_label": "2022-03 (Q1)",
      "revenue": 32021000,
      "gross_profit": null,
      "operating_income": null,
      "net_income": -19251000,
      "opex": null,
      "cogs": null,
      "rd": null,
      "sga": null,
      "fcf": -20362000,
      "ocf": -18783000,
      "capex": -1579000,
      "gross_margin": null,
      "op_margin": null,
      "fcf_margin": -0.6358951937790824,
      "rev_growth_yoy": 0.30639304801925665,
      "rev_growth_yoy_accel": 0.053561102640888036,
      "fcf_margin_change": 0.08092079234865801
    },
    {
      "date": "2022-06-30T00:00:00",
      "quarter_label": "2022-06 (Q2)",
      "revenue": 2911000,
      "gross_profit": null,
      "operating_income": null,
      "net_income": -17635000,
      "opex": null,
      "cogs": null,
      "rd": null,
      "sga": null,
      "fcf": -8771000,
      "ocf": -7053000,
      "capex": -1718000,
      "gross_margin": null,
      "op_margin": null,
      "fcf_margin": -3.013053933356235,
      "rev_growth_yoy": -0.9133114949374628,
      "rev_growth_yoy_accel": -1.2197045429567195,
      "fcf_margin_change": -2.377158739577153
    },
    {
      "date": "2022-09-30T00:00:00",
      "quarter_label": "2022-09 (Q3)",
      "revenue": 16722000,
      "gross_profit": null,
      "operating_income": null,
      "net_income": 87379000,
      "opex": null,
      "cogs": null,
      "rd": null,
      "sga": null,
      "fcf": -25387000,
      "ocf": -23813000,
      "capex": -1574000,
      "gross_margin": null,
      "op_margin": null,
      "fcf_margin": -1.5181796435833035,
      "rev_growth_yoy": -0.2244330040350633,
      "rev_growth_yoy_accel": 0.6888784909023995,
      "fcf_margin_change": 1.4948742897729317
    },
    {
      "date": "2022-12-31T00:00:00",
      "quarter_label": "2022-12 (Q4)",
      "revenue": 1763000,
      "gross_profit": null,
      "operating_income": null,
      "net_income": -22176000,
      "opex": null,
      "cogs": null,
      "rd": null,
      "sga": null,
      "fcf": -15449000,
      "ocf": -15396000,
      "capex": -53000,
      "gross_margin": null,
      "op_margin": null,
      "fcf_margin": -8.762904140669313,
      "rev_growth_yoy": -0.9272119235374262,
      "rev_growth_yoy_accel": -0.7027789195023629,
      "fcf_margin_change": -7.244724497086009
    },
    {
      "date": "2023-03-31T00:00:00",
      "quarter_label": "2023-03 (Q1)",
      "revenue": 1851000,
      "gross_profit": null,
      "operating_income": null,
      "net_income": -22734000,
      "opex": null,
      "cogs": null,
      "rd": null,
      "sga": null,
      "fcf": -18542000,
      "ocf": -18388000,
      "capex": -154000,
      "gross_margin": null,
      "op_margin": null,
      "fcf_margin": -10.017287952458132,
      "rev_growth_yoy": -0.9421941850660503,
      "rev_growth_yoy_accel": -0.014982261528624141,
      "fcf_margin_change": -1.2543838117888182
    },
    {
      "date": "2023-06-30T00:00:00",
      "quarter_label": "2023-06 (Q2)",
      "revenue": 1767000,
      "gross_profit": null,
      "operating_income": null,
      "net_income": -20319000,
      "opex": null,
      "cogs": null,
      "rd": null,
      "sga": null,
      "fcf": -15869000,
      "ocf": -15768000,
      "capex": -101000,
      "gross_margin": null,
      "op_margin": null,
      "fcf_margin": -8.980758347481608,
      "rev_growth_yoy": -0.39299209893507386,
      "rev_growth_yoy_accel": 0.5492020861309765,
      "fcf_margin_change": 1.0365296049765238
    }
  ],
  "signals": [
    {
      "quarter": "2023-06 (Q2)",
      "signal": "FCF MARGIN EXPANSION",
      "detail": "FCF margin: -1001.7% -> -898.1% (+103.7%)",
      "severity": "MEDIUM"
    },
    {
      "quarter": "2023-06 (Q2)",
      "signal": "YoY REVENUE GROWTH ACCELERATION",
      "detail": "YoY growth: -39.3% vs prior quarter YoY: -94.2% (accel: +54.9%)",
      "severity": "HIGH"
    },
    {
      "quarter": "2022-12 (Q4)",
      "signal": "YoY REVENUE GROWTH DECELERATION",
      "detail": "YoY growth: -92.7% vs prior quarter YoY: -22.4% (decel: -70.3%)",
      "severity": "WARNING"
    },
    {
      "quarter": "2022-09 (Q3)",
      "signal": "FCF MARGIN EXPANSION",
      "detail": "FCF margin: -301.3% -> -151.8% (+149.5%)",
      "severity": "MEDIUM"
    },
    {
      "quarter": "2022-09 (Q3)",
      "signal": "YoY REVENUE GROWTH ACCELERATION",
      "detail": "YoY growth: -22.4% vs prior quarter YoY: -91.3% (accel: +68.9%)",
      "severity": "HIGH"
    },
    {
      "quarter": "2022-06 (Q2)",
      "signal": "YoY REVENUE GROWTH DECELERATION",
      "detail": "YoY growth: -91.3% vs prior quarter YoY: +30.6% (decel: -122.0%)",
      "severity": "WARNING"
    },
    {
      "quarter": "2022-03 (Q1)",
      "signal": "FCF MARGIN EXPANSION",
      "detail": "FCF margin: -71.7% -> -63.6% (+8.1%)",
      "severity": "MEDIUM"
    },
    {
      "quarter": "2022-03 (Q1)",
      "signal": "YoY REVENUE GROWTH ACCELERATION",
      "detail": "YoY growth: +30.6% vs prior quarter YoY: +25.3% (accel: +5.4%)",
      "severity": "MEDIUM"
    },
    {
      "quarter": "2021-12 (Q4)",
      "signal": "FCF MARGIN EXPANSION",
      "detail": "FCF margin: -89.5% -> -71.7% (+17.8%)",
      "severity": "MEDIUM"
    },
    {
      "quarter": "2021-12 (Q4)",
      "signal": "YoY REVENUE GROWTH ACCELERATION",
      "detail": "YoY growth: +25.3% vs prior quarter YoY: -8.6% (accel: +33.9%)",
      "severity": "HIGH"
    },
    {
      "quarter": "2021-09 (Q3)",
      "signal": "YoY REVENUE GROWTH DECELERATION",
      "detail": "YoY growth: -8.6% vs prior quarter YoY: +10.4% (decel: -18.9%)",
      "severity": "WARNING"
    },
    {
      "quarter": "2021-06 (Q2)",
      "signal": "FCF MARGIN EXPANSION",
      "detail": "FCF margin: -71.0% -> -26.7% (+44.3%)",
      "severity": "MEDIUM"
    },
    {
      "quarter": "2021-06 (Q2)",
      "signal": "YoY REVENUE GROWTH ACCELERATION",
      "detail": "YoY growth: +10.4% vs prior quarter YoY: -17.9% (accel: +28.2%)",
      "severity": "HIGH"
    },
    {
      "quarter": "2021-03 (Q1)",
      "signal": "FCF MARGIN EXPANSION",
      "detail": "FCF margin: -92.8% -> -71.0% (+21.8%)",
      "severity": "MEDIUM"
    },
    {
      "quarter": "2021-03 (Q1)",
      "signal": "YoY REVENUE GROWTH DECELERATION",
      "detail": "YoY growth: -17.9% vs prior quarter YoY: +13.7% (decel: -31.6%)",
      "severity": "WARNING"
    },
    {
      "quarter": "2020-12 (Q4)",
      "signal": "YoY REVENUE GROWTH DECELERATION",
      "detail": "YoY growth: +13.7% vs prior quarter YoY: +28.9% (decel: -15.2%)",
      "severity": "WARNING"
    },
    {
      "quarter": "2020-09 (Q3)",
      "signal": "YoY REVENUE GROWTH ACCELERATION",
      "detail": "YoY growth: +28.9% vs prior quarter YoY: -7.3% (accel: +36.2%)",
      "severity": "HIGH"
    },
    {
      "quarter": "2020-06 (Q2)",
      "signal": "YoY REVENUE GROWTH DECELERATION",
      "detail": "YoY growth: -7.3% vs prior quarter YoY: +32.1% (decel: -39.5%)",
      "severity": "WARNING"
    },
    {
      "quarter": "2020-03 (Q1)",
      "signal": "YoY REVENUE GROWTH ACCELERATION",
      "detail": "YoY growth: +32.1% vs prior quarter YoY: -60.6% (accel: +92.7%)",
      "severity": "HIGH"
    },
    {
      "quarter": "2019-12 (Q4)",
      "signal": "YoY REVENUE GROWTH DECELERATION",
      "detail": "YoY growth: -60.6% vs prior quarter YoY: -43.6% (decel: -17.0%)",
      "severity": "WARNING"
    }
  ],
  "data_quality": {
    "n_quarters": 20,
    "coverage": {
      "revenue": [
        20,
        20
      ],
      "gross_profit": [
        0,
        20
      ],
      "op_income": [
        10,
        20
      ],
      "fcf": [
        11,
        20
      ]
    },
    "gaps": [],
    "warnings": [
      "gross_profit: no data",
      "op_income: 10/20Q",
      "fcf: 11/20Q"
    ]
  },
  "market_cap": null,
  "source": "SEC EDGAR",
  "last_updated": "2026-02-02T21:44:00.086925"
}