{
  "ticker": "PGR",
  "name": "PROGRESSIVE CORP/OH/",
  "quarters": [
    {
      "date": "2020-12-31T00:00:00",
      "quarter_label": "2020-12 (Q4)",
      "revenue": 11415800000,
      "gross_profit": null,
      "operating_income": null,
      "net_income": 1684300000,
      "opex": null,
      "cogs": null,
      "rd": null,
      "sga": null,
      "fcf": 1500200000,
      "ocf": 1547300000,
      "capex": -47100000,
      "gross_margin": null,
      "op_margin": null,
      "fcf_margin": 0.13141435554231853
    },
    {
      "date": "2021-03-31T00:00:00",
      "quarter_label": "2021-03 (Q1)",
      "revenue": 11445200000,
      "gross_profit": null,
      "operating_income": null,
      "net_income": 1480000000,
      "opex": null,
      "cogs": null,
      "rd": null,
      "sga": null,
      "fcf": 2564000000,
      "ocf": 2614500000,
      "capex": -50500000,
      "gross_margin": null,
      "op_margin": null,
      "fcf_margin": 0.2240240450145039,
      "fcf_margin_change": 0.09260968947218537
    },
    {
      "date": "2021-06-30T00:00:00",
      "quarter_label": "2021-06 (Q2)",
      "revenue": 11905500000,
      "gross_profit": null,
      "operating_income": null,
      "net_income": 790100000,
      "opex": null,
      "cogs": null,
      "rd": null,
      "sga": null,
      "fcf": 2275900000,
      "ocf": 2323900000,
      "capex": -48000000,
      "gross_margin": null,
      "op_margin": null,
      "fcf_margin": 0.19116374784763346,
      "fcf_margin_change": -0.032860297166870445
    },
    {
      "date": "2021-09-30T00:00:00",
      "quarter_label": "2021-09 (Q3)",
      "revenue": 11859200000,
      "gross_profit": null,
      "operating_income": null,
      "net_income": 118500000,
      "opex": null,
      "cogs": null,
      "rd": null,
      "sga": null,
      "fcf": 2281400000,
      "ocf": 2371200000,
      "capex": -89800000,
      "gross_margin": null,
      "op_margin": null,
      "fcf_margin": 0.19237385321100917,
      "fcf_margin_change": 0.0012101053633757075
    },
    {
      "date": "2021-12-31T00:00:00",
      "quarter_label": "2021-12 (Q4)",
      "revenue": 12492100000,
      "gross_profit": null,
      "operating_income": null,
      "net_income": 962300000,
      "opex": null,
      "cogs": null,
      "rd": null,
      "sga": null,
      "fcf": 396900000,
      "ocf": 452100000,
      "capex": -55200000,
      "gross_margin": null,
      "op_margin": null,
      "fcf_margin": 0.03177207995453126,
      "rev_growth_yoy": 0.09428160969883845,
      "fcf_margin_change": -0.1606017732564779
    },
    {
      "date": "2022-03-31T00:00:00",
      "quarter_label": "2022-03 (Q1)",
      "revenue": 11841500000,
      "gross_profit": null,
      "operating_income": null,
      "net_income": 313900000,
      "opex": null,
      "cogs": null,
      "rd": null,
      "sga": null,
      "fcf": 2429300000,
      "ocf": 2502300000,
      "capex": -73000000,
      "gross_margin": null,
      "op_margin": null,
      "fcf_margin": 0.20515137440358064,
      "rev_growth_yoy": 0.03462586936008108,
      "rev_growth_yoy_accel": -0.05965574033875737,
      "fcf_margin_change": 0.17337929444904937
    },
    {
      "date": "2022-06-30T00:00:00",
      "quarter_label": "2022-06 (Q2)",
      "revenue": 11519200000,
      "gross_profit": null,
      "operating_income": null,
      "net_income": -542900000,
      "opex": null,
      "cogs": null,
      "rd": null,
      "sga": null,
      "fcf": 1325900000,
      "ocf": 1389600000,
      "capex": -63700000,
      "gross_margin": null,
      "op_margin": null,
      "fcf_margin": 0.11510347940829224,
      "rev_growth_yoy": -0.032447188274326993,
      "rev_growth_yoy_accel": -0.06707305763440807,
      "fcf_margin_change": -0.0900478949952884
    },
    {
      "date": "2022-09-30T00:00:00",
      "quarter_label": "2022-09 (Q3)",
      "revenue": 12780200000,
      "gross_profit": null,
      "operating_income": null,
      "net_income": 124100000,
      "opex": null,
      "cogs": null,
      "rd": null,
      "sga": null,
      "fcf": 1919000000,
      "ocf": 2027300000,
      "capex": -108300000,
      "gross_margin": null,
      "op_margin": null,
      "fcf_margin": 0.15015414469257132,
      "rev_growth_yoy": 0.0776612250404749,
      "rev_growth_yoy_accel": 0.1101084133148019,
      "fcf_margin_change": 0.03505066528427908
    },
    {
      "date": "2022-12-31T00:00:00",
      "quarter_label": "2022-12 (Q4)",
      "revenue": 13469800000,
      "gross_profit": null,
      "operating_income": null,
      "net_income": 826400000,
      "opex": null,
      "cogs": null,
      "rd": null,
      "sga": null,
      "fcf": 882800000,
      "ocf": 929800000,
      "capex": -47000000,
      "gross_margin": null,
      "op_margin": null,
      "fcf_margin": 0.06553920622429435,
      "rev_growth_yoy": 0.0782654637731046,
      "rev_growth_yoy_accel": 0.0006042387326297,
      "fcf_margin_change": -0.08461493846827697
    },
    {
      "date": "2023-03-31T00:00:00",
      "quarter_label": "2023-03 (Q1)",
      "revenue": 14303200000,
      "gross_profit": null,
      "operating_income": null,
      "net_income": 447900000,
      "opex": null,
      "cogs": null,
      "rd": null,
      "sga": null,
      "fcf": 2406300000,
      "ocf": 2449500000,
      "capex": -43200000,
      "gross_margin": null,
      "op_margin": null,
      "fcf_margin": 0.1682350802617596,
      "rev_growth_yoy": 0.20788751425072838,
      "rev_growth_yoy_accel": 0.12962205047762376,
      "fcf_margin_change": 0.10269587403746525
    },
    {
      "date": "2023-06-30T00:00:00",
      "quarter_label": "2023-06 (Q2)",
      "revenue": 15353500000,
      "gross_profit": null,
      "operating_income": null,
      "net_income": 345400000,
      "opex": null,
      "cogs": null,
      "rd": null,
      "sga": null,
      "fcf": 2246600000,
      "ocf": 2337000000,
      "capex": -90400000,
      "gross_margin": null,
      "op_margin": null,
      "fcf_margin": 0.14632494219559058,
      "rev_growth_yoy": 0.33286165705951803,
      "rev_growth_yoy_accel": 0.12497414280878966,
      "fcf_margin_change": -0.02191013806616901
    },
    {
      "date": "2023-09-30T00:00:00",
      "quarter_label": "2023-09 (Q3)",
      "revenue": 15560600000,
      "gross_profit": null,
      "operating_income": null,
      "net_income": 1121300000,
      "opex": null,
      "cogs": null,
      "rd": null,
      "sga": null,
      "fcf": 3383200000,
      "ocf": 3419500000,
      "capex": -36300000,
      "gross_margin": null,
      "op_margin": null,
      "fcf_margin": 0.21742092207241365,
      "rev_growth_yoy": 0.2175552808250262,
      "rev_growth_yoy_accel": -0.11530637623449183,
      "fcf_margin_change": 0.07109597987682306
    },
    {
      "date": "2023-12-31T00:00:00",
      "quarter_label": "2023-12 (Q4)",
      "revenue": 16891200000,
      "gross_profit": null,
      "operating_income": null,
      "net_income": 1987800000,
      "opex": null,
      "cogs": null,
      "rd": null,
      "sga": null,
      "fcf": 2354900000,
      "ocf": 2437000000,
      "capex": -82100000,
      "gross_margin": null,
      "op_margin": null,
      "fcf_margin": 0.13941579047077768,
      "rev_growth_yoy": 0.2540052562027647,
      "rev_growth_yoy_accel": 0.0364499753777385,
      "fcf_margin_change": -0.07800513160163597
    },
    {
      "date": "2024-03-31T00:00:00",
      "quarter_label": "2024-03 (Q1)",
      "revenue": 17242500000,
      "gross_profit": null,
      "operating_income": null,
      "net_income": 2331400000,
      "opex": null,
      "cogs": null,
      "rd": null,
      "sga": null,
      "fcf": 4185000000,
      "ocf": 4235000000,
      "capex": -50000000,
      "gross_margin": null,
      "op_margin": null,
      "fcf_margin": 0.2427142235754676,
      "rev_growth_yoy": 0.20549946865037194,
      "rev_growth_yoy_accel": -0.048505787552392765,
      "fcf_margin_change": 0.10329843310468992
    },
    {
      "date": "2024-06-30T00:00:00",
      "quarter_label": "2024-06 (Q2)",
      "revenue": 18134300000,
      "gross_profit": null,
      "operating_income": null,
      "net_income": 1458700000,
      "opex": null,
      "cogs": null,
      "rd": null,
      "sga": null,
      "fcf": 3199000000,
      "ocf": 3267000000,
      "capex": -68000000,
      "gross_margin": null,
      "op_margin": null,
      "fcf_margin": 0.17640603717816514,
      "rev_growth_yoy": 0.18111831178558635,
      "rev_growth_yoy_accel": -0.02438115686478559,
      "fcf_margin_change": -0.06630818639730246
    },
    {
      "date": "2024-09-30T00:00:00",
      "quarter_label": "2024-09 (Q3)",
      "revenue": 19719000000,
      "gross_profit": null,
      "operating_income": null,
      "net_income": 2333400000,
      "opex": null,
      "cogs": null,
      "rd": null,
      "sga": null,
      "fcf": 4552000000,
      "ocf": 4609000000,
      "capex": -57000000,
      "gross_margin": null,
      "op_margin": null,
      "fcf_margin": 0.23084334905421167,
      "rev_growth_yoy": 0.26723905247869617,
      "rev_growth_yoy_accel": 0.08612074069310982,
      "fcf_margin_change": 0.05443731187604653
    },
    {
      "date": "2024-12-31T00:00:00",
      "quarter_label": "2024-12 (Q4)",
      "revenue": 20276200000,
      "gross_profit": null,
      "operating_income": null,
      "net_income": 2356500000,
      "opex": null,
      "cogs": null,
      "rd": null,
      "sga": null,
      "fcf": 2898000000,
      "ocf": 3008000000,
      "capex": -110000000,
      "gross_margin": null,
      "op_margin": null,
      "fcf_margin": 0.142926189325416,
      "rev_growth_yoy": 0.20040020839253575,
      "rev_growth_yoy_accel": -0.06683884408616042,
      "fcf_margin_change": -0.08791715972879566
    },
    {
      "date": "2025-03-31T00:00:00",
      "quarter_label": "2025-03 (Q1)",
      "revenue": 20409000000,
      "gross_profit": null,
      "operating_income": null,
      "net_income": 2567000000,
      "opex": null,
      "cogs": null,
      "rd": null,
      "sga": null,
      "fcf": 5084000000,
      "ocf": 5143000000,
      "capex": -59000000,
      "gross_margin": null,
      "op_margin": null,
      "fcf_margin": 0.24910578666274683,
      "rev_growth_yoy": 0.1836450630709004,
      "rev_growth_yoy_accel": -0.016755145321635356,
      "fcf_margin_change": 0.10617959733733082
    },
    {
      "date": "2025-06-30T00:00:00",
      "quarter_label": "2025-06 (Q2)",
      "revenue": 22004000000,
      "gross_profit": null,
      "operating_income": null,
      "net_income": 3175000000,
      "opex": null,
      "cogs": null,
      "rd": null,
      "sga": null,
      "fcf": 3938000000,
      "ocf": 4040000000,
      "capex": -102000000,
      "gross_margin": null,
      "op_margin": null,
      "fcf_margin": 0.17896746046173423,
      "rev_growth_yoy": 0.2133911978957004,
      "rev_growth_yoy_accel": 0.029746134824800013,
      "fcf_margin_change": -0.0701383262010126
    },
    {
      "date": "2025-09-30T00:00:00",
      "quarter_label": "2025-09 (Q3)",
      "revenue": 22512000000,
      "gross_profit": null,
      "operating_income": null,
      "net_income": 2615000000,
      "opex": null,
      "cogs": null,
      "rd": null,
      "sga": null,
      "fcf": 5129000000,
      "ocf": 5195000000,
      "capex": -66000000,
      "gross_margin": null,
      "op_margin": null,
      "fcf_margin": 0.22783404406538735,
      "rev_growth_yoy": 0.14164004259850904,
      "rev_growth_yoy_accel": -0.07175115529719137,
      "fcf_margin_change": 0.04886658360365312
    }
  ],
  "signals": [
    {
      "quarter": "2025-09 (Q3)",
      "signal": "YoY REVENUE GROWTH DECELERATION",
      "detail": "YoY growth: +14.2% vs prior quarter YoY: +21.3% (decel: -7.2%)",
      "severity": "WARNING"
    },
    {
      "quarter": "2025-03 (Q1)",
      "signal": "FCF MARGIN EXPANSION",
      "detail": "FCF margin: +14.3% -> +24.9% (+10.6%)",
      "severity": "MEDIUM"
    },
    {
      "quarter": "2024-12 (Q4)",
      "signal": "YoY REVENUE GROWTH DECELERATION",
      "detail": "YoY growth: +20.0% vs prior quarter YoY: +26.7% (decel: -6.7%)",
      "severity": "WARNING"
    },
    {
      "quarter": "2024-09 (Q3)",
      "signal": "FCF MARGIN EXPANSION",
      "detail": "FCF margin: +17.6% -> +23.1% (+5.4%)",
      "severity": "MEDIUM"
    },
    {
      "quarter": "2024-09 (Q3)",
      "signal": "YoY REVENUE GROWTH ACCELERATION",
      "detail": "YoY growth: +26.7% vs prior quarter YoY: +18.1% (accel: +8.6%)",
      "severity": "MEDIUM"
    },
    {
      "quarter": "2024-03 (Q1)",
      "signal": "FCF MARGIN EXPANSION",
      "detail": "FCF margin: +13.9% -> +24.3% (+10.3%)",
      "severity": "MEDIUM"
    },
    {
      "quarter": "2023-09 (Q3)",
      "signal": "FCF MARGIN EXPANSION",
      "detail": "FCF margin: +14.6% -> +21.7% (+7.1%)",
      "severity": "MEDIUM"
    },
    {
      "quarter": "2023-09 (Q3)",
      "signal": "YoY REVENUE GROWTH DECELERATION",
      "detail": "YoY growth: +21.8% vs prior quarter YoY: +33.3% (decel: -11.5%)",
      "severity": "WARNING"
    },
    {
      "quarter": "2023-06 (Q2)",
      "signal": "YoY REVENUE GROWTH ACCELERATION",
      "detail": "YoY growth: +33.3% vs prior quarter YoY: +20.8% (accel: +12.5%)",
      "severity": "MEDIUM"
    },
    {
      "quarter": "2023-03 (Q1)",
      "signal": "FCF MARGIN EXPANSION",
      "detail": "FCF margin: +6.6% -> +16.8% (+10.3%)",
      "severity": "MEDIUM"
    },
    {
      "quarter": "2023-03 (Q1)",
      "signal": "YoY REVENUE GROWTH ACCELERATION",
      "detail": "YoY growth: +20.8% vs prior quarter YoY: +7.8% (accel: +13.0%)",
      "severity": "MEDIUM"
    },
    {
      "quarter": "2022-09 (Q3)",
      "signal": "YoY REVENUE GROWTH ACCELERATION",
      "detail": "YoY growth: +7.8% vs prior quarter YoY: -3.2% (accel: +11.0%)",
      "severity": "MEDIUM"
    },
    {
      "quarter": "2022-06 (Q2)",
      "signal": "YoY REVENUE GROWTH DECELERATION",
      "detail": "YoY growth: -3.2% vs prior quarter YoY: +3.5% (decel: -6.7%)",
      "severity": "WARNING"
    },
    {
      "quarter": "2022-03 (Q1)",
      "signal": "FCF MARGIN EXPANSION",
      "detail": "FCF margin: +3.2% -> +20.5% (+17.3%)",
      "severity": "MEDIUM"
    },
    {
      "quarter": "2022-03 (Q1)",
      "signal": "YoY REVENUE GROWTH DECELERATION",
      "detail": "YoY growth: +3.5% vs prior quarter YoY: +9.4% (decel: -6.0%)",
      "severity": "WARNING"
    },
    {
      "quarter": "2021-03 (Q1)",
      "signal": "FCF MARGIN EXPANSION",
      "detail": "FCF margin: +13.1% -> +22.4% (+9.3%)",
      "severity": "MEDIUM"
    }
  ],
  "data_quality": {
    "n_quarters": 20,
    "coverage": {
      "revenue": [
        20,
        20
      ],
      "gross_profit": [
        0,
        20
      ],
      "op_income": [
        0,
        20
      ],
      "fcf": [
        20,
        20
      ]
    },
    "gaps": [],
    "warnings": [
      "gross_profit: no data",
      "op_income: no data"
    ]
  },
  "market_cap": null,
  "source": "SEC EDGAR",
  "last_updated": "2026-02-02T19:48:36.701224"
}