{
  "ticker": "PHIN",
  "name": "PHINIA INC.",
  "sector": "Consumer Cyclical",
  "industry": "Auto Parts",
  "quarters": [
    {
      "date": "2022-03-31T00:00:00",
      "quarter_label": "2022-03 (Q1)",
      "revenue": 842000000,
      "gross_profit": 174000000,
      "operating_income": 71000000,
      "net_income": null,
      "opex": 103000000,
      "cogs": null,
      "rd": null,
      "sga": 100000000,
      "fcf": null,
      "ocf": null,
      "capex": null,
      "gross_margin": 0.20665083135391923,
      "op_margin": 0.08432304038004751,
      "fcf_margin": null
    },
    {
      "date": "2022-06-30T00:00:00",
      "quarter_label": "2022-06 (Q2)",
      "revenue": 796000000,
      "gross_profit": 158000000,
      "operating_income": 49000000,
      "net_income": 41000000,
      "opex": 109000000,
      "cogs": null,
      "rd": 29000000,
      "sga": 101000000,
      "fcf": null,
      "ocf": null,
      "capex": null,
      "gross_margin": 0.1984924623115578,
      "op_margin": 0.06155778894472362,
      "fcf_margin": null
    },
    {
      "date": "2022-09-30T00:00:00",
      "quarter_label": "2022-09 (Q3)",
      "revenue": 859000000,
      "gross_profit": 201000000,
      "operating_income": 111000000,
      "net_income": 89000000,
      "opex": 90000000,
      "cogs": 658000000,
      "rd": 24000000,
      "sga": 100000000,
      "fcf": 45000000,
      "ocf": 45000000,
      "capex": null,
      "gross_margin": 0.2339930151338766,
      "op_margin": 0.12922002328288706,
      "fcf_margin": 0.05238649592549476,
      "op_leverage_ratio": null
    },
    {
      "date": "2022-12-31T00:00:00",
      "quarter_label": "2022-12 (Q4)",
      "revenue": 851000000,
      "gross_profit": 188000000,
      "operating_income": 87000000,
      "net_income": 75000000,
      "opex": 101000000,
      "cogs": 663000000,
      "rd": 26000000,
      "sga": 106000000,
      "fcf": 181000000,
      "ocf": 181000000,
      "capex": null,
      "gross_margin": 0.2209165687426557,
      "op_margin": 0.10223266745005875,
      "fcf_margin": 0.21269095182138661,
      "fcf_margin_change": 0.16030445589589185
    },
    {
      "date": "2023-03-31T00:00:00",
      "quarter_label": "2023-03 (Q1)",
      "revenue": 835000000,
      "gross_profit": 172000000,
      "operating_income": 58000000,
      "net_income": 35000000,
      "opex": 114000000,
      "cogs": 663000000,
      "rd": 29000000,
      "sga": 99000000,
      "fcf": -33000000,
      "ocf": -33000000,
      "capex": null,
      "gross_margin": 0.2059880239520958,
      "op_margin": 0.06946107784431138,
      "fcf_margin": -0.03952095808383234,
      "incr_op_margin_yoy": 1.8571428571428572,
      "rev_growth_yoy": -0.00831353919239905,
      "fcf_margin_change": -0.25221190990521897
    },
    {
      "date": "2023-06-30T00:00:00",
      "quarter_label": "2023-06 (Q2)",
      "revenue": 887000000,
      "gross_profit": 189000000,
      "operating_income": 56000000,
      "net_income": 35000000,
      "opex": 133000000,
      "cogs": 698000000,
      "rd": 28000000,
      "sga": 103000000,
      "fcf": 66000000,
      "ocf": 66000000,
      "capex": null,
      "gross_margin": 0.21307779030439683,
      "op_margin": 0.06313416009019165,
      "fcf_margin": 0.07440811724915446,
      "incr_op_margin_yoy": 0.07692307692307693,
      "rev_growth_yoy": 0.114321608040201,
      "rev_growth_yoy_accel": 0.12263514723260005,
      "op_leverage_ratio": 0.3736526946107785,
      "fcf_margin_change": 0.1139290753329868
    },
    {
      "date": "2023-09-30T00:00:00",
      "quarter_label": "2023-09 (Q3)",
      "revenue": 896000000,
      "gross_profit": 177000000,
      "operating_income": 58000000,
      "net_income": 11000000,
      "opex": 119000000,
      "cogs": 719000000,
      "rd": 24000000,
      "sga": 104000000,
      "fcf": 155000000,
      "ocf": 155000000,
      "capex": null,
      "gross_margin": 0.19754464285714285,
      "op_margin": 0.06473214285714286,
      "fcf_margin": 0.17299107142857142,
      "incr_op_margin_yoy": -1.4324324324324325,
      "rev_growth_yoy": 0.04307334109429569,
      "rev_growth_yoy_accel": -0.0712482669459053,
      "op_leverage_ratio": null,
      "fcf_margin_change": 0.09858295417941697
    },
    {
      "date": "2023-12-31T00:00:00",
      "quarter_label": "2023-12 (Q4)",
      "revenue": 882000000,
      "gross_profit": 186000000,
      "operating_income": 81000000,
      "net_income": 21000000,
      "opex": 105000000,
      "cogs": 696000000,
      "rd": 27000000,
      "sga": 107000000,
      "fcf": 62000000,
      "ocf": 62000000,
      "capex": null,
      "gross_margin": 0.2108843537414966,
      "op_margin": 0.09183673469387756,
      "fcf_margin": 0.07029478458049887,
      "incr_op_margin_yoy": -0.1935483870967742,
      "rev_growth_yoy": 0.036427732079905996,
      "rev_growth_yoy_accel": -0.0066456090143896945,
      "fcf_margin_change": -0.10269628684807255
    },
    {
      "date": "2024-03-31T00:00:00",
      "quarter_label": "2024-03 (Q1)",
      "revenue": 863000000,
      "gross_profit": 192000000,
      "operating_income": 71000000,
      "net_income": 29000000,
      "opex": 121000000,
      "cogs": 671000000,
      "rd": 27000000,
      "sga": 104000000,
      "fcf": 31000000,
      "ocf": 31000000,
      "capex": null,
      "gross_margin": 0.22247972190034762,
      "op_margin": 0.08227114716106605,
      "fcf_margin": 0.03592120509849363,
      "incr_op_margin_yoy": 0.4642857142857143,
      "rev_growth_yoy": 0.033532934131736525,
      "rev_growth_yoy_accel": -0.002894797948169471,
      "fcf_margin_change": -0.03437357948200524
    },
    {
      "date": "2024-06-30T00:00:00",
      "quarter_label": "2024-06 (Q2)",
      "revenue": 868000000,
      "gross_profit": 188000000,
      "operating_income": 71000000,
      "net_income": 14000000,
      "opex": 117000000,
      "cogs": 680000000,
      "rd": 30000000,
      "sga": 112000000,
      "fcf": 109000000,
      "ocf": 109000000,
      "capex": null,
      "gross_margin": 0.21658986175115208,
      "op_margin": 0.08179723502304148,
      "fcf_margin": 0.12557603686635946,
      "incr_op_margin_yoy": -0.7894736842105263,
      "rev_growth_yoy": -0.02142051860202931,
      "rev_growth_yoy_accel": -0.05495345273376584,
      "fcf_margin_change": 0.08965483176786583
    },
    {
      "date": "2024-09-30T00:00:00",
      "quarter_label": "2024-09 (Q3)",
      "revenue": 839000000,
      "gross_profit": 187000000,
      "operating_income": 66000000,
      "net_income": 31000000,
      "opex": 121000000,
      "cogs": 652000000,
      "rd": 26000000,
      "sga": 108000000,
      "fcf": 95000000,
      "ocf": 95000000,
      "capex": null,
      "gross_margin": 0.22288438617401668,
      "op_margin": 0.07866507747318235,
      "fcf_margin": 0.11323003575685339,
      "incr_op_margin_yoy": -0.14035087719298245,
      "rev_growth_yoy": -0.06361607142857142,
      "rev_growth_yoy_accel": -0.04219555282654211,
      "fcf_margin_change": -0.012346001109506066
    },
    {
      "date": "2024-12-31T00:00:00",
      "quarter_label": "2024-12 (Q4)",
      "revenue": 833000000,
      "gross_profit": 189000000,
      "operating_income": 51000000,
      "net_income": 5000000,
      "opex": 138000000,
      "cogs": 644000000,
      "rd": 29000000,
      "sga": 118000000,
      "fcf": 73000000,
      "ocf": 73000000,
      "capex": null,
      "gross_margin": 0.226890756302521,
      "op_margin": 0.061224489795918366,
      "fcf_margin": 0.08763505402160865,
      "incr_op_margin_yoy": 0.6122448979591837,
      "rev_growth_yoy": -0.05555555555555555,
      "rev_growth_yoy_accel": 0.008060515873015872,
      "fcf_margin_change": -0.025594981735244743
    },
    {
      "date": "2025-03-31T00:00:00",
      "quarter_label": "2025-03 (Q1)",
      "revenue": 796000000,
      "gross_profit": 172000000,
      "operating_income": 62000000,
      "net_income": 26000000,
      "opex": 110000000,
      "cogs": 624000000,
      "rd": 28000000,
      "sga": 107000000,
      "fcf": 40000000,
      "ocf": 40000000,
      "capex": null,
      "gross_margin": 0.21608040201005024,
      "op_margin": 0.07788944723618091,
      "fcf_margin": 0.05025125628140704,
      "incr_op_margin_yoy": 0.13432835820895522,
      "rev_growth_yoy": -0.0776361529548088,
      "rev_growth_yoy_accel": -0.02208059739925325,
      "fcf_margin_change": -0.03738379774020161
    },
    {
      "date": "2025-06-30T00:00:00",
      "quarter_label": "2025-06 (Q2)",
      "revenue": 890000000,
      "gross_profit": 197000000,
      "operating_income": 89000000,
      "net_income": 46000000,
      "opex": 108000000,
      "cogs": 693000000,
      "rd": 30000000,
      "sga": 112000000,
      "fcf": 57000000,
      "ocf": 57000000,
      "capex": null,
      "gross_margin": 0.22134831460674156,
      "op_margin": 0.1,
      "fcf_margin": 0.06404494382022471,
      "incr_op_margin_yoy": 0.8181818181818182,
      "rev_growth_yoy": 0.02534562211981567,
      "rev_growth_yoy_accel": 0.10298177507462447,
      "op_leverage_ratio": null,
      "fcf_margin_change": 0.013793687538817677
    },
    {
      "date": "2025-09-30T00:00:00",
      "quarter_label": "2025-09 (Q3)",
      "revenue": 908000000,
      "gross_profit": 200000000,
      "operating_income": 34000000,
      "net_income": 13000000,
      "opex": 166000000,
      "cogs": 708000000,
      "rd": 20000000,
      "sga": 105000000,
      "fcf": 119000000,
      "ocf": 119000000,
      "capex": null,
      "gross_margin": 0.22026431718061673,
      "op_margin": 0.037444933920704845,
      "fcf_margin": 0.13105726872246695,
      "incr_op_margin_yoy": -0.463768115942029,
      "rev_growth_yoy": 0.08224076281287247,
      "rev_growth_yoy_accel": 0.0568951406930568,
      "op_leverage_ratio": 0.037659821774506,
      "fcf_margin_change": 0.06701232490224224
    },
    {
      "date": "2025-12-31T00:00:00",
      "quarter_label": "2025-12 (Q4)",
      "revenue": 889000000,
      "gross_profit": 193000000,
      "operating_income": 69000000,
      "net_income": 45000000,
      "opex": 124000000,
      "cogs": 696000000,
      "rd": 27000000,
      "sga": 121000000,
      "fcf": 96000000,
      "ocf": 96000000,
      "capex": null,
      "gross_margin": 0.2170978627671541,
      "op_margin": 0.07761529808773904,
      "fcf_margin": 0.10798650168728909,
      "incr_op_margin_yoy": 0.32142857142857145,
      "rev_growth_yoy": 0.06722689075630252,
      "rev_growth_yoy_accel": -0.015013872056569955,
      "fcf_margin_change": -0.023070767035177867
    }
  ],
  "signals": [
    {
      "quarter": "2025-12 (Q4)",
      "signal": "INCREMENTAL MARGIN (YoY)",
      "detail": "YoY Incr OPM: +32.1% vs year-ago OPM: +6.1%",
      "severity": "HIGH"
    },
    {
      "quarter": "2025-09 (Q3)",
      "signal": "FCF MARGIN EXPANSION",
      "detail": "FCF margin: +6.4% -> +13.1% (+6.7%)",
      "severity": "MEDIUM"
    },
    {
      "quarter": "2025-09 (Q3)",
      "signal": "YoY REVENUE GROWTH ACCELERATION",
      "detail": "YoY growth: +8.2% vs prior quarter YoY: +2.5% (accel: +5.7%)",
      "severity": "MEDIUM"
    },
    {
      "quarter": "2025-06 (Q2)",
      "signal": "YoY REVENUE GROWTH ACCELERATION",
      "detail": "YoY growth: +2.5% vs prior quarter YoY: -7.8% (accel: +10.3%)",
      "severity": "MEDIUM"
    },
    {
      "quarter": "2025-06 (Q2)",
      "signal": "INCREMENTAL MARGIN (YoY)",
      "detail": "YoY Incr OPM: +81.8% vs year-ago OPM: +8.2%",
      "severity": "HIGH"
    },
    {
      "quarter": "2024-12 (Q4)",
      "signal": "INCREMENTAL MARGIN (YoY)",
      "detail": "YoY Incr OPM: +61.2% vs year-ago OPM: +9.2%",
      "severity": "HIGH"
    },
    {
      "quarter": "2024-06 (Q2)",
      "signal": "FCF MARGIN EXPANSION",
      "detail": "FCF margin: +3.6% -> +12.6% (+9.0%)",
      "severity": "MEDIUM"
    },
    {
      "quarter": "2024-06 (Q2)",
      "signal": "YoY REVENUE GROWTH DECELERATION",
      "detail": "YoY growth: -2.1% vs prior quarter YoY: +3.4% (decel: -5.5%)",
      "severity": "WARNING"
    },
    {
      "quarter": "2024-03 (Q1)",
      "signal": "INCREMENTAL MARGIN (YoY)",
      "detail": "YoY Incr OPM: +46.4% vs year-ago OPM: +6.9%",
      "severity": "HIGH"
    },
    {
      "quarter": "2023-09 (Q3)",
      "signal": "FCF MARGIN EXPANSION",
      "detail": "FCF margin: +7.4% -> +17.3% (+9.9%)",
      "severity": "MEDIUM"
    },
    {
      "quarter": "2023-09 (Q3)",
      "signal": "YoY REVENUE GROWTH DECELERATION",
      "detail": "YoY growth: +4.3% vs prior quarter YoY: +11.4% (decel: -7.1%)",
      "severity": "WARNING"
    },
    {
      "quarter": "2023-06 (Q2)",
      "signal": "FCF TURNED POSITIVE",
      "detail": "FCF margin: -4.0% -> +7.4%",
      "severity": "HIGH"
    },
    {
      "quarter": "2023-06 (Q2)",
      "signal": "YoY REVENUE GROWTH ACCELERATION",
      "detail": "YoY growth: +11.4% vs prior quarter YoY: -0.8% (accel: +12.3%)",
      "severity": "MEDIUM"
    },
    {
      "quarter": "2023-03 (Q1)",
      "signal": "INCREMENTAL MARGIN (YoY)",
      "detail": "YoY Incr OPM: +185.7% vs year-ago OPM: +8.4%",
      "severity": "HIGH"
    },
    {
      "quarter": "2022-12 (Q4)",
      "signal": "FCF MARGIN EXPANSION",
      "detail": "FCF margin: +5.2% -> +21.3% (+16.0%)",
      "severity": "MEDIUM"
    },
    {
      "quarter": "2022-09 (Q3)",
      "signal": "GROSS MARGIN INFLECTION",
      "detail": "GM: +20.7% -> +19.8% -> +23.4% (reversal +3.6%)",
      "severity": "MEDIUM"
    }
  ],
  "data_quality": {
    "n_quarters": 16,
    "coverage": {
      "revenue": [
        16,
        16
      ],
      "gross_profit": [
        16,
        16
      ],
      "op_income": [
        16,
        16
      ],
      "fcf": [
        14,
        16
      ]
    },
    "gaps": [],
    "warnings": []
  },
  "market_cap": null,
  "source": "SEC EDGAR",
  "last_updated": "2026-02-24T10:52:24.569964"
}