{
  "ticker": "PHM",
  "name": "PULTEGROUP, INC.",
  "quarters": [
    {
      "date": "2020-12-31T00:00:00",
      "quarter_label": "2020-12 (Q4)",
      "revenue": 3192363000,
      "gross_profit": null,
      "operating_income": null,
      "net_income": 438111000,
      "opex": null,
      "cogs": null,
      "rd": null,
      "sga": 279657000,
      "fcf": 506288000,
      "ocf": 517717000,
      "capex": -11429000,
      "gross_margin": null,
      "op_margin": null,
      "fcf_margin": 0.15859349328381517
    },
    {
      "date": "2021-03-31T00:00:00",
      "quarter_label": "2021-03 (Q1)",
      "revenue": 2729791000,
      "gross_profit": null,
      "operating_income": null,
      "net_income": 304107000,
      "opex": null,
      "cogs": null,
      "rd": null,
      "sga": 271686000,
      "fcf": 161996000,
      "ocf": 176748000,
      "capex": -14752000,
      "gross_margin": null,
      "op_margin": null,
      "fcf_margin": 0.059343737304431,
      "fcf_margin_change": -0.09924975597938417
    },
    {
      "date": "2021-06-30T00:00:00",
      "quarter_label": "2021-06 (Q2)",
      "revenue": 3359484000,
      "gross_profit": null,
      "operating_income": null,
      "net_income": 503399000,
      "opex": null,
      "cogs": null,
      "rd": null,
      "sga": 272286000,
      "fcf": 238525000,
      "ocf": 255320000,
      "capex": -16795000,
      "gross_margin": null,
      "op_margin": null,
      "fcf_margin": 0.07100048697954806,
      "fcf_margin_change": 0.011656749675117054
    },
    {
      "date": "2021-09-30T00:00:00",
      "quarter_label": "2021-09 (Q3)",
      "revenue": 3479050000,
      "gross_profit": null,
      "operating_income": null,
      "net_income": 475549000,
      "opex": null,
      "cogs": null,
      "rd": null,
      "sga": 320506000,
      "fcf": 95570000,
      "ocf": 116157000,
      "capex": -20587000,
      "gross_margin": null,
      "op_margin": null,
      "fcf_margin": 0.027470142711372356,
      "fcf_margin_change": -0.0435303442681757
    },
    {
      "date": "2021-12-31T00:00:00",
      "quarter_label": "2021-12 (Q4)",
      "revenue": 4358558000,
      "gross_profit": null,
      "operating_income": null,
      "net_income": 663265000,
      "opex": null,
      "cogs": null,
      "rd": null,
      "sga": 344220000,
      "fcf": 435149000,
      "ocf": 455796000,
      "capex": -20647000,
      "gross_margin": null,
      "op_margin": null,
      "fcf_margin": 0.09983783627520845,
      "rev_growth_yoy": 0.3653077673184409,
      "fcf_margin_change": 0.0723676935638361
    },
    {
      "date": "2022-03-31T00:00:00",
      "quarter_label": "2022-03 (Q1)",
      "revenue": 3187615000,
      "gross_profit": null,
      "operating_income": null,
      "net_income": 454723000,
      "opex": null,
      "cogs": null,
      "rd": null,
      "sga": 329022000,
      "fcf": 176980000,
      "ocf": 207666000,
      "capex": -30686000,
      "gross_margin": null,
      "op_margin": null,
      "fcf_margin": 0.05552113413947418,
      "rev_growth_yoy": 0.16771393853961714,
      "rev_growth_yoy_accel": -0.19759382877882375,
      "fcf_margin_change": -0.04431670213573427
    },
    {
      "date": "2022-06-30T00:00:00",
      "quarter_label": "2022-06 (Q2)",
      "revenue": 3926186000,
      "gross_profit": 1309608000,
      "operating_income": null,
      "net_income": 652435000,
      "opex": null,
      "cogs": 2616578000,
      "rd": null,
      "sga": 351256000,
      "fcf": -137194000,
      "ocf": -105323000,
      "capex": -31871000,
      "gross_margin": 0.3335572996286982,
      "op_margin": null,
      "fcf_margin": -0.0349433266788685,
      "rev_growth_yoy": 0.1686872150604081,
      "rev_growth_yoy_accel": 0.000973276520790961,
      "fcf_margin_change": -0.09046446081834268
    },
    {
      "date": "2022-09-30T00:00:00",
      "quarter_label": "2022-09 (Q3)",
      "revenue": 3943816000,
      "gross_profit": 1280660000,
      "operating_income": null,
      "net_income": 627928000,
      "opex": null,
      "cogs": 2663156000,
      "rd": null,
      "sga": 350112000,
      "fcf": -432296000,
      "ocf": -406268000,
      "capex": -26028000,
      "gross_margin": 0.32472610284049763,
      "op_margin": null,
      "fcf_margin": -0.10961363309038759,
      "rev_growth_yoy": 0.1335899167876288,
      "rev_growth_yoy_accel": -0.0350972982727793,
      "fcf_margin_change": -0.07467030641151909
    },
    {
      "date": "2022-12-31T00:00:00",
      "quarter_label": "2022-12 (Q4)",
      "revenue": 5171378000,
      "gross_profit": null,
      "operating_income": null,
      "net_income": 882231000,
      "opex": null,
      "cogs": null,
      "rd": null,
      "sga": 350831000,
      "fcf": 948315000,
      "ocf": 972391000,
      "capex": -24076000,
      "gross_margin": null,
      "op_margin": null,
      "fcf_margin": 0.18337762198006025,
      "rev_growth_yoy": 0.18648828351028024,
      "rev_growth_yoy_accel": 0.05289836672265144,
      "fcf_margin_change": 0.2929912550704478
    },
    {
      "date": "2023-03-31T00:00:00",
      "quarter_label": "2023-03 (Q1)",
      "revenue": 3575641000,
      "gross_profit": 1078345000,
      "operating_income": null,
      "net_income": 532259000,
      "opex": null,
      "cogs": 2497296000,
      "rd": null,
      "sga": 336518000,
      "fcf": 687625000,
      "ocf": 711368000,
      "capex": -23743000,
      "gross_margin": 0.30158089137024663,
      "op_margin": null,
      "fcf_margin": 0.19230817635215616,
      "rev_growth_yoy": 0.12172925525824166,
      "rev_growth_yoy_accel": -0.06475902825203858,
      "fcf_margin_change": 0.008930554372095917
    },
    {
      "date": "2023-06-30T00:00:00",
      "quarter_label": "2023-06 (Q2)",
      "revenue": 4188753000,
      "gross_profit": 1299898000,
      "operating_income": null,
      "net_income": 720345000,
      "opex": null,
      "cogs": 2888855000,
      "rd": null,
      "sga": 314637000,
      "fcf": 717882000,
      "ocf": 739215000,
      "capex": -21333000,
      "gross_margin": 0.31033054467522914,
      "op_margin": null,
      "fcf_margin": 0.17138322550888058,
      "rev_growth_yoy": 0.06687584337573411,
      "rev_growth_yoy_accel": -0.054853411882507544,
      "fcf_margin_change": -0.020924950843275586
    },
    {
      "date": "2023-09-30T00:00:00",
      "quarter_label": "2023-09 (Q3)",
      "revenue": 4003533000,
      "gross_profit": 1228930000,
      "operating_income": null,
      "net_income": 638775000,
      "opex": null,
      "cogs": 2774603000,
      "rd": null,
      "sga": 353167000,
      "fcf": 435276000,
      "ocf": 457761000,
      "capex": -22485000,
      "gross_margin": 0.3069613763643262,
      "op_margin": null,
      "fcf_margin": 0.10872297043636209,
      "rev_growth_yoy": 0.015141933599336277,
      "rev_growth_yoy_accel": -0.051733909776397836,
      "fcf_margin_change": -0.06266025507251849
    },
    {
      "date": "2023-12-31T00:00:00",
      "quarter_label": "2023-12 (Q4)",
      "revenue": 4293652000,
      "gross_profit": null,
      "operating_income": null,
      "net_income": 710993000,
      "opex": null,
      "cogs": null,
      "rd": null,
      "sga": 308319000,
      "fcf": 263778000,
      "ocf": 288418000,
      "capex": -24640000,
      "gross_margin": null,
      "op_margin": null,
      "fcf_margin": 0.06143441527166151,
      "rev_growth_yoy": -0.1697276818673862,
      "rev_growth_yoy_accel": -0.18486961546672248,
      "fcf_margin_change": -0.047288555164700576
    },
    {
      "date": "2024-03-31T00:00:00",
      "quarter_label": "2024-03 (Q1)",
      "revenue": 3949160000,
      "gross_profit": 1223030000,
      "operating_income": null,
      "net_income": 662976000,
      "opex": null,
      "cogs": 2726130000,
      "rd": null,
      "sga": 357594000,
      "fcf": 215711000,
      "ocf": 239787000,
      "capex": -24076000,
      "gross_margin": 0.3096937070161756,
      "op_margin": null,
      "fcf_margin": 0.05462199556361353,
      "rev_growth_yoy": 0.10446210903163936,
      "rev_growth_yoy_accel": 0.27418979089902557,
      "fcf_margin_change": -0.0068124197080479815
    },
    {
      "date": "2024-06-30T00:00:00",
      "quarter_label": "2024-06 (Q2)",
      "revenue": 4599655000,
      "gross_profit": 1443300000,
      "operating_income": null,
      "net_income": 809133000,
      "opex": null,
      "cogs": 3156355000,
      "rd": null,
      "sga": 361145000,
      "fcf": 386236000,
      "ocf": 417477000,
      "capex": -31241000,
      "gross_margin": 0.31378440339547203,
      "op_margin": null,
      "fcf_margin": 0.08397064562450879,
      "rev_growth_yoy": 0.09809649793148462,
      "rev_growth_yoy_accel": -0.006365611100154739,
      "fcf_margin_change": 0.029348650060895258
    },
    {
      "date": "2024-09-30T00:00:00",
      "quarter_label": "2024-09 (Q3)",
      "revenue": 4476342000,
      "gross_profit": 1359788000,
      "operating_income": null,
      "net_income": 697914000,
      "opex": null,
      "cogs": 3116554000,
      "rd": null,
      "sga": 406897000,
      "fcf": 417172000,
      "ocf": 455920000,
      "capex": -38748000,
      "gross_margin": 0.3037721425217287,
      "op_margin": null,
      "fcf_margin": 0.09319484525534466,
      "rev_growth_yoy": 0.11809793999449986,
      "rev_growth_yoy_accel": 0.02000144206301524,
      "fcf_margin_change": 0.009224199630835872
    },
    {
      "date": "2024-12-31T00:00:00",
      "quarter_label": "2024-12 (Q4)",
      "revenue": 4921794000,
      "gross_profit": null,
      "operating_income": null,
      "net_income": 913239000,
      "opex": null,
      "cogs": null,
      "rd": null,
      "sga": 195639000,
      "fcf": 543130000,
      "ocf": 567610000,
      "capex": -24480000,
      "gross_margin": null,
      "op_margin": null,
      "fcf_margin": 0.11035203830148113,
      "rev_growth_yoy": 0.14629550788000517,
      "rev_growth_yoy_accel": 0.028197567885505315,
      "fcf_margin_change": 0.01715719304613647
    },
    {
      "date": "2025-03-31T00:00:00",
      "quarter_label": "2025-03 (Q1)",
      "revenue": 3892650000,
      "gross_profit": 1122580000,
      "operating_income": null,
      "net_income": 522799000,
      "opex": null,
      "cogs": 2770070000,
      "rd": null,
      "sga": 393337000,
      "fcf": 104622000,
      "ocf": 134228000,
      "capex": -29606000,
      "gross_margin": 0.28838451954324174,
      "op_margin": null,
      "fcf_margin": 0.026876806288775,
      "rev_growth_yoy": -0.014309372119640633,
      "rev_growth_yoy_accel": -0.16060487999964582,
      "fcf_margin_change": -0.08347523201270612
    },
    {
      "date": "2025-06-30T00:00:00",
      "quarter_label": "2025-06 (Q2)",
      "revenue": 4403755000,
      "gross_profit": 1257817000,
      "operating_income": null,
      "net_income": 608483000,
      "opex": null,
      "cogs": 3145938000,
      "rd": null,
      "sga": 390453000,
      "fcf": 252973000,
      "ocf": 287505000,
      "capex": -34532000,
      "gross_margin": 0.28562374609850005,
      "op_margin": null,
      "fcf_margin": 0.05744483968794813,
      "rev_growth_yoy": -0.042590150783047856,
      "rev_growth_yoy_accel": -0.028280778663407224,
      "fcf_margin_change": 0.030568033399173127
    },
    {
      "date": "2025-09-30T00:00:00",
      "quarter_label": "2025-09 (Q3)",
      "revenue": 4404799000,
      "gross_profit": 1223189000,
      "operating_income": null,
      "net_income": 585834000,
      "opex": null,
      "cogs": 3181610000,
      "rd": null,
      "sga": 400681000,
      "fcf": 651126000,
      "ocf": 678389000,
      "capex": -27263000,
      "gross_margin": 0.27769462352311647,
      "op_margin": null,
      "fcf_margin": 0.14782195509942678,
      "rev_growth_yoy": -0.015982469614698788,
      "rev_growth_yoy_accel": 0.02660768116834907,
      "fcf_margin_change": 0.09037711541147865
    }
  ],
  "signals": [
    {
      "quarter": "2025-09 (Q3)",
      "signal": "FCF MARGIN EXPANSION",
      "detail": "FCF margin: +5.7% -> +14.8% (+9.0%)",
      "severity": "MEDIUM"
    },
    {
      "quarter": "2025-03 (Q1)",
      "signal": "YoY REVENUE GROWTH DECELERATION",
      "detail": "YoY growth: -1.4% vs prior quarter YoY: +14.6% (decel: -16.1%)",
      "severity": "WARNING"
    },
    {
      "quarter": "2024-03 (Q1)",
      "signal": "YoY REVENUE GROWTH ACCELERATION",
      "detail": "YoY growth: +10.4% vs prior quarter YoY: -17.0% (accel: +27.4%)",
      "severity": "HIGH"
    },
    {
      "quarter": "2023-12 (Q4)",
      "signal": "YoY REVENUE GROWTH DECELERATION",
      "detail": "YoY growth: -17.0% vs prior quarter YoY: +1.5% (decel: -18.5%)",
      "severity": "WARNING"
    },
    {
      "quarter": "2023-09 (Q3)",
      "signal": "YoY REVENUE GROWTH DECELERATION",
      "detail": "YoY growth: +1.5% vs prior quarter YoY: +6.7% (decel: -5.2%)",
      "severity": "WARNING"
    },
    {
      "quarter": "2023-06 (Q2)",
      "signal": "YoY REVENUE GROWTH DECELERATION",
      "detail": "YoY growth: +6.7% vs prior quarter YoY: +12.2% (decel: -5.5%)",
      "severity": "WARNING"
    },
    {
      "quarter": "2023-03 (Q1)",
      "signal": "YoY REVENUE GROWTH DECELERATION",
      "detail": "YoY growth: +12.2% vs prior quarter YoY: +18.6% (decel: -6.5%)",
      "severity": "WARNING"
    },
    {
      "quarter": "2022-12 (Q4)",
      "signal": "FCF TURNED POSITIVE",
      "detail": "FCF margin: -11.0% -> +18.3%",
      "severity": "HIGH"
    },
    {
      "quarter": "2022-12 (Q4)",
      "signal": "YoY REVENUE GROWTH ACCELERATION",
      "detail": "YoY growth: +18.6% vs prior quarter YoY: +13.4% (accel: +5.3%)",
      "severity": "MEDIUM"
    },
    {
      "quarter": "2022-03 (Q1)",
      "signal": "YoY REVENUE GROWTH DECELERATION",
      "detail": "YoY growth: +16.8% vs prior quarter YoY: +36.5% (decel: -19.8%)",
      "severity": "WARNING"
    },
    {
      "quarter": "2021-12 (Q4)",
      "signal": "FCF MARGIN EXPANSION",
      "detail": "FCF margin: +2.7% -> +10.0% (+7.2%)",
      "severity": "MEDIUM"
    }
  ],
  "data_quality": {
    "n_quarters": 20,
    "coverage": {
      "revenue": [
        20,
        20
      ],
      "gross_profit": [
        11,
        20
      ],
      "op_income": [
        0,
        20
      ],
      "fcf": [
        20,
        20
      ]
    },
    "gaps": [],
    "warnings": [
      "gross_profit: 11/20Q",
      "op_income: no data"
    ]
  },
  "market_cap": null,
  "source": "SEC EDGAR",
  "last_updated": "2026-02-02T20:14:05.978403"
}