{
  "ticker": "PIII",
  "name": "P3 Health Partners Inc.",
  "quarters": [
    {
      "date": "2021-03-31T00:00:00",
      "quarter_label": "2021-03 (Q1)",
      "revenue": 151297940,
      "gross_profit": null,
      "operating_income": -482211,
      "net_income": 4818956,
      "opex": 164286370,
      "cogs": null,
      "rd": null,
      "sga": null,
      "fcf": -13777897,
      "ocf": -13121720,
      "capex": -656177,
      "gross_margin": null,
      "op_margin": -0.003187161702267724,
      "fcf_margin": -0.09106467014686387
    },
    {
      "date": "2021-06-30T00:00:00",
      "quarter_label": "2021-06 (Q2)",
      "revenue": 144586444,
      "gross_profit": null,
      "operating_income": -639534,
      "net_income": -10523877,
      "opex": 170557507,
      "cogs": null,
      "rd": null,
      "sga": null,
      "fcf": -22237214,
      "ocf": -21010165,
      "capex": -1227049,
      "gross_margin": null,
      "op_margin": -0.004423194749848056,
      "fcf_margin": -0.15379874755063483,
      "fcf_margin_change": -0.06273407740377096
    },
    {
      "date": "2021-09-30T00:00:00",
      "quarter_label": "2021-09 (Q3)",
      "revenue": 156185955,
      "gross_profit": null,
      "operating_income": -669547,
      "net_income": 4850707,
      "opex": 184309497,
      "cogs": null,
      "rd": null,
      "sga": null,
      "fcf": -6802469,
      "ocf": -5695565,
      "capex": -1106904,
      "gross_margin": null,
      "op_margin": -0.004286857931623878,
      "fcf_margin": -0.04355365372001599,
      "op_leverage_ratio": 0.9949869757502369,
      "fcf_margin_change": 0.11024509383061884
    },
    {
      "date": "2022-03-31T00:00:00",
      "quarter_label": "2022-03 (Q1)",
      "revenue": 273544334,
      "gross_profit": null,
      "operating_income": -52167728,
      "net_income": -10577504,
      "opex": 325712062,
      "cogs": null,
      "rd": null,
      "sga": null,
      "fcf": -28653000,
      "ocf": -27776000,
      "capex": -877000,
      "gross_margin": null,
      "op_margin": -0.190710321932678,
      "fcf_margin": -0.10474718880486847,
      "incr_op_margin_yoy": -0.42279788637364635,
      "rev_growth_yoy": 0.8079845237813549,
      "op_leverage_ratio": 0.9794055285306483,
      "fcf_margin_change": -0.06119353508485248
    },
    {
      "date": "2022-06-30T00:00:00",
      "quarter_label": "2022-06 (Q2)",
      "revenue": 269453971,
      "gross_profit": null,
      "operating_income": -912187157,
      "net_income": -154349949,
      "opex": 1181641128,
      "cogs": null,
      "rd": null,
      "sga": null,
      "fcf": -45836000,
      "ocf": -45312000,
      "capex": -524000,
      "gross_margin": null,
      "op_margin": -3.3853171790888172,
      "fcf_margin": -0.1701069753393985,
      "incr_op_margin_yoy": -7.300117531758277,
      "rev_growth_yoy": 0.8636184938610151,
      "rev_growth_yoy_accel": 0.0556339700796602,
      "fcf_margin_change": -0.06535978653453003
    },
    {
      "date": "2022-09-30T00:00:00",
      "quarter_label": "2022-09 (Q3)",
      "revenue": 248260073,
      "gross_profit": null,
      "operating_income": -60011937,
      "net_income": -11173183,
      "opex": 308272010,
      "cogs": null,
      "rd": null,
      "sga": null,
      "fcf": -21859000,
      "ocf": -20977000,
      "capex": -882000,
      "gross_margin": null,
      "op_margin": -0.24173011904334693,
      "fcf_margin": -0.08804879389526321,
      "incr_op_margin_yoy": -0.6445067440124704,
      "rev_growth_yoy": 0.5895159907304085,
      "rev_growth_yoy_accel": -0.2741025031306066,
      "fcf_margin_change": 0.08205818144413529
    },
    {
      "date": "2022-12-31T00:00:00",
      "quarter_label": "2022-12 (Q4)",
      "revenue": 258212622,
      "gross_profit": null,
      "operating_income": -536546178,
      "net_income": -94026364,
      "opex": 794758800,
      "cogs": null,
      "rd": null,
      "sga": null,
      "fcf": -31904000,
      "ocf": -31954000,
      "capex": 50000,
      "gross_margin": null,
      "op_margin": -2.07792389792626,
      "fcf_margin": -0.1235570893199791,
      "op_leverage_ratio": 0.025403320518846452,
      "fcf_margin_change": -0.03550829542471588
    },
    {
      "date": "2023-03-31T00:00:00",
      "quarter_label": "2023-03 (Q1)",
      "revenue": 302077000,
      "gross_profit": null,
      "operating_income": -48817000,
      "net_income": -9199000,
      "opex": 350894000,
      "cogs": null,
      "rd": null,
      "sga": null,
      "fcf": -24186000,
      "ocf": -23722000,
      "capex": -464000,
      "gross_margin": null,
      "op_margin": -0.16160449157003015,
      "fcf_margin": -0.08006567861836551,
      "incr_op_margin_yoy": 0.11743480262236974,
      "rev_growth_yoy": 0.10430728205103308,
      "op_leverage_ratio": Infinity,
      "fcf_margin_change": 0.04349141070161358
    },
    {
      "date": "2023-06-30T00:00:00",
      "quarter_label": "2023-06 (Q2)",
      "revenue": 329086000,
      "gross_profit": null,
      "operating_income": -21033000,
      "net_income": -9816000,
      "opex": 350119000,
      "cogs": null,
      "rd": null,
      "sga": null,
      "fcf": -30030000,
      "ocf": -28842000,
      "capex": -1188000,
      "gross_margin": null,
      "op_margin": -0.06391338434330236,
      "fcf_margin": -0.09125274244422431,
      "incr_op_margin_yoy": 14.94421994260836,
      "rev_growth_yoy": 0.22130692221269954,
      "rev_growth_yoy_accel": 0.11699964016166646,
      "op_leverage_ratio": Infinity,
      "fcf_margin_change": -0.011187063825858795
    },
    {
      "date": "2023-09-30T00:00:00",
      "quarter_label": "2023-09 (Q3)",
      "revenue": 288351000,
      "gross_profit": null,
      "operating_income": -33820000,
      "net_income": -13296000,
      "opex": 322171000,
      "cogs": null,
      "rd": null,
      "sga": null,
      "fcf": -7973000,
      "ocf": -7586000,
      "capex": -387000,
      "gross_margin": null,
      "op_margin": -0.1172876112793089,
      "fcf_margin": -0.027650328939382907,
      "incr_op_margin_yoy": 0.6533133294722768,
      "rev_growth_yoy": 0.16148761464353553,
      "rev_growth_yoy_accel": -0.05981930756916401,
      "fcf_margin_change": 0.0636024135048414
    },
    {
      "date": "2023-12-31T00:00:00",
      "quarter_label": "2023-12 (Q4)",
      "revenue": 346861000,
      "gross_profit": null,
      "operating_income": -64260000,
      "net_income": -25462000,
      "opex": 411121000,
      "cogs": null,
      "rd": null,
      "sga": null,
      "fcf": -15666000,
      "ocf": -15878000,
      "capex": 212000,
      "gross_margin": null,
      "op_margin": -0.18526153127621728,
      "fcf_margin": -0.04516506612158761,
      "incr_op_margin_yoy": 5.327634736870199,
      "rev_growth_yoy": 0.3433154325043026,
      "rev_growth_yoy_accel": 0.18182781786076704,
      "op_leverage_ratio": 0.7349353359859738,
      "fcf_margin_change": -0.017514737182204705
    },
    {
      "date": "2024-03-31T00:00:00",
      "quarter_label": "2024-03 (Q1)",
      "revenue": 388488000,
      "gross_profit": null,
      "operating_income": -43831000,
      "net_income": -18700000,
      "opex": 432319000,
      "cogs": null,
      "rd": null,
      "sga": null,
      "fcf": -20030000,
      "ocf": -20030000,
      "capex": null,
      "gross_margin": null,
      "op_margin": -0.11282459175058174,
      "fcf_margin": -0.05155886410905871,
      "incr_op_margin_yoy": 0.05770098714284061,
      "rev_growth_yoy": 0.2860562042128332,
      "rev_growth_yoy_accel": -0.0572592282914694,
      "op_leverage_ratio": 2.3275253213715965,
      "fcf_margin_change": -0.006393797987471098
    },
    {
      "date": "2024-06-30T00:00:00",
      "quarter_label": "2024-06 (Q2)",
      "revenue": 379157000,
      "gross_profit": null,
      "operating_income": -31334000,
      "net_income": -12020000,
      "opex": 410491000,
      "cogs": null,
      "rd": null,
      "sga": null,
      "fcf": -10242000,
      "ocf": -10242000,
      "capex": null,
      "gross_margin": null,
      "op_margin": -0.08264122777635649,
      "fcf_margin": -0.027012556803645983,
      "incr_op_margin_yoy": -0.20572786642966986,
      "rev_growth_yoy": 0.15215171718031154,
      "rev_growth_yoy_accel": -0.13390448703252164,
      "fcf_margin_change": 0.024546307305412726
    },
    {
      "date": "2024-09-30T00:00:00",
      "quarter_label": "2024-09 (Q3)",
      "revenue": 362124000,
      "gross_profit": null,
      "operating_income": -106990000,
      "net_income": -46512000,
      "opex": 469114000,
      "cogs": null,
      "rd": null,
      "sga": null,
      "fcf": -22618000,
      "ocf": -22618000,
      "capex": null,
      "gross_margin": null,
      "op_margin": -0.2954512818813445,
      "fcf_margin": -0.06245926809601131,
      "incr_op_margin_yoy": -0.9918262779065512,
      "rev_growth_yoy": 0.2558444395892506,
      "rev_growth_yoy_accel": 0.10369272240893909,
      "fcf_margin_change": -0.035446711292365325
    },
    {
      "date": "2024-12-31T00:00:00",
      "quarter_label": "2024-12 (Q4)",
      "revenue": 370686000,
      "gross_profit": null,
      "operating_income": -138503000,
      "net_income": -58617000,
      "opex": 509189000,
      "cogs": null,
      "rd": null,
      "sga": null,
      "fcf": -57238000,
      "ocf": -57238000,
      "capex": null,
      "gross_margin": null,
      "op_margin": -0.3736396842610727,
      "fcf_margin": -0.15441101093647994,
      "incr_op_margin_yoy": -3.116180482686254,
      "rev_growth_yoy": 0.06868745693519883,
      "rev_growth_yoy_accel": -0.18715698265405178,
      "op_leverage_ratio": 0.27677239863925324,
      "fcf_margin_change": -0.09195174284046863
    },
    {
      "date": "2025-03-31T00:00:00",
      "quarter_label": "2025-03 (Q1)",
      "revenue": 373225000,
      "gross_profit": null,
      "operating_income": -38088000,
      "net_income": -20480000,
      "opex": 411313000,
      "cogs": null,
      "rd": null,
      "sga": null,
      "fcf": -33466000,
      "ocf": -33466000,
      "capex": null,
      "gross_margin": null,
      "op_margin": -0.10205104159689196,
      "fcf_margin": -0.08966709089691205,
      "incr_op_margin_yoy": -0.37626940968354844,
      "rev_growth_yoy": -0.039288214822594265,
      "rev_growth_yoy_accel": -0.1079756717577931,
      "fcf_margin_change": 0.06474392003956789
    },
    {
      "date": "2025-06-30T00:00:00",
      "quarter_label": "2025-06 (Q2)",
      "revenue": 355788000,
      "gross_profit": null,
      "operating_income": -34124000,
      "net_income": -20362000,
      "opex": 389912000,
      "cogs": null,
      "rd": null,
      "sga": null,
      "fcf": -16633000,
      "ocf": -16633000,
      "capex": null,
      "gross_margin": null,
      "op_margin": -0.09591104815227046,
      "fcf_margin": -0.04674974985103489,
      "incr_op_margin_yoy": 0.11938893405794,
      "rev_growth_yoy": -0.06163409880339806,
      "rev_growth_yoy_accel": -0.022345883980803796,
      "fcf_margin_change": 0.04291734104587716
    },
    {
      "date": "2025-09-30T00:00:00",
      "quarter_label": "2025-09 (Q3)",
      "revenue": 345253000,
      "gross_profit": null,
      "operating_income": -44223000,
      "net_income": -31587000,
      "opex": 389476000,
      "cogs": null,
      "rd": null,
      "sga": null,
      "fcf": -15412000,
      "ocf": -15412000,
      "capex": null,
      "gross_margin": null,
      "op_margin": -0.1280886769991861,
      "fcf_margin": -0.04463972796760637,
      "incr_op_margin_yoy": -3.7204078003674943,
      "rev_growth_yoy": -0.04658901370801162,
      "rev_growth_yoy_accel": 0.015045085095386442,
      "fcf_margin_change": 0.0021100218834285214
    }
  ],
  "signals": [
    {
      "quarter": "2025-03 (Q1)",
      "signal": "FCF MARGIN EXPANSION",
      "detail": "FCF margin: -15.4% -> -9.0% (+6.5%)",
      "severity": "MEDIUM"
    },
    {
      "quarter": "2025-03 (Q1)",
      "signal": "YoY REVENUE GROWTH DECELERATION",
      "detail": "YoY growth: -3.9% vs prior quarter YoY: +6.9% (decel: -10.8%)",
      "severity": "WARNING"
    },
    {
      "quarter": "2024-12 (Q4)",
      "signal": "YoY REVENUE GROWTH DECELERATION",
      "detail": "YoY growth: +6.9% vs prior quarter YoY: +25.6% (decel: -18.7%)",
      "severity": "WARNING"
    },
    {
      "quarter": "2024-09 (Q3)",
      "signal": "YoY REVENUE GROWTH ACCELERATION",
      "detail": "YoY growth: +25.6% vs prior quarter YoY: +15.2% (accel: +10.4%)",
      "severity": "MEDIUM"
    },
    {
      "quarter": "2024-06 (Q2)",
      "signal": "YoY REVENUE GROWTH DECELERATION",
      "detail": "YoY growth: +15.2% vs prior quarter YoY: +28.6% (decel: -13.4%)",
      "severity": "WARNING"
    },
    {
      "quarter": "2024-03 (Q1)",
      "signal": "OPERATING LEVERAGE",
      "detail": "Rev growth +12.0% vs OpEx growth +5.2% (leverage: 2.3x)",
      "severity": "MEDIUM"
    },
    {
      "quarter": "2024-03 (Q1)",
      "signal": "YoY REVENUE GROWTH DECELERATION",
      "detail": "YoY growth: +28.6% vs prior quarter YoY: +34.3% (decel: -5.7%)",
      "severity": "WARNING"
    },
    {
      "quarter": "2023-12 (Q4)",
      "signal": "YoY REVENUE GROWTH ACCELERATION",
      "detail": "YoY growth: +34.3% vs prior quarter YoY: +16.1% (accel: +18.2%)",
      "severity": "HIGH"
    },
    {
      "quarter": "2023-09 (Q3)",
      "signal": "FCF MARGIN EXPANSION",
      "detail": "FCF margin: -9.1% -> -2.8% (+6.4%)",
      "severity": "MEDIUM"
    },
    {
      "quarter": "2023-09 (Q3)",
      "signal": "YoY REVENUE GROWTH DECELERATION",
      "detail": "YoY growth: +16.1% vs prior quarter YoY: +22.1% (decel: -6.0%)",
      "severity": "WARNING"
    },
    {
      "quarter": "2023-06 (Q2)",
      "signal": "YoY REVENUE GROWTH ACCELERATION",
      "detail": "YoY growth: +22.1% vs prior quarter YoY: +10.4% (accel: +11.7%)",
      "severity": "MEDIUM"
    },
    {
      "quarter": "2022-09 (Q3)",
      "signal": "FCF MARGIN EXPANSION",
      "detail": "FCF margin: -17.0% -> -8.8% (+8.2%)",
      "severity": "MEDIUM"
    },
    {
      "quarter": "2022-09 (Q3)",
      "signal": "YoY REVENUE GROWTH DECELERATION",
      "detail": "YoY growth: +59.0% vs prior quarter YoY: +86.4% (decel: -27.4%)",
      "severity": "WARNING"
    },
    {
      "quarter": "2022-06 (Q2)",
      "signal": "YoY REVENUE GROWTH ACCELERATION",
      "detail": "YoY growth: +86.4% vs prior quarter YoY: +80.8% (accel: +5.6%)",
      "severity": "MEDIUM"
    },
    {
      "quarter": "2021-09 (Q3)",
      "signal": "FCF MARGIN EXPANSION",
      "detail": "FCF margin: -15.4% -> -4.4% (+11.0%)",
      "severity": "MEDIUM"
    }
  ],
  "data_quality": {
    "n_quarters": 18,
    "coverage": {
      "revenue": [
        18,
        18
      ],
      "gross_profit": [
        0,
        18
      ],
      "op_income": [
        18,
        18
      ],
      "fcf": [
        18,
        18
      ]
    },
    "gaps": [
      [
        "2021-09 (Q3)",
        "2022-03 (Q1)",
        182
      ]
    ],
    "warnings": [
      "gross_profit: no data",
      "gap: 1Q missing between 2021-09 (Q3) and 2022-03 (Q1)"
    ]
  },
  "market_cap": null,
  "source": "SEC EDGAR",
  "last_updated": "2026-02-02T22:22:44.557996"
}