{
  "ticker": "PINE",
  "name": "ALPINE INCOME PROPERTY TRUST, INC.",
  "quarters": [
    {
      "date": "2020-12-31T00:00:00",
      "quarter_label": "2020-12 (Q4)",
      "revenue": 5385486,
      "gross_profit": null,
      "operating_income": 703276,
      "net_income": 185990,
      "opex": 4681835,
      "cogs": null,
      "rd": null,
      "sga": null,
      "fcf": 2038000,
      "ocf": 2038000,
      "capex": null,
      "gross_margin": null,
      "op_margin": 0.1305872859014024,
      "fcf_margin": 0.3784245284455293
    },
    {
      "date": "2021-03-31T00:00:00",
      "quarter_label": "2021-03 (Q1)",
      "revenue": 5890000,
      "gross_profit": null,
      "operating_income": 1066000,
      "net_income": 440000,
      "opex": 4824000,
      "cogs": null,
      "rd": null,
      "sga": null,
      "fcf": 3809000,
      "ocf": 3809000,
      "capex": null,
      "gross_margin": null,
      "op_margin": 0.18098471986417658,
      "fcf_margin": 0.6466893039049236,
      "op_leverage_ratio": 3.085117686662324,
      "fcf_margin_change": 0.2682647754593943
    },
    {
      "date": "2021-06-30T00:00:00",
      "quarter_label": "2021-06 (Q2)",
      "revenue": 6597000,
      "gross_profit": null,
      "operating_income": 1024000,
      "net_income": 304000,
      "opex": 5573000,
      "cogs": null,
      "rd": null,
      "sga": null,
      "fcf": 5057000,
      "ocf": 5057000,
      "capex": null,
      "gross_margin": null,
      "op_margin": 0.15522207063816887,
      "fcf_margin": 0.7665605578293163,
      "op_leverage_ratio": 0.7730891896609174,
      "fcf_margin_change": 0.11987125392439268
    },
    {
      "date": "2021-09-30T00:00:00",
      "quarter_label": "2021-09 (Q3)",
      "revenue": 8171000,
      "gross_profit": null,
      "operating_income": 2122000,
      "net_income": 918000,
      "opex": 6593000,
      "cogs": null,
      "rd": null,
      "sga": null,
      "fcf": 4224000,
      "ocf": 4224000,
      "capex": null,
      "gross_margin": null,
      "op_margin": 0.25969893525884225,
      "fcf_margin": 0.5169501896952637,
      "op_leverage_ratio": 1.3036082949171788,
      "fcf_margin_change": -0.24961036813405257
    },
    {
      "date": "2021-12-31T00:00:00",
      "quarter_label": "2021-12 (Q4)",
      "revenue": 9470000,
      "gross_profit": null,
      "operating_income": 10952000,
      "net_income": 8302000,
      "opex": 7649000,
      "cogs": null,
      "rd": null,
      "sga": null,
      "fcf": 4110000,
      "ocf": 4110000,
      "capex": null,
      "gross_margin": null,
      "op_margin": 1.15649419218585,
      "fcf_margin": 0.43400211193241817,
      "incr_op_margin_yoy": 2.5091660843860493,
      "rev_growth_yoy": 0.758429972708127,
      "op_leverage_ratio": 0.9925516099064319,
      "fcf_margin_change": -0.08294807776284557
    },
    {
      "date": "2022-03-31T00:00:00",
      "quarter_label": "2022-03 (Q1)",
      "revenue": 10799000,
      "gross_profit": null,
      "operating_income": 2604000,
      "net_income": 806000,
      "opex": 8195000,
      "cogs": null,
      "rd": null,
      "sga": null,
      "fcf": 6122000,
      "ocf": 6122000,
      "capex": null,
      "gross_margin": null,
      "op_margin": 0.24113343828132233,
      "fcf_margin": 0.5669043429947217,
      "incr_op_margin_yoy": 0.31330209818700344,
      "rev_growth_yoy": 0.833446519524618,
      "rev_growth_yoy_accel": 0.07501654681649106,
      "op_leverage_ratio": 1.9660158743052094,
      "fcf_margin_change": 0.13290223106230353
    },
    {
      "date": "2022-06-30T00:00:00",
      "quarter_label": "2022-06 (Q2)",
      "revenue": 11280000,
      "gross_profit": null,
      "operating_income": 18459000,
      "net_income": 14282000,
      "opex": 8458000,
      "cogs": null,
      "rd": null,
      "sga": null,
      "fcf": 7130000,
      "ocf": 7130000,
      "capex": null,
      "gross_margin": null,
      "op_margin": 1.6364361702127659,
      "fcf_margin": 0.6320921985815603,
      "incr_op_margin_yoy": 3.723040785821055,
      "rev_growth_yoy": 0.709868121873579,
      "rev_growth_yoy_accel": -0.12357839765103906,
      "op_leverage_ratio": 1.3878890349303572,
      "fcf_margin_change": 0.0651878555868386
    },
    {
      "date": "2022-09-30T00:00:00",
      "quarter_label": "2022-09 (Q3)",
      "revenue": 11529000,
      "gross_profit": null,
      "operating_income": 13714000,
      "net_income": 9770000,
      "opex": 9142000,
      "cogs": null,
      "rd": null,
      "sga": null,
      "fcf": 4357000,
      "ocf": 4357000,
      "capex": null,
      "gross_margin": null,
      "op_margin": 1.1895220747679764,
      "fcf_margin": 0.3779165582444271,
      "incr_op_margin_yoy": 3.452054794520548,
      "rev_growth_yoy": 0.410965610084445,
      "rev_growth_yoy_accel": -0.29890251178913396,
      "op_leverage_ratio": 0.27296177056115467,
      "fcf_margin_change": -0.2541756403371332
    },
    {
      "date": "2022-12-31T00:00:00",
      "quarter_label": "2022-12 (Q4)",
      "revenue": 11595000,
      "gross_profit": null,
      "operating_income": 8717000,
      "net_income": 4862000,
      "opex": 8988000,
      "cogs": null,
      "rd": null,
      "sga": null,
      "fcf": 7043000,
      "ocf": 7043000,
      "capex": null,
      "gross_margin": null,
      "op_margin": 0.7517895644674428,
      "fcf_margin": 0.6074169900819318,
      "incr_op_margin_yoy": -1.051764705882353,
      "rev_growth_yoy": 0.22439281942977823,
      "rev_growth_yoy_accel": -0.18657279065466675,
      "fcf_margin_change": 0.22950043183750474
    },
    {
      "date": "2023-03-31T00:00:00",
      "quarter_label": "2023-03 (Q1)",
      "revenue": 11166000,
      "gross_profit": null,
      "operating_income": 6358000,
      "net_income": 3339000,
      "opex": 9284000,
      "cogs": null,
      "rd": null,
      "sga": null,
      "fcf": 5377000,
      "ocf": 5377000,
      "capex": null,
      "gross_margin": null,
      "op_margin": 0.569407128783808,
      "fcf_margin": 0.4815511373813362,
      "rev_growth_yoy": 0.0339846282063154,
      "rev_growth_yoy_accel": -0.19040819122346284,
      "fcf_margin_change": -0.12586585270059564
    },
    {
      "date": "2023-06-30T00:00:00",
      "quarter_label": "2023-06 (Q2)",
      "revenue": 11439000,
      "gross_profit": null,
      "operating_income": 2528000,
      "net_income": 80000,
      "opex": 9654000,
      "cogs": null,
      "rd": null,
      "sga": null,
      "fcf": 8299000,
      "ocf": 8299000,
      "capex": null,
      "gross_margin": null,
      "op_margin": 0.22099833901564822,
      "fcf_margin": 0.7255004808112597,
      "rev_growth_yoy": 0.014095744680851063,
      "rev_growth_yoy_accel": -0.019888883525464335,
      "op_leverage_ratio": 0.6134772063842456,
      "fcf_margin_change": 0.24394934342992353
    },
    {
      "date": "2023-09-30T00:00:00",
      "quarter_label": "2023-09 (Q3)",
      "revenue": 11559000,
      "gross_profit": null,
      "operating_income": 1379000,
      "net_income": -837000,
      "opex": 12766000,
      "cogs": null,
      "rd": null,
      "sga": null,
      "fcf": 5068000,
      "ocf": 5068000,
      "capex": null,
      "gross_margin": null,
      "op_margin": 0.11930097759321741,
      "fcf_margin": 0.43844623237304264,
      "rev_growth_yoy": 0.0026021337496747333,
      "rev_growth_yoy_accel": -0.01149361093117633,
      "op_leverage_ratio": 0.03254324773117538,
      "fcf_margin_change": -0.2870542484382171
    },
    {
      "date": "2023-12-31T00:00:00",
      "quarter_label": "2023-12 (Q4)",
      "revenue": 11581000,
      "gross_profit": null,
      "operating_income": 2978000,
      "net_income": 335000,
      "opex": 10155000,
      "cogs": null,
      "rd": null,
      "sga": null,
      "fcf": 6900000,
      "ocf": 6900000,
      "capex": null,
      "gross_margin": null,
      "op_margin": 0.257145324237976,
      "fcf_margin": 0.5958034712028323,
      "rev_growth_yoy": -0.0012074169900819318,
      "rev_growth_yoy_accel": -0.003809550739756665,
      "fcf_margin_change": 0.15735723882978964
    },
    {
      "date": "2024-03-31T00:00:00",
      "quarter_label": "2024-03 (Q1)",
      "revenue": 12466000,
      "gross_profit": null,
      "operating_income": 2583000,
      "net_income": -260000,
      "opex": 9883000,
      "cogs": null,
      "rd": null,
      "sga": null,
      "fcf": 6760000,
      "ocf": 6760000,
      "capex": null,
      "gross_margin": null,
      "op_margin": 0.2072035937750682,
      "fcf_margin": 0.542274987967271,
      "incr_op_margin_yoy": -2.9038461538461537,
      "rev_growth_yoy": 0.11642486118574243,
      "rev_growth_yoy_accel": 0.11763227817582436,
      "op_leverage_ratio": Infinity,
      "fcf_margin_change": -0.05352848323556125
    },
    {
      "date": "2024-06-30T00:00:00",
      "quarter_label": "2024-06 (Q2)",
      "revenue": 12490000,
      "gross_profit": null,
      "operating_income": 2997000,
      "net_income": 204000,
      "opex": 10411000,
      "cogs": null,
      "rd": null,
      "sga": null,
      "fcf": 8031000,
      "ocf": 8031000,
      "capex": null,
      "gross_margin": null,
      "op_margin": 0.2399519615692554,
      "fcf_margin": 0.6429943955164131,
      "incr_op_margin_yoy": 0.4462416745956232,
      "rev_growth_yoy": 0.0918786607220911,
      "rev_growth_yoy_accel": -0.02454620046365133,
      "fcf_margin_change": 0.1007194075491421
    },
    {
      "date": "2024-09-30T00:00:00",
      "quarter_label": "2024-09 (Q3)",
      "revenue": 13480000,
      "gross_profit": null,
      "operating_income": 6460000,
      "net_income": 3080000,
      "opex": 10446000,
      "cogs": null,
      "rd": null,
      "sga": null,
      "fcf": 6214000,
      "ocf": 6214000,
      "capex": null,
      "gross_margin": null,
      "op_margin": 0.4792284866468843,
      "fcf_margin": 0.4609792284866469,
      "incr_op_margin_yoy": 2.6449765747006766,
      "rev_growth_yoy": 0.1661908469590795,
      "rev_growth_yoy_accel": 0.07431218623698842,
      "op_leverage_ratio": 23.577467688436464,
      "fcf_margin_change": -0.18201516702976622
    },
    {
      "date": "2024-12-31T00:00:00",
      "quarter_label": "2024-12 (Q4)",
      "revenue": 13791000,
      "gross_profit": null,
      "operating_income": 1975000,
      "net_income": -958000,
      "opex": 10915000,
      "cogs": null,
      "rd": null,
      "sga": null,
      "fcf": 4603000,
      "ocf": 4603000,
      "capex": null,
      "gross_margin": null,
      "op_margin": 0.1432093394242622,
      "fcf_margin": 0.33376839968095134,
      "incr_op_margin_yoy": -0.45384615384615384,
      "rev_growth_yoy": 0.19082980744322597,
      "rev_growth_yoy_accel": 0.02463896048414646,
      "op_leverage_ratio": 0.5138633875978311,
      "fcf_margin_change": -0.12721082880569556
    },
    {
      "date": "2025-03-31T00:00:00",
      "quarter_label": "2025-03 (Q1)",
      "revenue": 14206000,
      "gross_profit": null,
      "operating_income": 2269000,
      "net_income": -1179000,
      "opex": 13088000,
      "cogs": null,
      "rd": null,
      "sga": null,
      "fcf": 7901000,
      "ocf": 7901000,
      "capex": null,
      "gross_margin": null,
      "op_margin": 0.15972124454455863,
      "fcf_margin": 0.5561734478389413,
      "incr_op_margin_yoy": -0.18045977011494252,
      "rev_growth_yoy": 0.13957965666613187,
      "rev_growth_yoy_accel": -0.051250150777094106,
      "op_leverage_ratio": 0.15115285407761914,
      "fcf_margin_change": 0.22240504815798995
    },
    {
      "date": "2025-06-30T00:00:00",
      "quarter_label": "2025-06 (Q2)",
      "revenue": 14863000,
      "gross_profit": null,
      "operating_income": 2491000,
      "net_income": -1641000,
      "opex": 13310000,
      "cogs": null,
      "rd": null,
      "sga": null,
      "fcf": 7023000,
      "ocf": 7023000,
      "capex": null,
      "gross_margin": null,
      "op_margin": 0.16759738949068156,
      "fcf_margin": 0.4725156428715602,
      "incr_op_margin_yoy": -0.21323219553308048,
      "rev_growth_yoy": 0.1899919935948759,
      "rev_growth_yoy_accel": 0.05041233692874403,
      "op_leverage_ratio": 2.726552541560285,
      "fcf_margin_change": -0.08365780496738107
    },
    {
      "date": "2025-09-30T00:00:00",
      "quarter_label": "2025-09 (Q3)",
      "revenue": 14563000,
      "gross_profit": null,
      "operating_income": 2419000,
      "net_income": -1310000,
      "opex": 12098000,
      "cogs": null,
      "rd": null,
      "sga": null,
      "fcf": 8730000,
      "ocf": 8730000,
      "capex": null,
      "gross_margin": null,
      "op_margin": 0.16610588477648836,
      "fcf_margin": 0.5994643960722379,
      "incr_op_margin_yoy": -3.731301939058172,
      "rev_growth_yoy": 0.0803412462908012,
      "rev_growth_yoy_accel": -0.1096507473040747,
      "fcf_margin_change": 0.12694875320067767
    }
  ],
  "signals": [
    {
      "quarter": "2025-09 (Q3)",
      "signal": "FCF MARGIN EXPANSION",
      "detail": "FCF margin: +47.3% -> +59.9% (+12.7%)",
      "severity": "MEDIUM"
    },
    {
      "quarter": "2025-09 (Q3)",
      "signal": "YoY REVENUE GROWTH DECELERATION",
      "detail": "YoY growth: +8.0% vs prior quarter YoY: +19.0% (decel: -11.0%)",
      "severity": "WARNING"
    },
    {
      "quarter": "2025-06 (Q2)",
      "signal": "OPERATING LEVERAGE",
      "detail": "Rev growth +4.6% vs OpEx growth +1.7% (leverage: 2.7x)",
      "severity": "MEDIUM"
    },
    {
      "quarter": "2025-06 (Q2)",
      "signal": "YoY REVENUE GROWTH ACCELERATION",
      "detail": "YoY growth: +19.0% vs prior quarter YoY: +14.0% (accel: +5.0%)",
      "severity": "MEDIUM"
    },
    {
      "quarter": "2025-03 (Q1)",
      "signal": "FCF MARGIN EXPANSION",
      "detail": "FCF margin: +33.4% -> +55.6% (+22.2%)",
      "severity": "MEDIUM"
    },
    {
      "quarter": "2025-03 (Q1)",
      "signal": "YoY REVENUE GROWTH DECELERATION",
      "detail": "YoY growth: +14.0% vs prior quarter YoY: +19.1% (decel: -5.1%)",
      "severity": "WARNING"
    },
    {
      "quarter": "2024-09 (Q3)",
      "signal": "OPERATING LEVERAGE",
      "detail": "Rev growth +7.9% vs OpEx growth +0.3% (leverage: 23.6x)",
      "severity": "MEDIUM"
    },
    {
      "quarter": "2024-09 (Q3)",
      "signal": "YoY REVENUE GROWTH ACCELERATION",
      "detail": "YoY growth: +16.6% vs prior quarter YoY: +9.2% (accel: +7.4%)",
      "severity": "MEDIUM"
    },
    {
      "quarter": "2024-09 (Q3)",
      "signal": "INCREMENTAL MARGIN (YoY)",
      "detail": "YoY Incr OPM: +264.5% vs year-ago OPM: +11.9%",
      "severity": "HIGH"
    },
    {
      "quarter": "2024-06 (Q2)",
      "signal": "FCF MARGIN EXPANSION",
      "detail": "FCF margin: +54.2% -> +64.3% (+10.1%)",
      "severity": "MEDIUM"
    },
    {
      "quarter": "2024-06 (Q2)",
      "signal": "INCREMENTAL MARGIN (YoY)",
      "detail": "YoY Incr OPM: +44.6% vs year-ago OPM: +22.1%",
      "severity": "HIGH"
    },
    {
      "quarter": "2024-03 (Q1)",
      "signal": "YoY REVENUE GROWTH ACCELERATION",
      "detail": "YoY growth: +11.6% vs prior quarter YoY: -0.1% (accel: +11.8%)",
      "severity": "MEDIUM"
    },
    {
      "quarter": "2023-12 (Q4)",
      "signal": "FCF MARGIN EXPANSION",
      "detail": "FCF margin: +43.8% -> +59.6% (+15.7%)",
      "severity": "MEDIUM"
    },
    {
      "quarter": "2023-06 (Q2)",
      "signal": "FCF MARGIN EXPANSION",
      "detail": "FCF margin: +48.2% -> +72.6% (+24.4%)",
      "severity": "MEDIUM"
    },
    {
      "quarter": "2023-03 (Q1)",
      "signal": "YoY REVENUE GROWTH DECELERATION",
      "detail": "YoY growth: +3.4% vs prior quarter YoY: +22.4% (decel: -19.0%)",
      "severity": "WARNING"
    },
    {
      "quarter": "2022-12 (Q4)",
      "signal": "FCF MARGIN EXPANSION",
      "detail": "FCF margin: +37.8% -> +60.7% (+23.0%)",
      "severity": "MEDIUM"
    },
    {
      "quarter": "2022-12 (Q4)",
      "signal": "YoY REVENUE GROWTH DECELERATION",
      "detail": "YoY growth: +22.4% vs prior quarter YoY: +41.1% (decel: -18.7%)",
      "severity": "WARNING"
    },
    {
      "quarter": "2022-09 (Q3)",
      "signal": "YoY REVENUE GROWTH DECELERATION",
      "detail": "YoY growth: +41.1% vs prior quarter YoY: +71.0% (decel: -29.9%)",
      "severity": "WARNING"
    },
    {
      "quarter": "2022-09 (Q3)",
      "signal": "INCREMENTAL MARGIN (YoY)",
      "detail": "YoY Incr OPM: +345.2% vs year-ago OPM: +26.0%",
      "severity": "HIGH"
    },
    {
      "quarter": "2022-06 (Q2)",
      "signal": "FCF MARGIN EXPANSION",
      "detail": "FCF margin: +56.7% -> +63.2% (+6.5%)",
      "severity": "MEDIUM"
    },
    {
      "quarter": "2022-06 (Q2)",
      "signal": "YoY REVENUE GROWTH DECELERATION",
      "detail": "YoY growth: +71.0% vs prior quarter YoY: +83.3% (decel: -12.4%)",
      "severity": "WARNING"
    },
    {
      "quarter": "2022-06 (Q2)",
      "signal": "INCREMENTAL MARGIN (YoY)",
      "detail": "YoY Incr OPM: +372.3% vs year-ago OPM: +15.5%",
      "severity": "HIGH"
    },
    {
      "quarter": "2022-03 (Q1)",
      "signal": "FCF MARGIN EXPANSION",
      "detail": "FCF margin: +43.4% -> +56.7% (+13.3%)",
      "severity": "MEDIUM"
    },
    {
      "quarter": "2022-03 (Q1)",
      "signal": "OPERATING LEVERAGE",
      "detail": "Rev growth +14.0% vs OpEx growth +7.1% (leverage: 2.0x)",
      "severity": "MEDIUM"
    },
    {
      "quarter": "2022-03 (Q1)",
      "signal": "YoY REVENUE GROWTH ACCELERATION",
      "detail": "YoY growth: +83.3% vs prior quarter YoY: +75.8% (accel: +7.5%)",
      "severity": "MEDIUM"
    },
    {
      "quarter": "2022-03 (Q1)",
      "signal": "INCREMENTAL MARGIN (YoY)",
      "detail": "YoY Incr OPM: +31.3% vs year-ago OPM: +18.1%",
      "severity": "MEDIUM"
    },
    {
      "quarter": "2021-12 (Q4)",
      "signal": "INCREMENTAL MARGIN (YoY)",
      "detail": "YoY Incr OPM: +250.9% vs year-ago OPM: +13.1%",
      "severity": "HIGH"
    },
    {
      "quarter": "2021-06 (Q2)",
      "signal": "FCF MARGIN EXPANSION",
      "detail": "FCF margin: +64.7% -> +76.7% (+12.0%)",
      "severity": "MEDIUM"
    },
    {
      "quarter": "2021-03 (Q1)",
      "signal": "FCF MARGIN EXPANSION",
      "detail": "FCF margin: +37.8% -> +64.7% (+26.8%)",
      "severity": "MEDIUM"
    },
    {
      "quarter": "2021-03 (Q1)",
      "signal": "OPERATING LEVERAGE",
      "detail": "Rev growth +9.4% vs OpEx growth +3.0% (leverage: 3.1x)",
      "severity": "MEDIUM"
    }
  ],
  "data_quality": {
    "n_quarters": 20,
    "coverage": {
      "revenue": [
        20,
        20
      ],
      "gross_profit": [
        0,
        20
      ],
      "op_income": [
        20,
        20
      ],
      "fcf": [
        20,
        20
      ]
    },
    "gaps": [],
    "warnings": [
      "gross_profit: no data"
    ]
  },
  "market_cap": null,
  "source": "SEC EDGAR",
  "last_updated": "2026-02-02T22:50:01.745151"
}