{
  "ticker": "PIPR",
  "name": "PIPER SANDLER COMPANIES",
  "quarters": [
    {
      "date": "2020-12-31T00:00:00",
      "quarter_label": "2020-12 (Q4)",
      "revenue": 409140000,
      "gross_profit": null,
      "operating_income": null,
      "net_income": 42160000,
      "opex": null,
      "cogs": null,
      "rd": null,
      "sga": null,
      "fcf": 246960000,
      "ocf": 246960000,
      "capex": null,
      "gross_margin": null,
      "op_margin": null,
      "fcf_margin": 0.603607567091949
    },
    {
      "date": "2021-03-31T00:00:00",
      "quarter_label": "2021-03 (Q1)",
      "revenue": 431387000,
      "gross_profit": null,
      "operating_income": null,
      "net_income": 49459000,
      "opex": null,
      "cogs": null,
      "rd": null,
      "sga": null,
      "fcf": -263576000,
      "ocf": -263576000,
      "capex": null,
      "gross_margin": null,
      "op_margin": null,
      "fcf_margin": -0.6109966225222364,
      "fcf_margin_change": -1.2146041896141853
    },
    {
      "date": "2021-06-30T00:00:00",
      "quarter_label": "2021-06 (Q2)",
      "revenue": 511344000,
      "gross_profit": null,
      "operating_income": null,
      "net_income": 69821000,
      "opex": null,
      "cogs": null,
      "rd": null,
      "sga": null,
      "fcf": 274835000,
      "ocf": 274835000,
      "capex": null,
      "gross_margin": null,
      "op_margin": null,
      "fcf_margin": 0.537475750179918,
      "fcf_margin_change": 1.1484723727021544
    },
    {
      "date": "2021-09-30T00:00:00",
      "quarter_label": "2021-09 (Q3)",
      "revenue": 448233000,
      "gross_profit": null,
      "operating_income": null,
      "net_income": 45721000,
      "opex": null,
      "cogs": null,
      "rd": null,
      "sga": null,
      "fcf": 208380000,
      "ocf": 208380000,
      "capex": null,
      "gross_margin": null,
      "op_margin": null,
      "fcf_margin": 0.46489214314876415,
      "fcf_margin_change": -0.07258360703115385
    },
    {
      "date": "2021-12-31T00:00:00",
      "quarter_label": "2021-12 (Q4)",
      "revenue": 650831000,
      "gross_profit": null,
      "operating_income": null,
      "net_income": 113513000,
      "opex": null,
      "cogs": null,
      "rd": null,
      "sga": null,
      "fcf": 487448000,
      "ocf": 487448000,
      "capex": null,
      "gross_margin": null,
      "op_margin": null,
      "fcf_margin": 0.7489624802752174,
      "rev_growth_yoy": 0.590729334702058,
      "fcf_margin_change": 0.28407033712645324
    },
    {
      "date": "2022-03-31T00:00:00",
      "quarter_label": "2022-03 (Q1)",
      "revenue": 352846000,
      "gross_profit": null,
      "operating_income": null,
      "net_income": 36651000,
      "opex": null,
      "cogs": null,
      "rd": null,
      "sga": null,
      "fcf": -484242000,
      "ocf": -484242000,
      "capex": null,
      "gross_margin": null,
      "op_margin": null,
      "fcf_margin": -1.3723890875906202,
      "rev_growth_yoy": -0.1820662189634829,
      "rev_growth_yoy_accel": -0.7727955536655409,
      "fcf_margin_change": -2.1213515678658377
    },
    {
      "date": "2022-06-30T00:00:00",
      "quarter_label": "2022-06 (Q2)",
      "revenue": 354546000,
      "gross_profit": null,
      "operating_income": null,
      "net_income": 21390000,
      "opex": null,
      "cogs": null,
      "rd": null,
      "sga": null,
      "fcf": 33967000,
      "ocf": 33967000,
      "capex": null,
      "gross_margin": null,
      "op_margin": null,
      "fcf_margin": 0.09580421158326423,
      "rev_growth_yoy": -0.30663897493663755,
      "rev_growth_yoy_accel": -0.12457275597315465,
      "fcf_margin_change": 1.4681932991738844
    },
    {
      "date": "2022-09-30T00:00:00",
      "quarter_label": "2022-09 (Q3)",
      "revenue": 334402000,
      "gross_profit": null,
      "operating_income": null,
      "net_income": 14532000,
      "opex": null,
      "cogs": null,
      "rd": null,
      "sga": null,
      "fcf": 64597000,
      "ocf": 64597000,
      "capex": null,
      "gross_margin": null,
      "op_margin": null,
      "fcf_margin": 0.19317169155686867,
      "rev_growth_yoy": -0.25395497431023595,
      "rev_growth_yoy_accel": 0.052684000626401606,
      "fcf_margin_change": 0.09736747997360444
    },
    {
      "date": "2022-12-31T00:00:00",
      "quarter_label": "2022-12 (Q4)",
      "revenue": 393324000,
      "gross_profit": null,
      "operating_income": null,
      "net_income": 38101000,
      "opex": null,
      "cogs": null,
      "rd": null,
      "sga": null,
      "fcf": 160771000,
      "ocf": 160771000,
      "capex": null,
      "gross_margin": null,
      "op_margin": null,
      "fcf_margin": 0.4087495296498561,
      "rev_growth_yoy": -0.39565878085094286,
      "rev_growth_yoy_accel": -0.1417038065407069,
      "fcf_margin_change": 0.21557783809298744
    },
    {
      "date": "2023-03-31T00:00:00",
      "quarter_label": "2023-03 (Q1)",
      "revenue": 300544000,
      "gross_profit": null,
      "operating_income": null,
      "net_income": 25634000,
      "opex": null,
      "cogs": null,
      "rd": null,
      "sga": null,
      "fcf": -201906000,
      "ocf": -201906000,
      "capex": null,
      "gross_margin": null,
      "op_margin": null,
      "fcf_margin": -0.6718017994037478,
      "rev_growth_yoy": -0.148228972412894,
      "rev_growth_yoy_accel": 0.24742980843804885,
      "fcf_margin_change": -1.080551329053604
    },
    {
      "date": "2023-06-30T00:00:00",
      "quarter_label": "2023-06 (Q2)",
      "revenue": 291331000,
      "gross_profit": null,
      "operating_income": null,
      "net_income": 3954000,
      "opex": null,
      "cogs": null,
      "rd": null,
      "sga": null,
      "fcf": 27273000,
      "ocf": 27273000,
      "capex": null,
      "gross_margin": null,
      "op_margin": null,
      "fcf_margin": 0.09361516625419197,
      "rev_growth_yoy": -0.17829844364342004,
      "rev_growth_yoy_accel": -0.03006947123052603,
      "fcf_margin_change": 0.7654169656579398
    },
    {
      "date": "2023-09-30T00:00:00",
      "quarter_label": "2023-09 (Q3)",
      "revenue": 292031000,
      "gross_profit": null,
      "operating_income": null,
      "net_income": 3878000,
      "opex": null,
      "cogs": null,
      "rd": null,
      "sga": null,
      "fcf": 27255000,
      "ocf": 27255000,
      "capex": null,
      "gross_margin": null,
      "op_margin": null,
      "fcf_margin": 0.09332913286603134,
      "rev_growth_yoy": -0.12670677806950914,
      "rev_growth_yoy_accel": 0.0515916655739109,
      "fcf_margin_change": -0.0002860333881606336
    },
    {
      "date": "2023-12-31T00:00:00",
      "quarter_label": "2023-12 (Q4)",
      "revenue": 474207000,
      "gross_profit": null,
      "operating_income": null,
      "net_income": 52025000,
      "opex": null,
      "cogs": null,
      "rd": null,
      "sga": null,
      "fcf": 423007000,
      "ocf": 423007000,
      "capex": null,
      "gross_margin": null,
      "op_margin": null,
      "fcf_margin": 0.8920302736990386,
      "rev_growth_yoy": 0.20563962534704214,
      "rev_growth_yoy_accel": 0.3323464034165513,
      "fcf_margin_change": 0.7987011408330074
    },
    {
      "date": "2024-03-31T00:00:00",
      "quarter_label": "2024-03 (Q1)",
      "revenue": 344439000,
      "gross_profit": null,
      "operating_income": null,
      "net_income": 42493000,
      "opex": null,
      "cogs": null,
      "rd": null,
      "sga": null,
      "fcf": -197186000,
      "ocf": -197186000,
      "capex": null,
      "gross_margin": null,
      "op_margin": null,
      "fcf_margin": -0.5724845328200349,
      "rev_growth_yoy": 0.1460518260221465,
      "rev_growth_yoy_accel": -0.059587799324895635,
      "fcf_margin_change": -1.4645148065190736
    },
    {
      "date": "2024-06-30T00:00:00",
      "quarter_label": "2024-06 (Q2)",
      "revenue": 340844000,
      "gross_profit": null,
      "operating_income": null,
      "net_income": 34773000,
      "opex": null,
      "cogs": null,
      "rd": null,
      "sga": null,
      "fcf": 266475000,
      "ocf": 266475000,
      "capex": null,
      "gross_margin": null,
      "op_margin": null,
      "fcf_margin": 0.7818092734506108,
      "rev_growth_yoy": 0.16995445043610188,
      "rev_growth_yoy_accel": 0.02390262441395538,
      "fcf_margin_change": 1.3542938062706456
    },
    {
      "date": "2024-09-30T00:00:00",
      "quarter_label": "2024-09 (Q3)",
      "revenue": 360928000,
      "gross_profit": null,
      "operating_income": null,
      "net_income": 34789000,
      "opex": null,
      "cogs": null,
      "rd": null,
      "sga": null,
      "fcf": 80128000,
      "ocf": 80128000,
      "capex": null,
      "gross_margin": null,
      "op_margin": null,
      "fcf_margin": 0.22200549694121818,
      "rev_growth_yoy": 0.23592358345518114,
      "rev_growth_yoy_accel": 0.06596913301907925,
      "fcf_margin_change": -0.5598037765093926
    },
    {
      "date": "2024-12-31T00:00:00",
      "quarter_label": "2024-12 (Q4)",
      "revenue": 485384000,
      "gross_profit": null,
      "operating_income": null,
      "net_income": 69059000,
      "opex": null,
      "cogs": null,
      "rd": null,
      "sga": null,
      "fcf": 163838000,
      "ocf": 163838000,
      "capex": null,
      "gross_margin": null,
      "op_margin": null,
      "fcf_margin": 0.33754305869167506,
      "rev_growth_yoy": 0.023569875602848546,
      "rev_growth_yoy_accel": -0.2123537078523326,
      "fcf_margin_change": 0.11553756175045687
    },
    {
      "date": "2025-03-31T00:00:00",
      "quarter_label": "2025-03 (Q1)",
      "revenue": 358554000,
      "gross_profit": null,
      "operating_income": null,
      "net_income": 64915000,
      "opex": null,
      "cogs": null,
      "rd": null,
      "sga": null,
      "fcf": -207225000,
      "ocf": -207225000,
      "capex": null,
      "gross_margin": null,
      "op_margin": null,
      "fcf_margin": -0.5779464181127529,
      "rev_growth_yoy": 0.04097968000139357,
      "rev_growth_yoy_accel": 0.017409804398545024,
      "fcf_margin_change": -0.9154894768044279
    },
    {
      "date": "2025-06-30T00:00:00",
      "quarter_label": "2025-06 (Q2)",
      "revenue": 398577000,
      "gross_profit": null,
      "operating_income": null,
      "net_income": 42182000,
      "opex": null,
      "cogs": null,
      "rd": null,
      "sga": null,
      "fcf": 32144000,
      "ocf": 32144000,
      "capex": null,
      "gross_margin": null,
      "op_margin": null,
      "fcf_margin": 0.08064690135155816,
      "rev_growth_yoy": 0.1693824740937203,
      "rev_growth_yoy_accel": 0.12840279409232672,
      "fcf_margin_change": 0.6585933194643111
    },
    {
      "date": "2025-09-30T00:00:00",
      "quarter_label": "2025-09 (Q3)",
      "revenue": 480094000,
      "gross_profit": null,
      "operating_income": null,
      "net_income": 60266000,
      "opex": null,
      "cogs": null,
      "rd": null,
      "sga": null,
      "fcf": 31908000,
      "ocf": 31908000,
      "capex": null,
      "gross_margin": null,
      "op_margin": null,
      "fcf_margin": 0.06646198452802993,
      "rev_growth_yoy": 0.3301655731891125,
      "rev_growth_yoy_accel": 0.1607830990953922,
      "fcf_margin_change": -0.014184916823528237
    }
  ],
  "signals": [
    {
      "quarter": "2025-09 (Q3)",
      "signal": "YoY REVENUE GROWTH ACCELERATION",
      "detail": "YoY growth: +33.0% vs prior quarter YoY: +16.9% (accel: +16.1%)",
      "severity": "HIGH"
    },
    {
      "quarter": "2025-06 (Q2)",
      "signal": "FCF TURNED POSITIVE",
      "detail": "FCF margin: -57.8% -> +8.1%",
      "severity": "HIGH"
    },
    {
      "quarter": "2025-06 (Q2)",
      "signal": "YoY REVENUE GROWTH ACCELERATION",
      "detail": "YoY growth: +16.9% vs prior quarter YoY: +4.1% (accel: +12.8%)",
      "severity": "MEDIUM"
    },
    {
      "quarter": "2024-12 (Q4)",
      "signal": "FCF MARGIN EXPANSION",
      "detail": "FCF margin: +22.2% -> +33.8% (+11.6%)",
      "severity": "MEDIUM"
    },
    {
      "quarter": "2024-12 (Q4)",
      "signal": "YoY REVENUE GROWTH DECELERATION",
      "detail": "YoY growth: +2.4% vs prior quarter YoY: +23.6% (decel: -21.2%)",
      "severity": "WARNING"
    },
    {
      "quarter": "2024-09 (Q3)",
      "signal": "YoY REVENUE GROWTH ACCELERATION",
      "detail": "YoY growth: +23.6% vs prior quarter YoY: +17.0% (accel: +6.6%)",
      "severity": "MEDIUM"
    },
    {
      "quarter": "2024-06 (Q2)",
      "signal": "FCF TURNED POSITIVE",
      "detail": "FCF margin: -57.2% -> +78.2%",
      "severity": "HIGH"
    },
    {
      "quarter": "2024-03 (Q1)",
      "signal": "YoY REVENUE GROWTH DECELERATION",
      "detail": "YoY growth: +14.6% vs prior quarter YoY: +20.6% (decel: -6.0%)",
      "severity": "WARNING"
    },
    {
      "quarter": "2023-12 (Q4)",
      "signal": "FCF MARGIN EXPANSION",
      "detail": "FCF margin: +9.3% -> +89.2% (+79.9%)",
      "severity": "MEDIUM"
    },
    {
      "quarter": "2023-12 (Q4)",
      "signal": "YoY REVENUE GROWTH ACCELERATION",
      "detail": "YoY growth: +20.6% vs prior quarter YoY: -12.7% (accel: +33.2%)",
      "severity": "HIGH"
    },
    {
      "quarter": "2023-09 (Q3)",
      "signal": "YoY REVENUE GROWTH ACCELERATION",
      "detail": "YoY growth: -12.7% vs prior quarter YoY: -17.8% (accel: +5.2%)",
      "severity": "MEDIUM"
    },
    {
      "quarter": "2023-06 (Q2)",
      "signal": "FCF TURNED POSITIVE",
      "detail": "FCF margin: -67.2% -> +9.4%",
      "severity": "HIGH"
    },
    {
      "quarter": "2023-03 (Q1)",
      "signal": "YoY REVENUE GROWTH ACCELERATION",
      "detail": "YoY growth: -14.8% vs prior quarter YoY: -39.6% (accel: +24.7%)",
      "severity": "HIGH"
    },
    {
      "quarter": "2022-12 (Q4)",
      "signal": "FCF MARGIN EXPANSION",
      "detail": "FCF margin: +19.3% -> +40.9% (+21.6%)",
      "severity": "MEDIUM"
    },
    {
      "quarter": "2022-12 (Q4)",
      "signal": "YoY REVENUE GROWTH DECELERATION",
      "detail": "YoY growth: -39.6% vs prior quarter YoY: -25.4% (decel: -14.2%)",
      "severity": "WARNING"
    },
    {
      "quarter": "2022-09 (Q3)",
      "signal": "FCF MARGIN EXPANSION",
      "detail": "FCF margin: +9.6% -> +19.3% (+9.7%)",
      "severity": "MEDIUM"
    },
    {
      "quarter": "2022-09 (Q3)",
      "signal": "YoY REVENUE GROWTH ACCELERATION",
      "detail": "YoY growth: -25.4% vs prior quarter YoY: -30.7% (accel: +5.3%)",
      "severity": "MEDIUM"
    },
    {
      "quarter": "2022-06 (Q2)",
      "signal": "FCF TURNED POSITIVE",
      "detail": "FCF margin: -137.2% -> +9.6%",
      "severity": "HIGH"
    },
    {
      "quarter": "2022-06 (Q2)",
      "signal": "YoY REVENUE GROWTH DECELERATION",
      "detail": "YoY growth: -30.7% vs prior quarter YoY: -18.2% (decel: -12.5%)",
      "severity": "WARNING"
    },
    {
      "quarter": "2022-03 (Q1)",
      "signal": "YoY REVENUE GROWTH DECELERATION",
      "detail": "YoY growth: -18.2% vs prior quarter YoY: +59.1% (decel: -77.3%)",
      "severity": "WARNING"
    },
    {
      "quarter": "2021-12 (Q4)",
      "signal": "FCF MARGIN EXPANSION",
      "detail": "FCF margin: +46.5% -> +74.9% (+28.4%)",
      "severity": "MEDIUM"
    },
    {
      "quarter": "2021-06 (Q2)",
      "signal": "FCF TURNED POSITIVE",
      "detail": "FCF margin: -61.1% -> +53.7%",
      "severity": "HIGH"
    }
  ],
  "data_quality": {
    "n_quarters": 20,
    "coverage": {
      "revenue": [
        20,
        20
      ],
      "gross_profit": [
        0,
        20
      ],
      "op_income": [
        0,
        20
      ],
      "fcf": [
        20,
        20
      ]
    },
    "gaps": [],
    "warnings": [
      "gross_profit: no data",
      "op_income: no data"
    ]
  },
  "market_cap": null,
  "source": "SEC EDGAR",
  "last_updated": "2026-02-02T20:57:14.279381"
}