{
  "ticker": "PJT",
  "name": "PJT Partners Inc.",
  "quarters": [
    {
      "date": "2020-12-31T00:00:00",
      "quarter_label": "2020-12 (Q4)",
      "revenue": 322003000,
      "gross_profit": null,
      "operating_income": null,
      "net_income": 46112000,
      "opex": 227374000,
      "cogs": null,
      "rd": null,
      "sga": null,
      "fcf": 169214000,
      "ocf": 169386000,
      "capex": -172000,
      "gross_margin": null,
      "op_margin": null,
      "fcf_margin": 0.5255044207662661
    },
    {
      "date": "2021-03-31T00:00:00",
      "quarter_label": "2021-03 (Q1)",
      "revenue": 206700000,
      "gross_profit": null,
      "operating_income": null,
      "net_income": 26682000,
      "opex": 162811000,
      "cogs": null,
      "rd": null,
      "sga": null,
      "fcf": -149803000,
      "ocf": -149760000,
      "capex": -43000,
      "gross_margin": null,
      "op_margin": null,
      "fcf_margin": -0.7247363328495404,
      "fcf_margin_change": -1.2502407536158064
    },
    {
      "date": "2021-06-30T00:00:00",
      "quarter_label": "2021-06 (Q2)",
      "revenue": 240681000,
      "gross_profit": null,
      "operating_income": null,
      "net_income": 23145000,
      "opex": 188235000,
      "cogs": null,
      "rd": null,
      "sga": null,
      "fcf": 100330000,
      "ocf": 102139000,
      "capex": -1809000,
      "gross_margin": null,
      "op_margin": null,
      "fcf_margin": 0.4168588297372871,
      "op_leverage_ratio": 1.0527749496264687,
      "fcf_margin_change": 1.1415951625868275
    },
    {
      "date": "2021-09-30T00:00:00",
      "quarter_label": "2021-09 (Q3)",
      "revenue": 231298000,
      "gross_profit": null,
      "operating_income": null,
      "net_income": 21445000,
      "opex": 183023000,
      "cogs": null,
      "rd": null,
      "sga": null,
      "fcf": 178329000,
      "ocf": 181229000,
      "capex": -2900000,
      "gross_margin": null,
      "op_margin": null,
      "fcf_margin": 0.7709923994154727,
      "fcf_margin_change": 0.3541335696781856
    },
    {
      "date": "2021-12-31T00:00:00",
      "quarter_label": "2021-12 (Q4)",
      "revenue": 313266000,
      "gross_profit": null,
      "operating_income": null,
      "net_income": 34896000,
      "opex": 238427000,
      "cogs": null,
      "rd": null,
      "sga": null,
      "fcf": -11167000,
      "ocf": -9447000,
      "capex": -1720000,
      "gross_margin": null,
      "op_margin": null,
      "fcf_margin": -0.035647022019625496,
      "rev_growth_yoy": -0.027133287578066042,
      "op_leverage_ratio": 1.1706767957427067,
      "fcf_margin_change": -0.8066394214350983
    },
    {
      "date": "2022-03-31T00:00:00",
      "quarter_label": "2022-03 (Q1)",
      "revenue": 246319000,
      "gross_profit": null,
      "operating_income": null,
      "net_income": 25704000,
      "opex": 196171000,
      "cogs": null,
      "rd": null,
      "sga": null,
      "fcf": -43045000,
      "ocf": -42239000,
      "capex": -806000,
      "gross_margin": null,
      "op_margin": null,
      "fcf_margin": -0.17475306411604463,
      "rev_growth_yoy": 0.19167392356071603,
      "rev_growth_yoy_accel": 0.21880721113878207,
      "fcf_margin_change": -0.13910604209641914
    },
    {
      "date": "2022-06-30T00:00:00",
      "quarter_label": "2022-06 (Q2)",
      "revenue": 233141000,
      "gross_profit": null,
      "operating_income": null,
      "net_income": 19168000,
      "opex": 189453000,
      "cogs": null,
      "rd": null,
      "sga": null,
      "fcf": 158769000,
      "ocf": 159715000,
      "capex": -946000,
      "gross_margin": null,
      "op_margin": null,
      "fcf_margin": 0.6809999099257531,
      "rev_growth_yoy": -0.03132777410763625,
      "rev_growth_yoy_accel": -0.22300169766835226,
      "fcf_margin_change": 0.8557529740417977
    },
    {
      "date": "2022-09-30T00:00:00",
      "quarter_label": "2022-09 (Q3)",
      "revenue": 266092000,
      "gross_profit": null,
      "operating_income": null,
      "net_income": 21088000,
      "opex": 218450000,
      "cogs": null,
      "rd": null,
      "sga": null,
      "fcf": 159952000,
      "ocf": 160708000,
      "capex": -756000,
      "gross_margin": null,
      "op_margin": null,
      "fcf_margin": 0.6011154036949626,
      "rev_growth_yoy": 0.1504293162932667,
      "rev_growth_yoy_accel": 0.18175709040090293,
      "op_leverage_ratio": 0.9234180562964321,
      "fcf_margin_change": -0.07988450623079046
    },
    {
      "date": "2022-12-31T00:00:00",
      "quarter_label": "2022-12 (Q4)",
      "revenue": 279953000,
      "gross_profit": null,
      "operating_income": null,
      "net_income": 24574000,
      "opex": 219960000,
      "cogs": null,
      "rd": null,
      "sga": null,
      "fcf": -36379000,
      "ocf": -35453000,
      "capex": -926000,
      "gross_margin": null,
      "op_margin": null,
      "fcf_margin": -0.12994681250066975,
      "rev_growth_yoy": -0.10634093709499276,
      "rev_growth_yoy_accel": -0.25677025338825943,
      "op_leverage_ratio": 7.535947209614202,
      "fcf_margin_change": -0.7310622161956324
    },
    {
      "date": "2023-03-31T00:00:00",
      "quarter_label": "2023-03 (Q1)",
      "revenue": 199988000,
      "gross_profit": null,
      "operating_income": null,
      "net_income": 17336000,
      "opex": 170795000,
      "cogs": null,
      "rd": null,
      "sga": null,
      "fcf": -25135000,
      "ocf": -22989000,
      "capex": -2146000,
      "gross_margin": null,
      "op_margin": null,
      "fcf_margin": -0.12568254095245715,
      "rev_growth_yoy": -0.18809348852504273,
      "rev_growth_yoy_accel": -0.08175255143004997,
      "fcf_margin_change": 0.0042642715482126
    },
    {
      "date": "2023-06-30T00:00:00",
      "quarter_label": "2023-06 (Q2)",
      "revenue": 346277000,
      "gross_profit": null,
      "operating_income": null,
      "net_income": 22141000,
      "opex": 292108000,
      "cogs": null,
      "rd": null,
      "sga": null,
      "fcf": 189876000,
      "ocf": 190604000,
      "capex": -728000,
      "gross_margin": null,
      "op_margin": null,
      "fcf_margin": 0.5483355810521634,
      "rev_growth_yoy": 0.4852685713795514,
      "rev_growth_yoy_accel": 0.6733620599045942,
      "op_leverage_ratio": 1.0298537242809198,
      "fcf_margin_change": 0.6740181220046205
    },
    {
      "date": "2023-09-30T00:00:00",
      "quarter_label": "2023-09 (Q3)",
      "revenue": 278363000,
      "gross_profit": null,
      "operating_income": null,
      "net_income": 17410000,
      "opex": 235809000,
      "cogs": null,
      "rd": null,
      "sga": null,
      "fcf": 149596000,
      "ocf": 150145000,
      "capex": -549000,
      "gross_margin": null,
      "op_margin": null,
      "fcf_margin": 0.5374133774962908,
      "rev_growth_yoy": 0.046115629180884805,
      "rev_growth_yoy_accel": -0.43915294219866663,
      "fcf_margin_change": -0.01092220355587259
    },
    {
      "date": "2023-12-31T00:00:00",
      "quarter_label": "2023-12 (Q4)",
      "revenue": 328554000,
      "gross_profit": null,
      "operating_income": null,
      "net_income": 24912000,
      "opex": 276861000,
      "cogs": null,
      "rd": null,
      "sga": null,
      "fcf": 123270000,
      "ocf": 123774000,
      "capex": -504000,
      "gross_margin": null,
      "op_margin": null,
      "fcf_margin": 0.3751894665717051,
      "rev_growth_yoy": 0.17360414069504523,
      "rev_growth_yoy_accel": 0.12748851151416044,
      "op_leverage_ratio": 1.0357153112231803,
      "fcf_margin_change": -0.1622239109245857
    },
    {
      "date": "2024-03-31T00:00:00",
      "quarter_label": "2024-03 (Q1)",
      "revenue": 329393000,
      "gross_profit": null,
      "operating_income": null,
      "net_income": 32623000,
      "opex": 275490000,
      "cogs": null,
      "rd": null,
      "sga": null,
      "fcf": -39218000,
      "ocf": -38779000,
      "capex": -439000,
      "gross_margin": null,
      "op_margin": null,
      "fcf_margin": -0.11906142510618016,
      "rev_growth_yoy": 0.6470638238294297,
      "rev_growth_yoy_accel": 0.47345968313438447,
      "fcf_margin_change": -0.4942508916778853
    },
    {
      "date": "2024-06-30T00:00:00",
      "quarter_label": "2024-06 (Q2)",
      "revenue": 360181000,
      "gross_profit": null,
      "operating_income": null,
      "net_income": 28316000,
      "opex": 295782000,
      "cogs": null,
      "rd": null,
      "sga": null,
      "fcf": 193038000,
      "ocf": 193554000,
      "capex": -516000,
      "gross_margin": null,
      "op_margin": null,
      "fcf_margin": 0.5359472043222713,
      "rev_growth_yoy": 0.04015282562803767,
      "rev_growth_yoy_accel": -0.606910998201392,
      "op_leverage_ratio": 1.2689604823946161,
      "fcf_margin_change": 0.6550086294284514
    },
    {
      "date": "2024-09-30T00:00:00",
      "quarter_label": "2024-09 (Q3)",
      "revenue": 326322000,
      "gross_profit": null,
      "operating_income": null,
      "net_income": 22150000,
      "opex": 276935000,
      "cogs": null,
      "rd": null,
      "sga": null,
      "fcf": 178541000,
      "ocf": 180459000,
      "capex": -1918000,
      "gross_margin": null,
      "op_margin": null,
      "fcf_margin": 0.5471313610482897,
      "rev_growth_yoy": 0.17228942064857758,
      "rev_growth_yoy_accel": 0.13213659502053993,
      "fcf_margin_change": 0.011184156726018468
    },
    {
      "date": "2024-12-31T00:00:00",
      "quarter_label": "2024-12 (Q4)",
      "revenue": 477281000,
      "gross_profit": null,
      "operating_income": null,
      "net_income": 51304000,
      "opex": 374401000,
      "cogs": null,
      "rd": null,
      "sga": null,
      "fcf": 195291000,
      "ocf": 195716000,
      "capex": -425000,
      "gross_margin": null,
      "op_margin": null,
      "fcf_margin": 0.40917405050693406,
      "rev_growth_yoy": 0.45267140257004934,
      "rev_growth_yoy_accel": 0.2803819819214718,
      "op_leverage_ratio": 1.3144296892860514,
      "fcf_margin_change": -0.13795731054135568
    },
    {
      "date": "2025-03-31T00:00:00",
      "quarter_label": "2025-03 (Q1)",
      "revenue": 324531000,
      "gross_profit": null,
      "operating_income": null,
      "net_income": 54016000,
      "opex": 271953000,
      "cogs": null,
      "rd": null,
      "sga": null,
      "fcf": -77921000,
      "ocf": -75939000,
      "capex": -1982000,
      "gross_margin": null,
      "op_margin": null,
      "fcf_margin": -0.24010341076815467,
      "rev_growth_yoy": -0.014760483677552347,
      "rev_growth_yoy_accel": -0.4674318862476017,
      "fcf_margin_change": -0.6492774612750887
    },
    {
      "date": "2025-06-30T00:00:00",
      "quarter_label": "2025-06 (Q2)",
      "revenue": 406884000,
      "gross_profit": null,
      "operating_income": null,
      "net_income": 32900000,
      "opex": 330405000,
      "cogs": null,
      "rd": null,
      "sga": null,
      "fcf": 178909000,
      "ocf": 190427000,
      "capex": -11518000,
      "gross_margin": null,
      "op_margin": null,
      "fcf_margin": 0.43970517395621356,
      "rev_growth_yoy": 0.1296653626926462,
      "rev_growth_yoy_accel": 0.14442584637019854,
      "op_leverage_ratio": 1.1806406032737162,
      "fcf_margin_change": 0.6798085847243682
    },
    {
      "date": "2025-09-30T00:00:00",
      "quarter_label": "2025-09 (Q3)",
      "revenue": 447093000,
      "gross_profit": null,
      "operating_income": null,
      "net_income": 39839000,
      "opex": 356140000,
      "cogs": null,
      "rd": null,
      "sga": null,
      "fcf": 240896000,
      "ocf": 256103000,
      "capex": -15207000,
      "gross_margin": null,
      "op_margin": null,
      "fcf_margin": 0.5388051255555332,
      "rev_growth_yoy": 0.3700976336256826,
      "rev_growth_yoy_accel": 0.2404322709330364,
      "op_leverage_ratio": 1.268747204213695,
      "fcf_margin_change": 0.09909995159931961
    }
  ],
  "signals": [
    {
      "quarter": "2025-09 (Q3)",
      "signal": "FCF MARGIN EXPANSION",
      "detail": "FCF margin: +44.0% -> +53.9% (+9.9%)",
      "severity": "MEDIUM"
    },
    {
      "quarter": "2025-09 (Q3)",
      "signal": "YoY REVENUE GROWTH ACCELERATION",
      "detail": "YoY growth: +37.0% vs prior quarter YoY: +13.0% (accel: +24.0%)",
      "severity": "HIGH"
    },
    {
      "quarter": "2025-06 (Q2)",
      "signal": "FCF TURNED POSITIVE",
      "detail": "FCF margin: -24.0% -> +44.0%",
      "severity": "HIGH"
    },
    {
      "quarter": "2025-06 (Q2)",
      "signal": "YoY REVENUE GROWTH ACCELERATION",
      "detail": "YoY growth: +13.0% vs prior quarter YoY: -1.5% (accel: +14.4%)",
      "severity": "MEDIUM"
    },
    {
      "quarter": "2025-03 (Q1)",
      "signal": "YoY REVENUE GROWTH DECELERATION",
      "detail": "YoY growth: -1.5% vs prior quarter YoY: +45.3% (decel: -46.7%)",
      "severity": "WARNING"
    },
    {
      "quarter": "2024-12 (Q4)",
      "signal": "YoY REVENUE GROWTH ACCELERATION",
      "detail": "YoY growth: +45.3% vs prior quarter YoY: +17.2% (accel: +28.0%)",
      "severity": "HIGH"
    },
    {
      "quarter": "2024-09 (Q3)",
      "signal": "YoY REVENUE GROWTH ACCELERATION",
      "detail": "YoY growth: +17.2% vs prior quarter YoY: +4.0% (accel: +13.2%)",
      "severity": "MEDIUM"
    },
    {
      "quarter": "2024-06 (Q2)",
      "signal": "FCF TURNED POSITIVE",
      "detail": "FCF margin: -11.9% -> +53.6%",
      "severity": "HIGH"
    },
    {
      "quarter": "2024-06 (Q2)",
      "signal": "YoY REVENUE GROWTH DECELERATION",
      "detail": "YoY growth: +4.0% vs prior quarter YoY: +64.7% (decel: -60.7%)",
      "severity": "WARNING"
    },
    {
      "quarter": "2024-03 (Q1)",
      "signal": "YoY REVENUE GROWTH ACCELERATION",
      "detail": "YoY growth: +64.7% vs prior quarter YoY: +17.4% (accel: +47.3%)",
      "severity": "HIGH"
    },
    {
      "quarter": "2023-12 (Q4)",
      "signal": "YoY REVENUE GROWTH ACCELERATION",
      "detail": "YoY growth: +17.4% vs prior quarter YoY: +4.6% (accel: +12.7%)",
      "severity": "MEDIUM"
    },
    {
      "quarter": "2023-09 (Q3)",
      "signal": "YoY REVENUE GROWTH DECELERATION",
      "detail": "YoY growth: +4.6% vs prior quarter YoY: +48.5% (decel: -43.9%)",
      "severity": "WARNING"
    },
    {
      "quarter": "2023-06 (Q2)",
      "signal": "FCF TURNED POSITIVE",
      "detail": "FCF margin: -12.6% -> +54.8%",
      "severity": "HIGH"
    },
    {
      "quarter": "2023-06 (Q2)",
      "signal": "YoY REVENUE GROWTH ACCELERATION",
      "detail": "YoY growth: +48.5% vs prior quarter YoY: -18.8% (accel: +67.3%)",
      "severity": "HIGH"
    },
    {
      "quarter": "2023-03 (Q1)",
      "signal": "YoY REVENUE GROWTH DECELERATION",
      "detail": "YoY growth: -18.8% vs prior quarter YoY: -10.6% (decel: -8.2%)",
      "severity": "WARNING"
    },
    {
      "quarter": "2022-12 (Q4)",
      "signal": "OPERATING LEVERAGE",
      "detail": "Rev growth +5.2% vs OpEx growth +0.7% (leverage: 7.5x)",
      "severity": "MEDIUM"
    },
    {
      "quarter": "2022-12 (Q4)",
      "signal": "YoY REVENUE GROWTH DECELERATION",
      "detail": "YoY growth: -10.6% vs prior quarter YoY: +15.0% (decel: -25.7%)",
      "severity": "WARNING"
    },
    {
      "quarter": "2022-09 (Q3)",
      "signal": "YoY REVENUE GROWTH ACCELERATION",
      "detail": "YoY growth: +15.0% vs prior quarter YoY: -3.1% (accel: +18.2%)",
      "severity": "HIGH"
    },
    {
      "quarter": "2022-06 (Q2)",
      "signal": "FCF TURNED POSITIVE",
      "detail": "FCF margin: -17.5% -> +68.1%",
      "severity": "HIGH"
    },
    {
      "quarter": "2022-06 (Q2)",
      "signal": "YoY REVENUE GROWTH DECELERATION",
      "detail": "YoY growth: -3.1% vs prior quarter YoY: +19.2% (decel: -22.3%)",
      "severity": "WARNING"
    },
    {
      "quarter": "2022-03 (Q1)",
      "signal": "YoY REVENUE GROWTH ACCELERATION",
      "detail": "YoY growth: +19.2% vs prior quarter YoY: -2.7% (accel: +21.9%)",
      "severity": "HIGH"
    },
    {
      "quarter": "2021-09 (Q3)",
      "signal": "FCF MARGIN EXPANSION",
      "detail": "FCF margin: +41.7% -> +77.1% (+35.4%)",
      "severity": "MEDIUM"
    },
    {
      "quarter": "2021-06 (Q2)",
      "signal": "FCF TURNED POSITIVE",
      "detail": "FCF margin: -72.5% -> +41.7%",
      "severity": "HIGH"
    }
  ],
  "data_quality": {
    "n_quarters": 20,
    "coverage": {
      "revenue": [
        20,
        20
      ],
      "gross_profit": [
        0,
        20
      ],
      "op_income": [
        0,
        20
      ],
      "fcf": [
        20,
        20
      ]
    },
    "gaps": [],
    "warnings": [
      "gross_profit: no data",
      "op_income: no data"
    ]
  },
  "market_cap": null,
  "source": "SEC EDGAR",
  "last_updated": "2026-02-02T20:51:13.092492"
}