{
  "ticker": "PK",
  "name": "Park Hotels & Resorts Inc.",
  "quarters": [
    {
      "date": "2020-12-31T00:00:00",
      "quarter_label": "2020-12 (Q4)",
      "revenue": 113000000,
      "gross_profit": null,
      "operating_income": -159000000,
      "net_income": -217000000,
      "opex": 272000000,
      "cogs": null,
      "rd": null,
      "sga": null,
      "fcf": -180000000,
      "ocf": -164000000,
      "capex": -16000000,
      "gross_margin": null,
      "op_margin": -1.407079646017699,
      "fcf_margin": -1.592920353982301
    },
    {
      "date": "2021-03-31T00:00:00",
      "quarter_label": "2021-03 (Q1)",
      "revenue": 165000000,
      "gross_profit": null,
      "operating_income": -123000000,
      "net_income": -190000000,
      "opex": 288000000,
      "cogs": null,
      "rd": null,
      "sga": null,
      "fcf": -76000000,
      "ocf": -71000000,
      "capex": -5000000,
      "gross_margin": null,
      "op_margin": -0.7454545454545455,
      "fcf_margin": -0.46060606060606063,
      "op_leverage_ratio": 7.823008849557522,
      "fcf_margin_change": 1.1323142933762402
    },
    {
      "date": "2021-06-30T00:00:00",
      "quarter_label": "2021-06 (Q2)",
      "revenue": 323000000,
      "gross_profit": null,
      "operating_income": -44000000,
      "net_income": -116000000,
      "opex": 373000000,
      "cogs": null,
      "rd": null,
      "sga": null,
      "fcf": -98000000,
      "ocf": -90000000,
      "capex": -8000000,
      "gross_margin": null,
      "op_margin": -0.13622291021671826,
      "fcf_margin": -0.30340557275541796,
      "op_leverage_ratio": 3.2444919786096253,
      "fcf_margin_change": 0.15720048785064267
    },
    {
      "date": "2021-09-30T00:00:00",
      "quarter_label": "2021-09 (Q3)",
      "revenue": 423000000,
      "gross_profit": null,
      "operating_income": -14000000,
      "net_income": -86000000,
      "opex": 426000000,
      "cogs": null,
      "rd": null,
      "sga": null,
      "fcf": 51000000,
      "ocf": 66000000,
      "capex": -15000000,
      "gross_margin": null,
      "op_margin": -0.03309692671394799,
      "fcf_margin": 0.12056737588652482,
      "op_leverage_ratio": 2.178865587943221,
      "fcf_margin_change": 0.4239729486419428
    },
    {
      "date": "2021-12-31T00:00:00",
      "quarter_label": "2021-12 (Q4)",
      "revenue": 451000000,
      "gross_profit": null,
      "operating_income": 2000000,
      "net_income": -67000000,
      "opex": 449000000,
      "cogs": null,
      "rd": null,
      "sga": null,
      "fcf": -68000000,
      "ocf": -42000000,
      "capex": -26000000,
      "gross_margin": null,
      "op_margin": 0.004434589800443459,
      "fcf_margin": -0.15077605321507762,
      "incr_op_margin_yoy": 0.47633136094674555,
      "rev_growth_yoy": 2.9911504424778763,
      "op_leverage_ratio": 1.2260252852297255,
      "fcf_margin_change": -0.2713434291016024
    },
    {
      "date": "2022-03-31T00:00:00",
      "quarter_label": "2022-03 (Q1)",
      "revenue": 479000000,
      "gross_profit": null,
      "operating_income": 1000000,
      "net_income": -57000000,
      "opex": 478000000,
      "cogs": null,
      "rd": null,
      "sga": null,
      "fcf": 23000000,
      "ocf": 44000000,
      "capex": -21000000,
      "gross_margin": null,
      "op_margin": 0.0020876826722338203,
      "fcf_margin": 0.04801670146137787,
      "incr_op_margin_yoy": 0.39490445859872614,
      "rev_growth_yoy": 1.903030303030303,
      "rev_growth_yoy_accel": -1.0881201394475732,
      "op_leverage_ratio": 0.9612355684685373,
      "fcf_margin_change": 0.1987927546764555
    },
    {
      "date": "2022-06-30T00:00:00",
      "quarter_label": "2022-06 (Q2)",
      "revenue": 695000000,
      "gross_profit": null,
      "operating_income": 119000000,
      "net_income": 150000000,
      "opex": 575000000,
      "cogs": null,
      "rd": null,
      "sga": null,
      "fcf": 116000000,
      "ocf": 147000000,
      "capex": -31000000,
      "gross_margin": null,
      "op_margin": 0.1712230215827338,
      "fcf_margin": 0.1669064748201439,
      "incr_op_margin_yoy": 0.4381720430107527,
      "rev_growth_yoy": 1.151702786377709,
      "rev_growth_yoy_accel": -0.7513275166525941,
      "op_leverage_ratio": 2.222155263327809,
      "fcf_margin_change": 0.11888977335876602
    },
    {
      "date": "2022-09-30T00:00:00",
      "quarter_label": "2022-09 (Q3)",
      "revenue": 662000000,
      "gross_profit": null,
      "operating_income": 92000000,
      "net_income": 35000000,
      "opex": 584000000,
      "cogs": null,
      "rd": null,
      "sga": null,
      "fcf": 96000000,
      "ocf": 148000000,
      "capex": -52000000,
      "gross_margin": null,
      "op_margin": 0.13897280966767372,
      "fcf_margin": 0.14501510574018128,
      "incr_op_margin_yoy": 0.4435146443514644,
      "rev_growth_yoy": 0.5650118203309693,
      "rev_growth_yoy_accel": -0.5866909660467396,
      "fcf_margin_change": -0.021891369079962614
    },
    {
      "date": "2022-12-31T00:00:00",
      "quarter_label": "2022-12 (Q4)",
      "revenue": 665000000,
      "gross_profit": null,
      "operating_income": 84000000,
      "net_income": 34000000,
      "opex": 581000000,
      "cogs": null,
      "rd": null,
      "sga": null,
      "fcf": 6000000,
      "ocf": 70000000,
      "capex": -64000000,
      "gross_margin": null,
      "op_margin": 0.12631578947368421,
      "fcf_margin": 0.009022556390977444,
      "incr_op_margin_yoy": 0.38317757009345793,
      "rev_growth_yoy": 0.4745011086474501,
      "rev_growth_yoy_accel": -0.09051071168351921,
      "fcf_margin_change": -0.13599254934920385
    },
    {
      "date": "2023-03-31T00:00:00",
      "quarter_label": "2023-03 (Q1)",
      "revenue": 648000000,
      "gross_profit": null,
      "operating_income": 80000000,
      "net_income": 33000000,
      "opex": 583000000,
      "cogs": null,
      "rd": null,
      "sga": null,
      "fcf": 50000000,
      "ocf": 104000000,
      "capex": -54000000,
      "gross_margin": null,
      "op_margin": 0.12345679012345678,
      "fcf_margin": 0.07716049382716049,
      "incr_op_margin_yoy": 0.46745562130177515,
      "rev_growth_yoy": 0.35281837160751567,
      "rev_growth_yoy_accel": -0.12168273703993443,
      "fcf_margin_change": 0.06813793743618304
    },
    {
      "date": "2023-06-30T00:00:00",
      "quarter_label": "2023-06 (Q2)",
      "revenue": 714000000,
      "gross_profit": null,
      "operating_income": -98000000,
      "net_income": -150000000,
      "opex": 812000000,
      "cogs": null,
      "rd": null,
      "sga": null,
      "fcf": 76000000,
      "ocf": 146000000,
      "capex": -70000000,
      "gross_margin": null,
      "op_margin": -0.13725490196078433,
      "fcf_margin": 0.10644257703081232,
      "incr_op_margin_yoy": -11.421052631578947,
      "rev_growth_yoy": 0.027338129496402876,
      "rev_growth_yoy_accel": -0.3254802421111128,
      "op_leverage_ratio": 0.2592996927058062,
      "fcf_margin_change": 0.029282083203651832
    },
    {
      "date": "2023-09-30T00:00:00",
      "quarter_label": "2023-09 (Q3)",
      "revenue": 679000000,
      "gross_profit": null,
      "operating_income": 85000000,
      "net_income": 27000000,
      "opex": 594000000,
      "cogs": null,
      "rd": null,
      "sga": null,
      "fcf": 56000000,
      "ocf": 127000000,
      "capex": -71000000,
      "gross_margin": null,
      "op_margin": 0.1251840942562592,
      "fcf_margin": 0.08247422680412371,
      "incr_op_margin_yoy": -0.4117647058823529,
      "rev_growth_yoy": 0.0256797583081571,
      "rev_growth_yoy_accel": -0.0016583711882457754,
      "fcf_margin_change": -0.02396835022668861
    },
    {
      "date": "2023-12-31T00:00:00",
      "quarter_label": "2023-12 (Q4)",
      "revenue": 657000000,
      "gross_profit": null,
      "operating_income": 276000000,
      "net_income": 187000000,
      "opex": 602000000,
      "cogs": null,
      "rd": null,
      "sga": null,
      "fcf": 36000000,
      "ocf": 126000000,
      "capex": -90000000,
      "gross_margin": null,
      "op_margin": 0.4200913242009132,
      "fcf_margin": 0.0547945205479452,
      "incr_op_margin_yoy": -24.0,
      "rev_growth_yoy": -0.012030075187969926,
      "rev_growth_yoy_accel": -0.037709833496127027,
      "fcf_margin_change": -0.027679706256178507
    },
    {
      "date": "2024-03-31T00:00:00",
      "quarter_label": "2024-03 (Q1)",
      "revenue": 639000000,
      "gross_profit": null,
      "operating_income": 92000000,
      "net_income": 28000000,
      "opex": 561000000,
      "cogs": null,
      "rd": null,
      "sga": null,
      "fcf": 22000000,
      "ocf": 92000000,
      "capex": -70000000,
      "gross_margin": null,
      "op_margin": 0.14397496087636932,
      "fcf_margin": 0.03442879499217527,
      "incr_op_margin_yoy": -1.3333333333333333,
      "rev_growth_yoy": -0.013888888888888888,
      "rev_growth_yoy_accel": -0.0018588137009189626,
      "fcf_margin_change": -0.02036572555576993
    },
    {
      "date": "2024-06-30T00:00:00",
      "quarter_label": "2024-06 (Q2)",
      "revenue": 686000000,
      "gross_profit": null,
      "operating_income": 121000000,
      "net_income": 64000000,
      "opex": 580000000,
      "cogs": null,
      "rd": null,
      "sga": null,
      "fcf": 66000000,
      "ocf": 117000000,
      "capex": -51000000,
      "gross_margin": null,
      "op_margin": 0.17638483965014579,
      "fcf_margin": 0.09620991253644315,
      "incr_op_margin_yoy": -7.821428571428571,
      "rev_growth_yoy": -0.0392156862745098,
      "rev_growth_yoy_accel": -0.025326797385620915,
      "op_leverage_ratio": 2.1717321472695827,
      "fcf_margin_change": 0.06178111754426788
    },
    {
      "date": "2024-09-30T00:00:00",
      "quarter_label": "2024-09 (Q3)",
      "revenue": 649000000,
      "gross_profit": null,
      "operating_income": 95000000,
      "net_income": 54000000,
      "opex": 569000000,
      "cogs": null,
      "rd": null,
      "sga": null,
      "fcf": 97000000,
      "ocf": 140000000,
      "capex": -43000000,
      "gross_margin": null,
      "op_margin": 0.14637904468412943,
      "fcf_margin": 0.14946070878274267,
      "incr_op_margin_yoy": -0.3333333333333333,
      "rev_growth_yoy": -0.044182621502209134,
      "rev_growth_yoy_accel": -0.00496693522769933,
      "fcf_margin_change": 0.053250796246299525
    },
    {
      "date": "2024-12-31T00:00:00",
      "quarter_label": "2024-12 (Q4)",
      "revenue": 625000000,
      "gross_profit": null,
      "operating_income": 83000000,
      "net_income": 66000000,
      "opex": 566000000,
      "cogs": null,
      "rd": null,
      "sga": null,
      "fcf": 17000000,
      "ocf": 80000000,
      "capex": -63000000,
      "gross_margin": null,
      "op_margin": 0.1328,
      "fcf_margin": 0.0272,
      "incr_op_margin_yoy": 6.03125,
      "rev_growth_yoy": -0.0487062404870624,
      "rev_growth_yoy_accel": -0.0045236189848532685,
      "fcf_margin_change": -0.12226070878274267
    },
    {
      "date": "2025-03-31T00:00:00",
      "quarter_label": "2025-03 (Q1)",
      "revenue": 630000000,
      "gross_profit": null,
      "operating_income": 7000000,
      "net_income": -57000000,
      "opex": 639000000,
      "cogs": null,
      "rd": null,
      "sga": null,
      "fcf": 9000000,
      "ocf": 86000000,
      "capex": -77000000,
      "gross_margin": null,
      "op_margin": 0.011111111111111112,
      "fcf_margin": 0.014285714285714285,
      "incr_op_margin_yoy": 9.444444444444445,
      "rev_growth_yoy": -0.014084507042253521,
      "rev_growth_yoy_accel": 0.03462173344480888,
      "fcf_margin_change": -0.012914285714285713
    },
    {
      "date": "2025-06-30T00:00:00",
      "quarter_label": "2025-06 (Q2)",
      "revenue": 672000000,
      "gross_profit": null,
      "operating_income": 65000000,
      "net_income": -5000000,
      "opex": 624000000,
      "cogs": null,
      "rd": null,
      "sga": null,
      "fcf": 65000000,
      "ocf": 108000000,
      "capex": -43000000,
      "gross_margin": null,
      "op_margin": 0.09672619047619048,
      "fcf_margin": 0.09672619047619048,
      "incr_op_margin_yoy": 4.0,
      "rev_growth_yoy": -0.02040816326530612,
      "rev_growth_yoy_accel": -0.006323656223052599,
      "op_leverage_ratio": Infinity,
      "fcf_margin_change": 0.08244047619047619
    },
    {
      "date": "2025-09-30T00:00:00",
      "quarter_label": "2025-09 (Q3)",
      "revenue": 610000000,
      "gross_profit": null,
      "operating_income": 59000000,
      "net_income": -16000000,
      "opex": 567000000,
      "cogs": null,
      "rd": null,
      "sga": null,
      "fcf": 31000000,
      "ocf": 99000000,
      "capex": -68000000,
      "gross_margin": null,
      "op_margin": 0.09672131147540984,
      "fcf_margin": 0.05081967213114754,
      "incr_op_margin_yoy": 0.9230769230769231,
      "rev_growth_yoy": -0.060092449922958396,
      "rev_growth_yoy_accel": -0.03968428665765228,
      "fcf_margin_change": -0.04590651834504294
    }
  ],
  "signals": [
    {
      "quarter": "2025-09 (Q3)",
      "signal": "INCREMENTAL MARGIN (YoY)",
      "detail": "YoY Incr OPM: +92.3% vs year-ago OPM: +14.6%",
      "severity": "HIGH"
    },
    {
      "quarter": "2025-06 (Q2)",
      "signal": "FCF MARGIN EXPANSION",
      "detail": "FCF margin: +1.4% -> +9.7% (+8.2%)",
      "severity": "MEDIUM"
    },
    {
      "quarter": "2025-06 (Q2)",
      "signal": "INCREMENTAL MARGIN (YoY)",
      "detail": "YoY Incr OPM: +400.0% vs year-ago OPM: +17.6%",
      "severity": "HIGH"
    },
    {
      "quarter": "2025-03 (Q1)",
      "signal": "INCREMENTAL MARGIN (YoY)",
      "detail": "YoY Incr OPM: +944.4% vs year-ago OPM: +14.4%",
      "severity": "HIGH"
    },
    {
      "quarter": "2024-12 (Q4)",
      "signal": "INCREMENTAL MARGIN (YoY)",
      "detail": "YoY Incr OPM: +603.1% vs year-ago OPM: +42.0%",
      "severity": "HIGH"
    },
    {
      "quarter": "2024-09 (Q3)",
      "signal": "FCF MARGIN EXPANSION",
      "detail": "FCF margin: +9.6% -> +14.9% (+5.3%)",
      "severity": "MEDIUM"
    },
    {
      "quarter": "2024-06 (Q2)",
      "signal": "FCF MARGIN EXPANSION",
      "detail": "FCF margin: +3.4% -> +9.6% (+6.2%)",
      "severity": "MEDIUM"
    },
    {
      "quarter": "2024-06 (Q2)",
      "signal": "OPERATING LEVERAGE",
      "detail": "Rev growth +7.4% vs OpEx growth +3.4% (leverage: 2.2x)",
      "severity": "MEDIUM"
    },
    {
      "quarter": "2024-06 (Q2)",
      "signal": "OP MARGIN TURNED POSITIVE (YoY)",
      "detail": "Op margin: -13.7% (year-ago) -> +17.6%",
      "severity": "HIGH"
    },
    {
      "quarter": "2023-09 (Q3)",
      "signal": "OP MARGIN TURNED POSITIVE (QoQ)",
      "detail": "Op margin: -13.7% -> +12.5%",
      "severity": "HIGH"
    },
    {
      "quarter": "2023-06 (Q2)",
      "signal": "YoY REVENUE GROWTH DECELERATION",
      "detail": "YoY growth: +2.7% vs prior quarter YoY: +35.3% (decel: -32.5%)",
      "severity": "WARNING"
    },
    {
      "quarter": "2023-03 (Q1)",
      "signal": "FCF MARGIN EXPANSION",
      "detail": "FCF margin: +0.9% -> +7.7% (+6.8%)",
      "severity": "MEDIUM"
    },
    {
      "quarter": "2023-03 (Q1)",
      "signal": "YoY REVENUE GROWTH DECELERATION",
      "detail": "YoY growth: +35.3% vs prior quarter YoY: +47.5% (decel: -12.2%)",
      "severity": "WARNING"
    },
    {
      "quarter": "2023-03 (Q1)",
      "signal": "INCREMENTAL MARGIN (YoY)",
      "detail": "YoY Incr OPM: +46.7% vs year-ago OPM: +0.2%",
      "severity": "HIGH"
    },
    {
      "quarter": "2022-12 (Q4)",
      "signal": "YoY REVENUE GROWTH DECELERATION",
      "detail": "YoY growth: +47.5% vs prior quarter YoY: +56.5% (decel: -9.1%)",
      "severity": "WARNING"
    },
    {
      "quarter": "2022-12 (Q4)",
      "signal": "INCREMENTAL MARGIN (YoY)",
      "detail": "YoY Incr OPM: +38.3% vs year-ago OPM: +0.4%",
      "severity": "HIGH"
    },
    {
      "quarter": "2022-09 (Q3)",
      "signal": "YoY REVENUE GROWTH DECELERATION",
      "detail": "YoY growth: +56.5% vs prior quarter YoY: +115.2% (decel: -58.7%)",
      "severity": "WARNING"
    },
    {
      "quarter": "2022-09 (Q3)",
      "signal": "OP MARGIN TURNED POSITIVE (YoY)",
      "detail": "Op margin: -3.3% (year-ago) -> +13.9%",
      "severity": "HIGH"
    },
    {
      "quarter": "2022-06 (Q2)",
      "signal": "FCF MARGIN EXPANSION",
      "detail": "FCF margin: +4.8% -> +16.7% (+11.9%)",
      "severity": "MEDIUM"
    },
    {
      "quarter": "2022-06 (Q2)",
      "signal": "OPERATING LEVERAGE",
      "detail": "Rev growth +45.1% vs OpEx growth +20.3% (leverage: 2.2x)",
      "severity": "MEDIUM"
    },
    {
      "quarter": "2022-06 (Q2)",
      "signal": "YoY REVENUE GROWTH DECELERATION",
      "detail": "YoY growth: +115.2% vs prior quarter YoY: +190.3% (decel: -75.1%)",
      "severity": "WARNING"
    },
    {
      "quarter": "2022-06 (Q2)",
      "signal": "OP MARGIN TURNED POSITIVE (YoY)",
      "detail": "Op margin: -13.6% (year-ago) -> +17.1%",
      "severity": "HIGH"
    },
    {
      "quarter": "2022-03 (Q1)",
      "signal": "FCF TURNED POSITIVE",
      "detail": "FCF margin: -15.1% -> +4.8%",
      "severity": "HIGH"
    },
    {
      "quarter": "2022-03 (Q1)",
      "signal": "YoY REVENUE GROWTH DECELERATION",
      "detail": "YoY growth: +190.3% vs prior quarter YoY: +299.1% (decel: -108.8%)",
      "severity": "WARNING"
    },
    {
      "quarter": "2022-03 (Q1)",
      "signal": "OP MARGIN TURNED POSITIVE (YoY)",
      "detail": "Op margin: -74.5% (year-ago) -> +0.2%",
      "severity": "HIGH"
    },
    {
      "quarter": "2021-12 (Q4)",
      "signal": "OP MARGIN TURNED POSITIVE (YoY)",
      "detail": "Op margin: -140.7% (year-ago) -> +0.4%",
      "severity": "HIGH"
    },
    {
      "quarter": "2021-12 (Q4)",
      "signal": "OP MARGIN TURNED POSITIVE (QoQ)",
      "detail": "Op margin: -3.3% -> +0.4%",
      "severity": "HIGH"
    },
    {
      "quarter": "2021-09 (Q3)",
      "signal": "FCF TURNED POSITIVE",
      "detail": "FCF margin: -30.3% -> +12.1%",
      "severity": "HIGH"
    },
    {
      "quarter": "2021-09 (Q3)",
      "signal": "OPERATING LEVERAGE",
      "detail": "Rev growth +31.0% vs OpEx growth +14.2% (leverage: 2.2x)",
      "severity": "MEDIUM"
    },
    {
      "quarter": "2021-06 (Q2)",
      "signal": "FCF MARGIN EXPANSION",
      "detail": "FCF margin: -46.1% -> -30.3% (+15.7%)",
      "severity": "MEDIUM"
    },
    {
      "quarter": "2021-06 (Q2)",
      "signal": "OPERATING LEVERAGE",
      "detail": "Rev growth +95.8% vs OpEx growth +29.5% (leverage: 3.2x)",
      "severity": "MEDIUM"
    },
    {
      "quarter": "2021-03 (Q1)",
      "signal": "FCF MARGIN EXPANSION",
      "detail": "FCF margin: -159.3% -> -46.1% (+113.2%)",
      "severity": "MEDIUM"
    },
    {
      "quarter": "2021-03 (Q1)",
      "signal": "OPERATING LEVERAGE",
      "detail": "Rev growth +46.0% vs OpEx growth +5.9% (leverage: 7.8x)",
      "severity": "MEDIUM"
    }
  ],
  "data_quality": {
    "n_quarters": 20,
    "coverage": {
      "revenue": [
        20,
        20
      ],
      "gross_profit": [
        0,
        20
      ],
      "op_income": [
        20,
        20
      ],
      "fcf": [
        20,
        20
      ]
    },
    "gaps": [],
    "warnings": [
      "gross_profit: no data"
    ]
  },
  "market_cap": null,
  "source": "SEC EDGAR",
  "last_updated": "2026-02-02T21:33:51.909101"
}