{
  "ticker": "PKOH",
  "name": "Park-Ohio Holdings Corp",
  "quarters": [
    {
      "date": "2020-12-31T00:00:00",
      "quarter_label": "2020-12 (Q4)",
      "revenue": 360400000,
      "gross_profit": 50800000,
      "operating_income": 12600000,
      "net_income": 5600000,
      "opex": 38200000,
      "cogs": 309600000,
      "rd": null,
      "sga": 38200000,
      "fcf": 31100000,
      "ocf": 36500000,
      "capex": -5400000,
      "gross_margin": 0.14095449500554938,
      "op_margin": 0.03496115427302997,
      "fcf_margin": 0.08629300776914539
    },
    {
      "date": "2021-03-31T00:00:00",
      "quarter_label": "2021-03 (Q1)",
      "revenue": 359600000,
      "gross_profit": 52000000,
      "operating_income": 12300000,
      "net_income": 5500000,
      "opex": 39700000,
      "cogs": 307600000,
      "rd": null,
      "sga": 39700000,
      "fcf": 3300000,
      "ocf": 9900000,
      "capex": -6600000,
      "gross_margin": 0.1446051167964405,
      "op_margin": 0.03420467185761958,
      "fcf_margin": 0.00917686318131257,
      "fcf_margin_change": -0.07711614458783282
    },
    {
      "date": "2021-06-30T00:00:00",
      "quarter_label": "2021-06 (Q2)",
      "revenue": 350000000,
      "gross_profit": 39900000,
      "operating_income": -3400000,
      "net_income": -5300000,
      "opex": 43300000,
      "cogs": 310100000,
      "rd": null,
      "sga": 43300000,
      "fcf": -41000000,
      "ocf": -33200000,
      "capex": -7800000,
      "gross_margin": 0.114,
      "op_margin": -0.009714285714285713,
      "fcf_margin": -0.11714285714285715,
      "fcf_margin_change": -0.12631972032416972
    },
    {
      "date": "2021-09-30T00:00:00",
      "quarter_label": "2021-09 (Q3)",
      "revenue": 358500000,
      "gross_profit": 40100000,
      "operating_income": -5000000,
      "net_income": -7200000,
      "opex": 45100000,
      "cogs": 318400000,
      "rd": null,
      "sga": 45100000,
      "fcf": -13100000,
      "ocf": -2600000,
      "capex": -10500000,
      "gross_margin": 0.11185495118549511,
      "op_margin": -0.01394700139470014,
      "fcf_margin": -0.036541143654114365,
      "op_leverage_ratio": 0.5842063492063493,
      "fcf_margin_change": 0.08060171348874279
    },
    {
      "date": "2021-12-31T00:00:00",
      "quarter_label": "2021-12 (Q4)",
      "revenue": 369900000,
      "gross_profit": 24100000,
      "operating_income": -16000000,
      "net_income": -17800000,
      "opex": 40100000,
      "cogs": 345800000,
      "rd": null,
      "sga": 50200000,
      "fcf": -14800000,
      "ocf": -17400000,
      "capex": 2600000,
      "gross_margin": 0.06515274398486078,
      "op_margin": -0.04325493376588267,
      "fcf_margin": -0.04001081373344147,
      "incr_op_margin_yoy": -3.0105263157894737,
      "rev_growth_yoy": 0.026359600443951164,
      "op_leverage_ratio": Infinity,
      "fcf_margin_change": -0.0034696700793271085
    },
    {
      "date": "2022-03-31T00:00:00",
      "quarter_label": "2022-03 (Q1)",
      "revenue": 418400000,
      "gross_profit": 53700000,
      "operating_income": 7900000,
      "net_income": 6100000,
      "opex": 45800000,
      "cogs": 364700000,
      "rd": null,
      "sga": 45800000,
      "fcf": -15600000,
      "ocf": -10100000,
      "capex": -5500000,
      "gross_margin": 0.12834608030592734,
      "op_margin": 0.018881453154875716,
      "fcf_margin": -0.0372848948374761,
      "incr_op_margin_yoy": -0.07482993197278912,
      "rev_growth_yoy": 0.1635150166852058,
      "rev_growth_yoy_accel": 0.13715541624125463,
      "op_leverage_ratio": 0.9224162054229925,
      "fcf_margin_change": 0.002725918895965372
    },
    {
      "date": "2022-06-30T00:00:00",
      "quarter_label": "2022-06 (Q2)",
      "revenue": 428600000,
      "gross_profit": 49800000,
      "operating_income": 7700000,
      "net_income": 1000000,
      "opex": 42100000,
      "cogs": 378800000,
      "rd": null,
      "sga": 45000000,
      "fcf": -35300000,
      "ocf": -28100000,
      "capex": -7200000,
      "gross_margin": 0.11619225384974335,
      "op_margin": 0.017965468968735417,
      "fcf_margin": -0.08236117592160523,
      "incr_op_margin_yoy": 0.14122137404580154,
      "rev_growth_yoy": 0.22457142857142856,
      "rev_growth_yoy_accel": 0.06105641188622277,
      "op_leverage_ratio": Infinity,
      "fcf_margin_change": -0.04507628108412913
    },
    {
      "date": "2022-09-30T00:00:00",
      "quarter_label": "2022-09 (Q3)",
      "revenue": 435800000,
      "gross_profit": 50400000,
      "operating_income": 7000000,
      "net_income": 2700000,
      "opex": 43400000,
      "cogs": 385400000,
      "rd": null,
      "sga": 43400000,
      "fcf": -500000,
      "ocf": 6800000,
      "capex": -7300000,
      "gross_margin": 0.1156493804497476,
      "op_margin": 0.016062413951353834,
      "fcf_margin": -0.0011473152822395595,
      "incr_op_margin_yoy": 0.15523932729624837,
      "rev_growth_yoy": 0.21562064156206415,
      "rev_growth_yoy_accel": -0.008950787009364414,
      "op_leverage_ratio": 0.5440252701101977,
      "fcf_margin_change": 0.08121386063936567
    },
    {
      "date": "2022-12-31T00:00:00",
      "quarter_label": "2022-12 (Q4)",
      "revenue": 210100000,
      "gross_profit": 56600000,
      "operating_income": 10800000,
      "net_income": -24000000,
      "opex": 45800000,
      "cogs": 153500000,
      "rd": null,
      "sga": 28000000,
      "fcf": null,
      "ocf": null,
      "capex": -6900000,
      "gross_margin": 0.2693955259400286,
      "op_margin": 0.05140409328891004,
      "fcf_margin": null,
      "incr_op_margin_yoy": -0.1677096370463079,
      "rev_growth_yoy": -0.4320086509867532,
      "rev_growth_yoy_accel": -0.6476292925488173
    },
    {
      "date": "2023-03-31T00:00:00",
      "quarter_label": "2023-03 (Q1)",
      "revenue": 423500000,
      "gross_profit": 67200000,
      "operating_income": 20200000,
      "net_income": 5800000,
      "opex": 47000000,
      "cogs": 356300000,
      "rd": null,
      "sga": 45300000,
      "fcf": null,
      "ocf": null,
      "capex": -6000000,
      "gross_margin": 0.15867768595041323,
      "op_margin": 0.04769775678866588,
      "fcf_margin": null,
      "incr_op_margin_yoy": 2.411764705882353,
      "rev_growth_yoy": 0.012189292543021032,
      "rev_growth_yoy_accel": 0.4441979435297742,
      "op_leverage_ratio": 38.76614310645725
    },
    {
      "date": "2023-06-30T00:00:00",
      "quarter_label": "2023-06 (Q2)",
      "revenue": 428100000,
      "gross_profit": 70100000,
      "operating_income": 19200000,
      "net_income": 5400000,
      "opex": 50900000,
      "cogs": 358000000,
      "rd": null,
      "sga": 46800000,
      "fcf": null,
      "ocf": null,
      "capex": -7400000,
      "gross_margin": 0.16374678813361365,
      "op_margin": 0.04484933426769446,
      "fcf_margin": null,
      "rev_growth_yoy": -0.0011665888940737283,
      "rev_growth_yoy_accel": -0.01335588143709476,
      "op_leverage_ratio": 0.13089940362667635
    },
    {
      "date": "2023-09-30T00:00:00",
      "quarter_label": "2023-09 (Q3)",
      "revenue": 418800000,
      "gross_profit": 70000000,
      "operating_income": 27000000,
      "net_income": 11100000,
      "opex": 43000000,
      "cogs": 348800000,
      "rd": null,
      "sga": 43000000,
      "fcf": null,
      "ocf": null,
      "capex": -7400000,
      "gross_margin": 0.16714422158548234,
      "op_margin": 0.06446991404011461,
      "fcf_margin": null,
      "incr_op_margin_yoy": -1.1764705882352942,
      "rev_growth_yoy": -0.03900871959614502,
      "rev_growth_yoy_accel": -0.03784213070207129
    },
    {
      "date": "2023-12-31T00:00:00",
      "quarter_label": "2023-12 (Q4)",
      "revenue": 389300000,
      "gross_profit": 64100000,
      "operating_income": 17700000,
      "net_income": -14500000,
      "opex": 46400000,
      "cogs": 325200000,
      "rd": null,
      "sga": 46400000,
      "fcf": null,
      "ocf": null,
      "capex": -7400000,
      "gross_margin": 0.1646545080914462,
      "op_margin": 0.04546622142306704,
      "fcf_margin": null,
      "incr_op_margin_yoy": 0.03850446428571429,
      "rev_growth_yoy": 0.8529271775345074,
      "rev_growth_yoy_accel": 0.8919358971306525
    },
    {
      "date": "2024-03-31T00:00:00",
      "quarter_label": "2024-03 (Q1)",
      "revenue": 417600000,
      "gross_profit": 71400000,
      "operating_income": 24000000,
      "net_income": 9600000,
      "opex": 47400000,
      "cogs": 346200000,
      "rd": null,
      "sga": 47100000,
      "fcf": null,
      "ocf": null,
      "capex": -5800000,
      "gross_margin": 0.17097701149425287,
      "op_margin": 0.05747126436781609,
      "fcf_margin": null,
      "incr_op_margin_yoy": -0.6440677966101694,
      "rev_growth_yoy": -0.013931523022432113,
      "rev_growth_yoy_accel": -0.8668587005569395,
      "op_leverage_ratio": 3.3730285127151296
    },
    {
      "date": "2024-06-30T00:00:00",
      "quarter_label": "2024-06 (Q2)",
      "revenue": 432600000,
      "gross_profit": 73200000,
      "operating_income": 24600000,
      "net_income": 11900000,
      "opex": 48600000,
      "cogs": 359400000,
      "rd": null,
      "sga": 47400000,
      "fcf": null,
      "ocf": null,
      "capex": -7400000,
      "gross_margin": 0.16920943134535368,
      "op_margin": 0.056865464632454926,
      "fcf_margin": null,
      "incr_op_margin_yoy": 1.2,
      "rev_growth_yoy": 0.01051156271899089,
      "rev_growth_yoy_accel": 0.024443085741423003,
      "op_leverage_ratio": 1.4188218390804597
    },
    {
      "date": "2024-09-30T00:00:00",
      "quarter_label": "2024-09 (Q3)",
      "revenue": 417600000,
      "gross_profit": 72300000,
      "operating_income": 23600000,
      "net_income": 9800000,
      "opex": 48700000,
      "cogs": 345300000,
      "rd": null,
      "sga": 47800000,
      "fcf": null,
      "ocf": null,
      "capex": -9100000,
      "gross_margin": 0.17313218390804597,
      "op_margin": 0.05651340996168582,
      "fcf_margin": null,
      "incr_op_margin_yoy": 2.8333333333333335,
      "rev_growth_yoy": -0.0028653295128939827,
      "rev_growth_yoy_accel": -0.013376892231884872
    },
    {
      "date": "2024-12-31T00:00:00",
      "quarter_label": "2024-12 (Q4)",
      "revenue": 388400000,
      "gross_profit": 64500000,
      "operating_income": 14400000,
      "net_income": 500000,
      "opex": 50100000,
      "cogs": 323900000,
      "rd": null,
      "sga": 45100000,
      "fcf": null,
      "ocf": null,
      "capex": -9100000,
      "gross_margin": 0.1660659114315139,
      "op_margin": 0.037075180226570546,
      "fcf_margin": null,
      "rev_growth_yoy": -0.0023118417672745952,
      "rev_growth_yoy_accel": 0.0005534877456193875
    },
    {
      "date": "2025-03-31T00:00:00",
      "quarter_label": "2025-03 (Q1)",
      "revenue": 405400000,
      "gross_profit": 68100000,
      "operating_income": 18900000,
      "net_income": 8300000,
      "opex": 49200000,
      "cogs": 337300000,
      "rd": null,
      "sga": 48200000,
      "fcf": null,
      "ocf": null,
      "capex": -9500000,
      "gross_margin": 0.16798223976319684,
      "op_margin": 0.04662062160828811,
      "fcf_margin": null,
      "incr_op_margin_yoy": 0.4180327868852459,
      "rev_growth_yoy": -0.02921455938697318,
      "rev_growth_yoy_accel": -0.026902717619698584,
      "op_leverage_ratio": Infinity
    },
    {
      "date": "2025-06-30T00:00:00",
      "quarter_label": "2025-06 (Q2)",
      "revenue": 400100000,
      "gross_profit": 68200000,
      "operating_income": 20100000,
      "net_income": 9200000,
      "opex": 48100000,
      "cogs": 331900000,
      "rd": null,
      "sga": 46800000,
      "fcf": null,
      "ocf": null,
      "capex": -7400000,
      "gross_margin": 0.1704573856535866,
      "op_margin": 0.05023744063984004,
      "fcf_margin": null,
      "incr_op_margin_yoy": 0.13846153846153847,
      "rev_growth_yoy": -0.07512713823393435,
      "rev_growth_yoy_accel": -0.04591257884696118
    },
    {
      "date": "2025-09-30T00:00:00",
      "quarter_label": "2025-09 (Q3)",
      "revenue": 398600000,
      "gross_profit": 66600000,
      "operating_income": 17300000,
      "net_income": 5300000,
      "opex": 49300000,
      "cogs": 332000000,
      "rd": null,
      "sga": 46500000,
      "fcf": null,
      "ocf": null,
      "capex": -10700000,
      "gross_margin": 0.16708479678876068,
      "op_margin": 0.04340190667335675,
      "fcf_margin": null,
      "incr_op_margin_yoy": 0.33157894736842103,
      "rev_growth_yoy": -0.04549808429118774,
      "rev_growth_yoy_accel": 0.029629053942746612
    }
  ],
  "signals": [
    {
      "quarter": "2025-09 (Q3)",
      "signal": "INCREMENTAL MARGIN (YoY)",
      "detail": "YoY Incr OPM: +33.2% vs year-ago OPM: +5.7%",
      "severity": "HIGH"
    },
    {
      "quarter": "2025-03 (Q1)",
      "signal": "INCREMENTAL MARGIN (YoY)",
      "detail": "YoY Incr OPM: +41.8% vs year-ago OPM: +5.7%",
      "severity": "HIGH"
    },
    {
      "quarter": "2024-09 (Q3)",
      "signal": "INCREMENTAL MARGIN (YoY)",
      "detail": "YoY Incr OPM: +283.3% vs year-ago OPM: +6.4%",
      "severity": "HIGH"
    },
    {
      "quarter": "2024-06 (Q2)",
      "signal": "INCREMENTAL MARGIN (YoY)",
      "detail": "YoY Incr OPM: +120.0% vs year-ago OPM: +4.5%",
      "severity": "HIGH"
    },
    {
      "quarter": "2024-03 (Q1)",
      "signal": "OPERATING LEVERAGE",
      "detail": "Rev growth +7.3% vs OpEx growth +2.2% (leverage: 3.4x)",
      "severity": "MEDIUM"
    },
    {
      "quarter": "2024-03 (Q1)",
      "signal": "YoY REVENUE GROWTH DECELERATION",
      "detail": "YoY growth: -1.4% vs prior quarter YoY: +85.3% (decel: -86.7%)",
      "severity": "WARNING"
    },
    {
      "quarter": "2023-12 (Q4)",
      "signal": "YoY REVENUE GROWTH ACCELERATION",
      "detail": "YoY growth: +85.3% vs prior quarter YoY: -3.9% (accel: +89.2%)",
      "severity": "HIGH"
    },
    {
      "quarter": "2023-03 (Q1)",
      "signal": "OPERATING LEVERAGE",
      "detail": "Rev growth +101.6% vs OpEx growth +2.6% (leverage: 38.8x)",
      "severity": "MEDIUM"
    },
    {
      "quarter": "2023-03 (Q1)",
      "signal": "YoY REVENUE GROWTH ACCELERATION",
      "detail": "YoY growth: +1.2% vs prior quarter YoY: -43.2% (accel: +44.4%)",
      "severity": "HIGH"
    },
    {
      "quarter": "2023-03 (Q1)",
      "signal": "INCREMENTAL MARGIN (YoY)",
      "detail": "YoY Incr OPM: +241.2% vs year-ago OPM: +1.9%",
      "severity": "HIGH"
    },
    {
      "quarter": "2022-12 (Q4)",
      "signal": "GROSS MARGIN INFLECTION",
      "detail": "GM: +11.6% -> +11.6% -> +26.9% (reversal +15.4%)",
      "severity": "HIGH"
    },
    {
      "quarter": "2022-12 (Q4)",
      "signal": "YoY REVENUE GROWTH DECELERATION",
      "detail": "YoY growth: -43.2% vs prior quarter YoY: +21.6% (decel: -64.8%)",
      "severity": "WARNING"
    },
    {
      "quarter": "2022-12 (Q4)",
      "signal": "OP MARGIN TURNED POSITIVE (YoY)",
      "detail": "Op margin: -4.3% (year-ago) -> +5.1%",
      "severity": "HIGH"
    },
    {
      "quarter": "2022-09 (Q3)",
      "signal": "FCF MARGIN EXPANSION",
      "detail": "FCF margin: -8.2% -> -0.1% (+8.1%)",
      "severity": "MEDIUM"
    },
    {
      "quarter": "2022-09 (Q3)",
      "signal": "OP MARGIN TURNED POSITIVE (YoY)",
      "detail": "Op margin: -1.4% (year-ago) -> +1.6%",
      "severity": "HIGH"
    },
    {
      "quarter": "2022-06 (Q2)",
      "signal": "YoY REVENUE GROWTH ACCELERATION",
      "detail": "YoY growth: +22.5% vs prior quarter YoY: +16.4% (accel: +6.1%)",
      "severity": "MEDIUM"
    },
    {
      "quarter": "2022-06 (Q2)",
      "signal": "OP MARGIN TURNED POSITIVE (YoY)",
      "detail": "Op margin: -1.0% (year-ago) -> +1.8%",
      "severity": "HIGH"
    },
    {
      "quarter": "2022-03 (Q1)",
      "signal": "GROSS MARGIN INFLECTION",
      "detail": "GM: +11.2% -> +6.5% -> +12.8% (reversal +6.3%)",
      "severity": "HIGH"
    },
    {
      "quarter": "2022-03 (Q1)",
      "signal": "YoY REVENUE GROWTH ACCELERATION",
      "detail": "YoY growth: +16.4% vs prior quarter YoY: +2.6% (accel: +13.7%)",
      "severity": "MEDIUM"
    },
    {
      "quarter": "2022-03 (Q1)",
      "signal": "OP MARGIN TURNED POSITIVE (QoQ)",
      "detail": "Op margin: -4.3% -> +1.9%",
      "severity": "HIGH"
    },
    {
      "quarter": "2021-09 (Q3)",
      "signal": "FCF MARGIN EXPANSION",
      "detail": "FCF margin: -11.7% -> -3.7% (+8.1%)",
      "severity": "MEDIUM"
    }
  ],
  "data_quality": {
    "n_quarters": 20,
    "coverage": {
      "revenue": [
        20,
        20
      ],
      "gross_profit": [
        20,
        20
      ],
      "op_income": [
        20,
        20
      ],
      "fcf": [
        8,
        20
      ]
    },
    "gaps": [],
    "warnings": [
      "fcf: 8/20Q"
    ]
  },
  "market_cap": null,
  "source": "SEC EDGAR",
  "last_updated": "2026-02-02T22:43:38.992072"
}