{
  "ticker": "PKST",
  "name": "Peakstone Realty Trust",
  "quarters": [
    {
      "date": "2020-12-31T00:00:00",
      "quarter_label": "2020-12 (Q4)",
      "revenue": 96295000,
      "gross_profit": null,
      "operating_income": 13453000,
      "net_income": -8389000,
      "opex": null,
      "cogs": null,
      "rd": null,
      "sga": null,
      "fcf": 35585000,
      "ocf": 35585000,
      "capex": null,
      "gross_margin": null,
      "op_margin": 0.13970611142842307,
      "fcf_margin": 0.36954151305882965
    },
    {
      "date": "2021-03-31T00:00:00",
      "quarter_label": "2021-03 (Q1)",
      "revenue": 101355000,
      "gross_profit": null,
      "operating_income": 17576000,
      "net_income": -4824000,
      "opex": 83779000,
      "cogs": null,
      "rd": null,
      "sga": null,
      "fcf": 36741000,
      "ocf": 36741000,
      "capex": null,
      "gross_margin": null,
      "op_margin": 0.17341029056287308,
      "fcf_margin": 0.3624981500665976,
      "fcf_margin_change": -0.007043362992232072
    },
    {
      "date": "2021-06-30T00:00:00",
      "quarter_label": "2021-06 (Q2)",
      "revenue": 118824000,
      "gross_profit": null,
      "operating_income": 27390000,
      "net_income": 2983000,
      "opex": 91434000,
      "cogs": null,
      "rd": null,
      "sga": null,
      "fcf": 58132000,
      "ocf": 58132000,
      "capex": null,
      "gross_margin": null,
      "op_margin": 0.23050898808321552,
      "fcf_margin": 0.48922776543459234,
      "op_leverage_ratio": 1.8863090312419557,
      "fcf_margin_change": 0.12672961536799476
    },
    {
      "date": "2021-09-30T00:00:00",
      "quarter_label": "2021-09 (Q3)",
      "revenue": 120568000,
      "gross_profit": null,
      "operating_income": 26676000,
      "net_income": 2457000,
      "opex": 93892000,
      "cogs": null,
      "rd": null,
      "sga": null,
      "fcf": 60904000,
      "ocf": 60904000,
      "capex": null,
      "gross_margin": null,
      "op_margin": 0.2212527370446553,
      "fcf_margin": 0.5051423263220756,
      "op_leverage_ratio": 0.5459692126862784,
      "fcf_margin_change": 0.01591456088748322
    },
    {
      "date": "2021-12-31T00:00:00",
      "quarter_label": "2021-12 (Q4)",
      "revenue": 119125000,
      "gross_profit": null,
      "operating_income": 24778000,
      "net_income": 1013000,
      "opex": 92919000,
      "cogs": null,
      "rd": null,
      "sga": null,
      "fcf": 49202000,
      "ocf": 49202000,
      "capex": null,
      "gross_margin": null,
      "op_margin": 0.208,
      "fcf_margin": 0.4130283315844701,
      "incr_op_margin_yoy": 0.49605781865965837,
      "rev_growth_yoy": 0.23708396074562543,
      "fcf_margin_change": -0.09211399473760545
    },
    {
      "date": "2022-03-31T00:00:00",
      "quarter_label": "2022-03 (Q1)",
      "revenue": 116189000,
      "gross_profit": null,
      "operating_income": 27178000,
      "net_income": 151000,
      "opex": 89011000,
      "cogs": null,
      "rd": null,
      "sga": null,
      "fcf": 55916000,
      "ocf": 55916000,
      "capex": null,
      "gross_margin": null,
      "op_margin": 0.23391198822607992,
      "fcf_margin": 0.4812503765416692,
      "incr_op_margin_yoy": 0.6472967507078333,
      "rev_growth_yoy": 0.14635686448621182,
      "rev_growth_yoy_accel": -0.09072709625941361,
      "fcf_margin_change": 0.06822204495719908
    },
    {
      "date": "2022-06-30T00:00:00",
      "quarter_label": "2022-06 (Q2)",
      "revenue": 123073000,
      "gross_profit": null,
      "operating_income": -48634000,
      "net_income": -72207000,
      "opex": 171707000,
      "cogs": null,
      "rd": null,
      "sga": null,
      "fcf": 59493000,
      "ocf": 59493000,
      "capex": null,
      "gross_margin": null,
      "op_margin": -0.3951638458475864,
      "fcf_margin": 0.4833960332485598,
      "incr_op_margin_yoy": -17.892209931748646,
      "rev_growth_yoy": 0.0357587692722009,
      "rev_growth_yoy_accel": -0.11059809521401093,
      "op_leverage_ratio": 0.06377273233350665,
      "fcf_margin_change": 0.0021456567068905974
    },
    {
      "date": "2022-09-30T00:00:00",
      "quarter_label": "2022-09 (Q3)",
      "revenue": 101330000,
      "gross_profit": null,
      "operating_income": 13817000,
      "net_income": -111224000,
      "opex": 87513000,
      "cogs": null,
      "rd": null,
      "sga": null,
      "fcf": 19939000,
      "ocf": 19939000,
      "capex": null,
      "gross_margin": null,
      "op_margin": 0.13635645909404914,
      "fcf_margin": 0.19677292016184744,
      "incr_op_margin_yoy": 0.6684166753300759,
      "rev_growth_yoy": -0.15956140932917523,
      "rev_growth_yoy_accel": -0.19532017860137613,
      "fcf_margin_change": -0.28662311308671234
    },
    {
      "date": "2022-12-31T00:00:00",
      "quarter_label": "2022-12 (Q4)",
      "revenue": 75893000,
      "gross_profit": null,
      "operating_income": -28706000,
      "net_income": -228632000,
      "opex": 103701000,
      "cogs": null,
      "rd": null,
      "sga": null,
      "fcf": 17328000,
      "ocf": 17328000,
      "capex": null,
      "gross_margin": null,
      "op_margin": -0.3782430527189596,
      "fcf_margin": 0.2283214525713834,
      "incr_op_margin_yoy": 1.2371391561806069,
      "rev_growth_yoy": -0.362912906610703,
      "rev_growth_yoy_accel": -0.2033514972815278,
      "fcf_margin_change": 0.03154853240953595
    },
    {
      "date": "2023-03-31T00:00:00",
      "quarter_label": "2023-03 (Q1)",
      "revenue": 66973000,
      "gross_profit": null,
      "operating_income": 11873000,
      "net_income": 6033000,
      "opex": 55100000,
      "cogs": null,
      "rd": null,
      "sga": null,
      "fcf": 22251000,
      "ocf": 22251000,
      "capex": null,
      "gross_margin": null,
      "op_margin": 0.17728039657772535,
      "fcf_margin": 0.33223836471413853,
      "incr_op_margin_yoy": 0.3109761053315995,
      "rev_growth_yoy": -0.4235857094905714,
      "rev_growth_yoy_accel": -0.06067280287986837,
      "fcf_margin_change": 0.10391691214275514
    },
    {
      "date": "2023-06-30T00:00:00",
      "quarter_label": "2023-06 (Q2)",
      "revenue": 62540000,
      "gross_profit": null,
      "operating_income": -390570000,
      "net_income": -416477000,
      "opex": 453110000,
      "cogs": null,
      "rd": null,
      "sga": null,
      "fcf": 2514000,
      "ocf": 2514000,
      "capex": null,
      "gross_margin": null,
      "op_margin": -6.245123121202431,
      "fcf_margin": 0.040198273105212665,
      "incr_op_margin_yoy": 5.648753572431566,
      "rev_growth_yoy": -0.4918463026008954,
      "rev_growth_yoy_accel": -0.06826059311032401,
      "fcf_margin_change": -0.29204009160892586
    },
    {
      "date": "2023-09-30T00:00:00",
      "quarter_label": "2023-09 (Q3)",
      "revenue": 61713000,
      "gross_profit": null,
      "operating_income": 13454000,
      "net_income": -127595000,
      "opex": 48259000,
      "cogs": null,
      "rd": null,
      "sga": null,
      "fcf": 34005000,
      "ocf": 34005000,
      "capex": null,
      "gross_margin": null,
      "op_margin": 0.21800917148736895,
      "fcf_margin": 0.5510184239949444,
      "incr_op_margin_yoy": 0.009162733170103743,
      "rev_growth_yoy": -0.3909700977005823,
      "rev_growth_yoy_accel": 0.10087620490031313,
      "fcf_margin_change": 0.5108201508897318
    },
    {
      "date": "2023-12-31T00:00:00",
      "quarter_label": "2023-12 (Q4)",
      "revenue": 63058000,
      "gross_profit": null,
      "operating_income": 1083000,
      "net_income": -19892000,
      "opex": 61975000,
      "cogs": null,
      "rd": null,
      "sga": null,
      "fcf": 30382000,
      "ocf": 30382000,
      "capex": null,
      "gross_margin": null,
      "op_margin": 0.017174664594500302,
      "fcf_margin": 0.48181039677756987,
      "incr_op_margin_yoy": -2.3209193611219323,
      "rev_growth_yoy": -0.1691196816570698,
      "rev_growth_yoy_accel": 0.22185041604351247,
      "op_leverage_ratio": 0.07668253604181166,
      "fcf_margin_change": -0.06920802721737451
    },
    {
      "date": "2024-03-31T00:00:00",
      "quarter_label": "2024-03 (Q1)",
      "revenue": 59227000,
      "gross_profit": null,
      "operating_income": 12990000,
      "net_income": 5025000,
      "opex": 46237000,
      "cogs": null,
      "rd": null,
      "sga": null,
      "fcf": 16191000,
      "ocf": 16191000,
      "capex": null,
      "gross_margin": null,
      "op_margin": 0.21932564539821364,
      "fcf_margin": 0.27337194185084507,
      "incr_op_margin_yoy": -0.1442034598502453,
      "rev_growth_yoy": -0.11565854896749436,
      "rev_growth_yoy_accel": 0.05346113268957545,
      "fcf_margin_change": -0.2084384549267248
    },
    {
      "date": "2024-06-30T00:00:00",
      "quarter_label": "2024-06 (Q2)",
      "revenue": 55952000,
      "gross_profit": null,
      "operating_income": 6634000,
      "net_income": -3768000,
      "opex": 49318000,
      "cogs": null,
      "rd": null,
      "sga": null,
      "fcf": 24537000,
      "ocf": 24537000,
      "capex": null,
      "gross_margin": null,
      "op_margin": 0.11856591364026309,
      "fcf_margin": 0.43853660280240203,
      "incr_op_margin_yoy": -60.292046144505164,
      "rev_growth_yoy": -0.1053405820275024,
      "rev_growth_yoy_accel": 0.010317966939991957,
      "fcf_margin_change": 0.16516466095155696
    },
    {
      "date": "2024-09-30T00:00:00",
      "quarter_label": "2024-09 (Q3)",
      "revenue": 54960000,
      "gross_profit": null,
      "operating_income": -31040000,
      "net_income": -24395000,
      "opex": 86000000,
      "cogs": null,
      "rd": null,
      "sga": null,
      "fcf": 22225000,
      "ocf": 22225000,
      "capex": null,
      "gross_margin": null,
      "op_margin": -0.5647743813682679,
      "fcf_margin": 0.4043850072780204,
      "incr_op_margin_yoy": 6.588775359099659,
      "rev_growth_yoy": -0.1094258908171698,
      "rev_growth_yoy_accel": -0.004085308789667397,
      "fcf_margin_change": -0.03415159552438163
    },
    {
      "date": "2024-12-31T00:00:00",
      "quarter_label": "2024-12 (Q4)",
      "revenue": 57933000,
      "gross_profit": null,
      "operating_income": 9879000,
      "net_income": 12713000,
      "opex": 48054000,
      "cogs": null,
      "rd": null,
      "sga": null,
      "fcf": 31702000,
      "ocf": 31702000,
      "capex": null,
      "gross_margin": null,
      "op_margin": 0.1705245714877531,
      "fcf_margin": 0.5472183384254224,
      "incr_op_margin_yoy": -1.7162926829268292,
      "rev_growth_yoy": -0.0812743823146944,
      "rev_growth_yoy_accel": 0.0281515085024754,
      "op_leverage_ratio": Infinity,
      "fcf_margin_change": 0.14283333114740204
    },
    {
      "date": "2025-03-31T00:00:00",
      "quarter_label": "2025-03 (Q1)",
      "revenue": 56971000,
      "gross_profit": null,
      "operating_income": -37890000,
      "net_income": -49382000,
      "opex": 94861000,
      "cogs": null,
      "rd": null,
      "sga": null,
      "fcf": 20216000,
      "ocf": 20216000,
      "capex": null,
      "gross_margin": null,
      "op_margin": -0.6650752137052185,
      "fcf_margin": 0.35484720296291095,
      "incr_op_margin_yoy": 22.5531914893617,
      "rev_growth_yoy": -0.03809073564421632,
      "rev_growth_yoy_accel": 0.04318364667047808,
      "fcf_margin_change": -0.1923711354625115
    },
    {
      "date": "2025-06-30T00:00:00",
      "quarter_label": "2025-06 (Q2)",
      "revenue": 54026000,
      "gross_profit": null,
      "operating_income": -272694000,
      "net_income": -265300000,
      "opex": 326720000,
      "cogs": null,
      "rd": null,
      "sga": null,
      "fcf": 19524000,
      "ocf": 19524000,
      "capex": null,
      "gross_margin": null,
      "op_margin": -5.047458631029504,
      "fcf_margin": 0.3613815570280976,
      "incr_op_margin_yoy": 145.0301142263759,
      "rev_growth_yoy": -0.03442236202459251,
      "rev_growth_yoy_accel": 0.003668373619623813,
      "fcf_margin_change": 0.006534354065186654
    },
    {
      "date": "2025-09-30T00:00:00",
      "quarter_label": "2025-09 (Q3)",
      "revenue": 25800000,
      "gross_profit": null,
      "operating_income": 1152000,
      "net_income": 3499000,
      "opex": 24648000,
      "cogs": null,
      "rd": null,
      "sga": null,
      "fcf": 28607000,
      "ocf": 28607000,
      "capex": null,
      "gross_margin": null,
      "op_margin": 0.044651162790697675,
      "fcf_margin": 1.108798449612403,
      "incr_op_margin_yoy": -1.1039780521262004,
      "rev_growth_yoy": -0.5305676855895196,
      "rev_growth_yoy_accel": -0.49614532356492713,
      "fcf_margin_change": 0.7474168925843054
    }
  ],
  "signals": [
    {
      "quarter": "2025-09 (Q3)",
      "signal": "FCF MARGIN EXPANSION",
      "detail": "FCF margin: +36.1% -> +110.9% (+74.7%)",
      "severity": "MEDIUM"
    },
    {
      "quarter": "2025-09 (Q3)",
      "signal": "YoY REVENUE GROWTH DECELERATION",
      "detail": "YoY growth: -53.1% vs prior quarter YoY: -3.4% (decel: -49.6%)",
      "severity": "WARNING"
    },
    {
      "quarter": "2025-09 (Q3)",
      "signal": "OP MARGIN TURNED POSITIVE (YoY)",
      "detail": "Op margin: -56.5% (year-ago) -> +4.5%",
      "severity": "HIGH"
    },
    {
      "quarter": "2025-09 (Q3)",
      "signal": "OP MARGIN TURNED POSITIVE (QoQ)",
      "detail": "Op margin: -504.7% -> +4.5%",
      "severity": "HIGH"
    },
    {
      "quarter": "2024-12 (Q4)",
      "signal": "FCF MARGIN EXPANSION",
      "detail": "FCF margin: +40.4% -> +54.7% (+14.3%)",
      "severity": "MEDIUM"
    },
    {
      "quarter": "2024-12 (Q4)",
      "signal": "OP MARGIN TURNED POSITIVE (QoQ)",
      "detail": "Op margin: -56.5% -> +17.1%",
      "severity": "HIGH"
    },
    {
      "quarter": "2024-06 (Q2)",
      "signal": "FCF MARGIN EXPANSION",
      "detail": "FCF margin: +27.3% -> +43.9% (+16.5%)",
      "severity": "MEDIUM"
    },
    {
      "quarter": "2024-06 (Q2)",
      "signal": "OP MARGIN TURNED POSITIVE (YoY)",
      "detail": "Op margin: -624.5% (year-ago) -> +11.9%",
      "severity": "HIGH"
    },
    {
      "quarter": "2024-03 (Q1)",
      "signal": "YoY REVENUE GROWTH ACCELERATION",
      "detail": "YoY growth: -11.6% vs prior quarter YoY: -16.9% (accel: +5.3%)",
      "severity": "MEDIUM"
    },
    {
      "quarter": "2023-12 (Q4)",
      "signal": "YoY REVENUE GROWTH ACCELERATION",
      "detail": "YoY growth: -16.9% vs prior quarter YoY: -39.1% (accel: +22.2%)",
      "severity": "HIGH"
    },
    {
      "quarter": "2023-12 (Q4)",
      "signal": "OP MARGIN TURNED POSITIVE (YoY)",
      "detail": "Op margin: -37.8% (year-ago) -> +1.7%",
      "severity": "HIGH"
    },
    {
      "quarter": "2023-09 (Q3)",
      "signal": "FCF MARGIN EXPANSION",
      "detail": "FCF margin: +4.0% -> +55.1% (+51.1%)",
      "severity": "MEDIUM"
    },
    {
      "quarter": "2023-09 (Q3)",
      "signal": "YoY REVENUE GROWTH ACCELERATION",
      "detail": "YoY growth: -39.1% vs prior quarter YoY: -49.2% (accel: +10.1%)",
      "severity": "MEDIUM"
    },
    {
      "quarter": "2023-09 (Q3)",
      "signal": "OP MARGIN TURNED POSITIVE (QoQ)",
      "detail": "Op margin: -624.5% -> +21.8%",
      "severity": "HIGH"
    },
    {
      "quarter": "2023-06 (Q2)",
      "signal": "YoY REVENUE GROWTH DECELERATION",
      "detail": "YoY growth: -49.2% vs prior quarter YoY: -42.4% (decel: -6.8%)",
      "severity": "WARNING"
    },
    {
      "quarter": "2023-03 (Q1)",
      "signal": "FCF MARGIN EXPANSION",
      "detail": "FCF margin: +22.8% -> +33.2% (+10.4%)",
      "severity": "MEDIUM"
    },
    {
      "quarter": "2023-03 (Q1)",
      "signal": "YoY REVENUE GROWTH DECELERATION",
      "detail": "YoY growth: -42.4% vs prior quarter YoY: -36.3% (decel: -6.1%)",
      "severity": "WARNING"
    },
    {
      "quarter": "2023-03 (Q1)",
      "signal": "OP MARGIN TURNED POSITIVE (QoQ)",
      "detail": "Op margin: -37.8% -> +17.7%",
      "severity": "HIGH"
    },
    {
      "quarter": "2022-12 (Q4)",
      "signal": "YoY REVENUE GROWTH DECELERATION",
      "detail": "YoY growth: -36.3% vs prior quarter YoY: -16.0% (decel: -20.3%)",
      "severity": "WARNING"
    },
    {
      "quarter": "2022-09 (Q3)",
      "signal": "YoY REVENUE GROWTH DECELERATION",
      "detail": "YoY growth: -16.0% vs prior quarter YoY: +3.6% (decel: -19.5%)",
      "severity": "WARNING"
    },
    {
      "quarter": "2022-09 (Q3)",
      "signal": "INCREMENTAL MARGIN (YoY)",
      "detail": "YoY Incr OPM: +66.8% vs year-ago OPM: +22.1%",
      "severity": "HIGH"
    },
    {
      "quarter": "2022-09 (Q3)",
      "signal": "OP MARGIN TURNED POSITIVE (QoQ)",
      "detail": "Op margin: -39.5% -> +13.6%",
      "severity": "HIGH"
    },
    {
      "quarter": "2022-06 (Q2)",
      "signal": "YoY REVENUE GROWTH DECELERATION",
      "detail": "YoY growth: +3.6% vs prior quarter YoY: +14.6% (decel: -11.1%)",
      "severity": "WARNING"
    },
    {
      "quarter": "2022-03 (Q1)",
      "signal": "FCF MARGIN EXPANSION",
      "detail": "FCF margin: +41.3% -> +48.1% (+6.8%)",
      "severity": "MEDIUM"
    },
    {
      "quarter": "2022-03 (Q1)",
      "signal": "YoY REVENUE GROWTH DECELERATION",
      "detail": "YoY growth: +14.6% vs prior quarter YoY: +23.7% (decel: -9.1%)",
      "severity": "WARNING"
    },
    {
      "quarter": "2022-03 (Q1)",
      "signal": "INCREMENTAL MARGIN (YoY)",
      "detail": "YoY Incr OPM: +64.7% vs year-ago OPM: +17.3%",
      "severity": "HIGH"
    },
    {
      "quarter": "2021-12 (Q4)",
      "signal": "INCREMENTAL MARGIN (YoY)",
      "detail": "YoY Incr OPM: +49.6% vs year-ago OPM: +14.0%",
      "severity": "HIGH"
    },
    {
      "quarter": "2021-06 (Q2)",
      "signal": "FCF MARGIN EXPANSION",
      "detail": "FCF margin: +36.2% -> +48.9% (+12.7%)",
      "severity": "MEDIUM"
    },
    {
      "quarter": "2021-06 (Q2)",
      "signal": "OPERATING LEVERAGE",
      "detail": "Rev growth +17.2% vs OpEx growth +9.1% (leverage: 1.9x)",
      "severity": "MEDIUM"
    }
  ],
  "data_quality": {
    "n_quarters": 20,
    "coverage": {
      "revenue": [
        20,
        20
      ],
      "gross_profit": [
        0,
        20
      ],
      "op_income": [
        20,
        20
      ],
      "fcf": [
        20,
        20
      ]
    },
    "gaps": [],
    "warnings": [
      "gross_profit: no data"
    ]
  },
  "market_cap": null,
  "source": "SEC EDGAR",
  "last_updated": "2026-02-02T22:21:35.571403"
}