{
  "ticker": "PLDGP",
  "name": "PROLOGIS, INC.",
  "quarters": [
    {
      "date": "2020-12-31T00:00:00",
      "quarter_label": "2020-12 (Q4)",
      "revenue": 1111597000,
      "gross_profit": null,
      "operating_income": 482380000,
      "net_income": 281894000,
      "opex": null,
      "cogs": null,
      "rd": null,
      "sga": null,
      "fcf": 603670000,
      "ocf": 603670000,
      "capex": null,
      "gross_margin": null,
      "op_margin": 0.43395223268864525,
      "fcf_margin": 0.5430655174492195
    },
    {
      "date": "2021-03-31T00:00:00",
      "quarter_label": "2021-03 (Q1)",
      "revenue": 1148316000,
      "gross_profit": null,
      "operating_income": 532197000,
      "net_income": 367347000,
      "opex": null,
      "cogs": null,
      "rd": null,
      "sga": null,
      "fcf": 816694000,
      "ocf": 816694000,
      "capex": null,
      "gross_margin": null,
      "op_margin": 0.4634586646881172,
      "fcf_margin": 0.711210154696094,
      "fcf_margin_change": 0.16814463724687456
    },
    {
      "date": "2021-06-30T00:00:00",
      "quarter_label": "2021-06 (Q2)",
      "revenue": 1150842000,
      "gross_profit": null,
      "operating_income": 700866000,
      "net_income": 600176000,
      "opex": null,
      "cogs": null,
      "rd": null,
      "sga": null,
      "fcf": 649209000,
      "ocf": 649209000,
      "capex": null,
      "gross_margin": null,
      "op_margin": 0.609002799689271,
      "fcf_margin": 0.564116533807421,
      "fcf_margin_change": -0.14709362088867306
    },
    {
      "date": "2021-09-30T00:00:00",
      "quarter_label": "2021-09 (Q3)",
      "revenue": 1183049000,
      "gross_profit": null,
      "operating_income": 765660000,
      "net_income": 723538000,
      "opex": null,
      "cogs": null,
      "rd": null,
      "sga": null,
      "fcf": 814073000,
      "ocf": 814073000,
      "capex": null,
      "gross_margin": null,
      "op_margin": 0.6471921281367043,
      "fcf_margin": 0.6881143553648242,
      "fcf_margin_change": 0.12399782155740324
    },
    {
      "date": "2021-12-31T00:00:00",
      "quarter_label": "2021-12 (Q4)",
      "revenue": 1277233000,
      "gross_profit": null,
      "operating_income": 1208273000,
      "net_income": 1248662000,
      "opex": null,
      "cogs": null,
      "rd": null,
      "sga": null,
      "fcf": 716066000,
      "ocf": 716066000,
      "capex": null,
      "gross_margin": null,
      "op_margin": 0.9460082850975507,
      "fcf_margin": 0.5606385052688115,
      "incr_op_margin_yoy": 4.38245912724287,
      "rev_growth_yoy": 0.14900723913432656,
      "fcf_margin_change": -0.1274758500960127
    },
    {
      "date": "2022-03-31T00:00:00",
      "quarter_label": "2022-03 (Q1)",
      "revenue": 1219128000,
      "gross_profit": null,
      "operating_income": 1205802000,
      "net_income": 1150785000,
      "opex": null,
      "cogs": null,
      "rd": null,
      "sga": null,
      "fcf": 841527000,
      "ocf": 841527000,
      "capex": null,
      "gross_margin": null,
      "op_margin": 0.9890692363722267,
      "fcf_margin": 0.6902696025355828,
      "incr_op_margin_yoy": 9.512582613116422,
      "rev_growth_yoy": 0.061665952577513505,
      "rev_growth_yoy_accel": -0.08734128655681306,
      "fcf_margin_change": 0.12963109726677124
    },
    {
      "date": "2022-06-30T00:00:00",
      "quarter_label": "2022-06 (Q2)",
      "revenue": 1252080000,
      "gross_profit": null,
      "operating_income": 533317000,
      "net_income": 611393000,
      "opex": null,
      "cogs": null,
      "rd": null,
      "sga": null,
      "fcf": 803950000,
      "ocf": 803950000,
      "capex": null,
      "gross_margin": null,
      "op_margin": 0.4259448278065299,
      "fcf_margin": 0.6420915596447512,
      "incr_op_margin_yoy": -1.6550010865485292,
      "rev_growth_yoy": 0.08796863513844647,
      "rev_growth_yoy_accel": 0.02630268256093296,
      "fcf_margin_change": -0.04817804289083161
    },
    {
      "date": "2022-09-30T00:00:00",
      "quarter_label": "2022-09 (Q3)",
      "revenue": 1750892000,
      "gross_profit": null,
      "operating_income": 914970000,
      "net_income": 1015464000,
      "opex": null,
      "cogs": null,
      "rd": null,
      "sga": null,
      "fcf": 1203336000,
      "ocf": 1203336000,
      "capex": null,
      "gross_margin": null,
      "op_margin": 0.5225736367520099,
      "fcf_margin": 0.6872702599589238,
      "incr_op_margin_yoy": 0.2629423978106625,
      "rev_growth_yoy": 0.4799826549872406,
      "rev_growth_yoy_accel": 0.39201401984879414,
      "fcf_margin_change": 0.04517870031417259
    },
    {
      "date": "2022-12-31T00:00:00",
      "quarter_label": "2022-12 (Q4)",
      "revenue": 1751592000,
      "gross_profit": null,
      "operating_income": 813449000,
      "net_income": 587214000,
      "opex": null,
      "cogs": null,
      "rd": null,
      "sga": null,
      "fcf": 1277617000,
      "ocf": 1277617000,
      "capex": null,
      "gross_margin": null,
      "op_margin": 0.46440552366076115,
      "fcf_margin": 0.7294033085330374,
      "incr_op_margin_yoy": -0.8323316306847767,
      "rev_growth_yoy": 0.37139582206222355,
      "rev_growth_yoy_accel": -0.10858683292501703,
      "fcf_margin_change": 0.042133048574113596
    },
    {
      "date": "2023-03-31T00:00:00",
      "quarter_label": "2023-03 (Q1)",
      "revenue": 1768587000,
      "gross_profit": null,
      "operating_income": 579043000,
      "net_income": 464623000,
      "opex": null,
      "cogs": null,
      "rd": null,
      "sga": null,
      "fcf": 1114297000,
      "ocf": 1114297000,
      "capex": null,
      "gross_margin": null,
      "op_margin": 0.3274043063756547,
      "fcf_margin": 0.6300492992428419,
      "incr_op_margin_yoy": -1.140683836282598,
      "rev_growth_yoy": 0.4506983680138591,
      "rev_growth_yoy_accel": 0.07930254595163555,
      "fcf_margin_change": -0.09935400929019544
    },
    {
      "date": "2023-06-30T00:00:00",
      "quarter_label": "2023-06 (Q2)",
      "revenue": 2450971000,
      "gross_profit": null,
      "operating_income": 1411790000,
      "net_income": 1216028000,
      "opex": null,
      "cogs": null,
      "rd": null,
      "sga": null,
      "fcf": 1215138000,
      "ocf": 1215138000,
      "capex": null,
      "gross_margin": null,
      "op_margin": 0.5760125272800045,
      "fcf_margin": 0.49577820382207705,
      "incr_op_margin_yoy": 0.7327380053732991,
      "rev_growth_yoy": 0.957519487572679,
      "rev_growth_yoy_accel": 0.5068211195588199,
      "fcf_margin_change": -0.13427109542076487
    },
    {
      "date": "2023-09-30T00:00:00",
      "quarter_label": "2023-09 (Q3)",
      "revenue": 1914664000,
      "gross_profit": null,
      "operating_income": 882108000,
      "net_income": 747627000,
      "opex": null,
      "cogs": null,
      "rd": null,
      "sga": null,
      "fcf": 1969201000,
      "ocf": 1969201000,
      "capex": null,
      "gross_margin": null,
      "op_margin": 0.46071164444518725,
      "fcf_margin": 1.0284838488632992,
      "incr_op_margin_yoy": -0.20065701096646557,
      "rev_growth_yoy": 0.09353632319983186,
      "rev_growth_yoy_accel": -0.8639831643728472,
      "fcf_margin_change": 0.5327056450412222
    },
    {
      "date": "2023-12-31T00:00:00",
      "quarter_label": "2023-12 (Q4)",
      "revenue": 1889247000,
      "gross_profit": null,
      "operating_income": 834851000,
      "net_income": 630936000,
      "opex": null,
      "cogs": null,
      "rd": null,
      "sga": null,
      "fcf": 1074422000,
      "ocf": 1074422000,
      "capex": null,
      "gross_margin": null,
      "op_margin": 0.44189616286277017,
      "fcf_margin": 0.568703827503762,
      "incr_op_margin_yoy": 0.1554756456358287,
      "rev_growth_yoy": 0.07858850691256868,
      "rev_growth_yoy_accel": -0.014947816287263188,
      "fcf_margin_change": -0.4597800213595372
    },
    {
      "date": "2024-03-31T00:00:00",
      "quarter_label": "2024-03 (Q1)",
      "revenue": 1956621000,
      "gross_profit": null,
      "operating_income": 720355000,
      "net_income": 585715000,
      "opex": 545312000,
      "cogs": null,
      "rd": null,
      "sga": null,
      "fcf": 1055460000,
      "ocf": 1055460000,
      "capex": null,
      "gross_margin": null,
      "op_margin": 0.3681627663200998,
      "fcf_margin": 0.5394299662530454,
      "incr_op_margin_yoy": 0.7515236606145697,
      "rev_growth_yoy": 0.10631877312227218,
      "rev_growth_yoy_accel": 0.027730266209703508,
      "fcf_margin_change": -0.029273861250716626
    },
    {
      "date": "2024-06-30T00:00:00",
      "quarter_label": "2024-06 (Q2)",
      "revenue": 2007954000,
      "gross_profit": null,
      "operating_income": 1023338000,
      "net_income": 861348000,
      "opex": 527215000,
      "cogs": null,
      "rd": null,
      "sga": null,
      "fcf": 1086453000,
      "ocf": 1086453000,
      "capex": null,
      "gross_margin": null,
      "op_margin": 0.509642153156895,
      "fcf_margin": 0.5410746461323317,
      "incr_op_margin_yoy": 0.8768331689303119,
      "rev_growth_yoy": -0.18075162864024094,
      "rev_growth_yoy_accel": -0.28707040176251314,
      "op_leverage_ratio": Infinity,
      "fcf_margin_change": 0.0016446798792862927
    },
    {
      "date": "2024-09-30T00:00:00",
      "quarter_label": "2024-09 (Q3)",
      "revenue": 2036389000,
      "gross_profit": null,
      "operating_income": 1250971000,
      "net_income": 1005719000,
      "opex": 504450000,
      "cogs": null,
      "rd": null,
      "sga": null,
      "fcf": 1434845000,
      "ocf": 1434845000,
      "capex": null,
      "gross_margin": null,
      "op_margin": 0.6143084646401056,
      "fcf_margin": 0.7046026078514469,
      "incr_op_margin_yoy": 3.0302978024234957,
      "rev_growth_yoy": 0.06357512336368157,
      "rev_growth_yoy_accel": 0.2443267520039225,
      "op_leverage_ratio": Infinity,
      "fcf_margin_change": 0.1635279617191152
    },
    {
      "date": "2024-12-31T00:00:00",
      "quarter_label": "2024-12 (Q4)",
      "revenue": 2200646000,
      "gross_profit": null,
      "operating_income": 1421256000,
      "net_income": 1278853000,
      "opex": -3681262000,
      "cogs": null,
      "rd": null,
      "sga": null,
      "fcf": 1335451000,
      "ocf": 1335451000,
      "capex": null,
      "gross_margin": null,
      "op_margin": 0.6458358136656236,
      "fcf_margin": 0.6068449900620091,
      "incr_op_margin_yoy": 1.8831306458916053,
      "rev_growth_yoy": 0.16482704484908536,
      "rev_growth_yoy_accel": 0.1012519214854038,
      "op_leverage_ratio": Infinity,
      "fcf_margin_change": -0.09775761778943781
    },
    {
      "date": "2025-03-31T00:00:00",
      "quarter_label": "2025-03 (Q1)",
      "revenue": 2139665000,
      "gross_profit": null,
      "operating_income": 878413000,
      "net_income": 592953000,
      "opex": 558743000,
      "cogs": null,
      "rd": null,
      "sga": null,
      "fcf": 1160753000,
      "ocf": 1160753000,
      "capex": null,
      "gross_margin": null,
      "op_margin": 0.410537630890817,
      "fcf_margin": 0.54249286687402,
      "incr_op_margin_yoy": 0.863497301195341,
      "rev_growth_yoy": 0.09355107606429656,
      "rev_growth_yoy_accel": -0.0712759687847888,
      "fcf_margin_change": -0.06435212318798911
    },
    {
      "date": "2025-06-30T00:00:00",
      "quarter_label": "2025-06 (Q2)",
      "revenue": 2183869000,
      "gross_profit": null,
      "operating_income": 912712000,
      "net_income": 571229000,
      "opex": 564586000,
      "cogs": null,
      "rd": null,
      "sga": null,
      "fcf": 1241717000,
      "ocf": 1241717000,
      "capex": null,
      "gross_margin": null,
      "op_margin": 0.41793349326356116,
      "fcf_margin": 0.5685858446637596,
      "incr_op_margin_yoy": -0.6288605292328682,
      "rev_growth_yoy": 0.08760907869403382,
      "rev_growth_yoy_accel": -0.0059419973702627416,
      "op_leverage_ratio": 1.97556806201545,
      "fcf_margin_change": 0.026092977789739624
    },
    {
      "date": "2025-09-30T00:00:00",
      "quarter_label": "2025-09 (Q3)",
      "revenue": 2213881000,
      "gross_profit": null,
      "operating_income": 940261000,
      "net_income": 764266000,
      "opex": 562629000,
      "cogs": null,
      "rd": null,
      "sga": null,
      "fcf": 1447728000,
      "ocf": 1447728000,
      "capex": null,
      "gross_margin": null,
      "op_margin": 0.42471162632499215,
      "fcf_margin": 0.6539321670857647,
      "incr_op_margin_yoy": -1.7505577716178757,
      "rev_growth_yoy": 0.08716016438902391,
      "rev_growth_yoy_accel": -0.0004489143050099148,
      "op_leverage_ratio": Infinity,
      "fcf_margin_change": 0.08534632242200513
    }
  ],
  "signals": [
    {
      "quarter": "2025-09 (Q3)",
      "signal": "FCF MARGIN EXPANSION",
      "detail": "FCF margin: +56.9% -> +65.4% (+8.5%)",
      "severity": "MEDIUM"
    },
    {
      "quarter": "2025-06 (Q2)",
      "signal": "OPERATING LEVERAGE",
      "detail": "Rev growth +2.1% vs OpEx growth +1.0% (leverage: 2.0x)",
      "severity": "MEDIUM"
    },
    {
      "quarter": "2025-03 (Q1)",
      "signal": "YoY REVENUE GROWTH DECELERATION",
      "detail": "YoY growth: +9.4% vs prior quarter YoY: +16.5% (decel: -7.1%)",
      "severity": "WARNING"
    },
    {
      "quarter": "2025-03 (Q1)",
      "signal": "INCREMENTAL MARGIN (YoY)",
      "detail": "YoY Incr OPM: +86.3% vs year-ago OPM: +36.8%",
      "severity": "HIGH"
    },
    {
      "quarter": "2024-12 (Q4)",
      "signal": "YoY REVENUE GROWTH ACCELERATION",
      "detail": "YoY growth: +16.5% vs prior quarter YoY: +6.4% (accel: +10.1%)",
      "severity": "MEDIUM"
    },
    {
      "quarter": "2024-12 (Q4)",
      "signal": "INCREMENTAL MARGIN (YoY)",
      "detail": "YoY Incr OPM: +188.3% vs year-ago OPM: +44.2%",
      "severity": "HIGH"
    },
    {
      "quarter": "2024-09 (Q3)",
      "signal": "FCF MARGIN EXPANSION",
      "detail": "FCF margin: +54.1% -> +70.5% (+16.4%)",
      "severity": "MEDIUM"
    },
    {
      "quarter": "2024-09 (Q3)",
      "signal": "YoY REVENUE GROWTH ACCELERATION",
      "detail": "YoY growth: +6.4% vs prior quarter YoY: -18.1% (accel: +24.4%)",
      "severity": "HIGH"
    },
    {
      "quarter": "2024-09 (Q3)",
      "signal": "INCREMENTAL MARGIN (YoY)",
      "detail": "YoY Incr OPM: +303.0% vs year-ago OPM: +46.1%",
      "severity": "HIGH"
    },
    {
      "quarter": "2024-06 (Q2)",
      "signal": "YoY REVENUE GROWTH DECELERATION",
      "detail": "YoY growth: -18.1% vs prior quarter YoY: +10.6% (decel: -28.7%)",
      "severity": "WARNING"
    },
    {
      "quarter": "2024-06 (Q2)",
      "signal": "INCREMENTAL MARGIN (YoY)",
      "detail": "YoY Incr OPM: +87.7% vs year-ago OPM: +57.6%",
      "severity": "HIGH"
    },
    {
      "quarter": "2024-03 (Q1)",
      "signal": "INCREMENTAL MARGIN (YoY)",
      "detail": "YoY Incr OPM: +75.2% vs year-ago OPM: +32.7%",
      "severity": "HIGH"
    },
    {
      "quarter": "2023-09 (Q3)",
      "signal": "FCF MARGIN EXPANSION",
      "detail": "FCF margin: +49.6% -> +102.8% (+53.3%)",
      "severity": "MEDIUM"
    },
    {
      "quarter": "2023-09 (Q3)",
      "signal": "YoY REVENUE GROWTH DECELERATION",
      "detail": "YoY growth: +9.4% vs prior quarter YoY: +95.8% (decel: -86.4%)",
      "severity": "WARNING"
    },
    {
      "quarter": "2023-06 (Q2)",
      "signal": "YoY REVENUE GROWTH ACCELERATION",
      "detail": "YoY growth: +95.8% vs prior quarter YoY: +45.1% (accel: +50.7%)",
      "severity": "HIGH"
    },
    {
      "quarter": "2023-06 (Q2)",
      "signal": "INCREMENTAL MARGIN (YoY)",
      "detail": "YoY Incr OPM: +73.3% vs year-ago OPM: +42.6%",
      "severity": "HIGH"
    },
    {
      "quarter": "2023-03 (Q1)",
      "signal": "YoY REVENUE GROWTH ACCELERATION",
      "detail": "YoY growth: +45.1% vs prior quarter YoY: +37.1% (accel: +7.9%)",
      "severity": "MEDIUM"
    },
    {
      "quarter": "2022-12 (Q4)",
      "signal": "YoY REVENUE GROWTH DECELERATION",
      "detail": "YoY growth: +37.1% vs prior quarter YoY: +48.0% (decel: -10.9%)",
      "severity": "WARNING"
    },
    {
      "quarter": "2022-09 (Q3)",
      "signal": "YoY REVENUE GROWTH ACCELERATION",
      "detail": "YoY growth: +48.0% vs prior quarter YoY: +8.8% (accel: +39.2%)",
      "severity": "HIGH"
    },
    {
      "quarter": "2022-03 (Q1)",
      "signal": "FCF MARGIN EXPANSION",
      "detail": "FCF margin: +56.1% -> +69.0% (+13.0%)",
      "severity": "MEDIUM"
    },
    {
      "quarter": "2022-03 (Q1)",
      "signal": "YoY REVENUE GROWTH DECELERATION",
      "detail": "YoY growth: +6.2% vs prior quarter YoY: +14.9% (decel: -8.7%)",
      "severity": "WARNING"
    },
    {
      "quarter": "2022-03 (Q1)",
      "signal": "INCREMENTAL MARGIN (YoY)",
      "detail": "YoY Incr OPM: +951.3% vs year-ago OPM: +46.3%",
      "severity": "HIGH"
    },
    {
      "quarter": "2021-12 (Q4)",
      "signal": "INCREMENTAL MARGIN (YoY)",
      "detail": "YoY Incr OPM: +438.2% vs year-ago OPM: +43.4%",
      "severity": "HIGH"
    },
    {
      "quarter": "2021-09 (Q3)",
      "signal": "FCF MARGIN EXPANSION",
      "detail": "FCF margin: +56.4% -> +68.8% (+12.4%)",
      "severity": "MEDIUM"
    },
    {
      "quarter": "2021-03 (Q1)",
      "signal": "FCF MARGIN EXPANSION",
      "detail": "FCF margin: +54.3% -> +71.1% (+16.8%)",
      "severity": "MEDIUM"
    }
  ],
  "data_quality": {
    "n_quarters": 20,
    "coverage": {
      "revenue": [
        20,
        20
      ],
      "gross_profit": [
        0,
        20
      ],
      "op_income": [
        20,
        20
      ],
      "fcf": [
        20,
        20
      ]
    },
    "gaps": [],
    "warnings": [
      "gross_profit: no data"
    ]
  },
  "market_cap": null,
  "source": "SEC EDGAR",
  "last_updated": "2026-02-03T00:53:22.101260"
}