{
  "ticker": "PLMR",
  "name": "Palomar Holdings, Inc.",
  "quarters": [
    {
      "date": "2020-12-31T00:00:00",
      "quarter_label": "2020-12 (Q4)",
      "revenue": 42295000,
      "gross_profit": null,
      "operating_income": null,
      "net_income": -1849000,
      "opex": null,
      "cogs": null,
      "rd": null,
      "sga": null,
      "fcf": 13275000,
      "ocf": 13323000,
      "capex": -48000,
      "gross_margin": null,
      "op_margin": null,
      "fcf_margin": 0.3138668873389289
    },
    {
      "date": "2021-03-31T00:00:00",
      "quarter_label": "2021-03 (Q1)",
      "revenue": 49244000,
      "gross_profit": null,
      "operating_income": null,
      "net_income": 16630000,
      "opex": null,
      "cogs": null,
      "rd": null,
      "sga": null,
      "fcf": -13054000,
      "ocf": -13054000,
      "capex": null,
      "gross_margin": null,
      "op_margin": null,
      "fcf_margin": -0.2650881325643733,
      "fcf_margin_change": -0.5789550199033022
    },
    {
      "date": "2021-06-30T00:00:00",
      "quarter_label": "2021-06 (Q2)",
      "revenue": 57715000,
      "gross_profit": null,
      "operating_income": null,
      "net_income": 12340000,
      "opex": null,
      "cogs": null,
      "rd": null,
      "sga": null,
      "fcf": 5987000,
      "ocf": 5987000,
      "capex": null,
      "gross_margin": null,
      "op_margin": null,
      "fcf_margin": 0.10373386467989258,
      "fcf_margin_change": 0.3688219972442659
    },
    {
      "date": "2021-09-30T00:00:00",
      "quarter_label": "2021-09 (Q3)",
      "revenue": 67661000,
      "gross_profit": null,
      "operating_income": null,
      "net_income": 246000,
      "opex": null,
      "cogs": null,
      "rd": null,
      "sga": null,
      "fcf": 44097000,
      "ocf": 44097000,
      "capex": null,
      "gross_margin": null,
      "op_margin": null,
      "fcf_margin": 0.6517343816969894,
      "fcf_margin_change": 0.5480005170170968
    },
    {
      "date": "2021-12-31T00:00:00",
      "quarter_label": "2021-12 (Q4)",
      "revenue": 73171000,
      "gross_profit": null,
      "operating_income": null,
      "net_income": 16632000,
      "opex": null,
      "cogs": null,
      "rd": null,
      "sga": null,
      "fcf": 50784000,
      "ocf": 50784000,
      "capex": null,
      "gross_margin": null,
      "op_margin": null,
      "fcf_margin": 0.6940454551666644,
      "rev_growth_yoy": 0.7300153682468377,
      "fcf_margin_change": 0.042311073469675
    },
    {
      "date": "2022-03-31T00:00:00",
      "quarter_label": "2022-03 (Q1)",
      "revenue": 78110000,
      "gross_profit": null,
      "operating_income": null,
      "net_income": 14537000,
      "opex": null,
      "cogs": null,
      "rd": null,
      "sga": null,
      "fcf": 49183000,
      "ocf": 49190000,
      "capex": -7000,
      "gross_margin": null,
      "op_margin": null,
      "fcf_margin": 0.6296632953527077,
      "rev_growth_yoy": 0.5861830882950207,
      "rev_growth_yoy_accel": -0.1438322799518169,
      "fcf_margin_change": -0.06438215981395667
    },
    {
      "date": "2022-06-30T00:00:00",
      "quarter_label": "2022-06 (Q2)",
      "revenue": 79660000,
      "gross_profit": null,
      "operating_income": null,
      "net_income": 14589000,
      "opex": null,
      "cogs": null,
      "rd": null,
      "sga": null,
      "fcf": 33349000,
      "ocf": 33609000,
      "capex": -260000,
      "gross_margin": null,
      "op_margin": null,
      "fcf_margin": 0.4186417273412001,
      "rev_growth_yoy": 0.3802304426925409,
      "rev_growth_yoy_accel": -0.20595264560247983,
      "fcf_margin_change": -0.21102156801150762
    },
    {
      "date": "2022-09-30T00:00:00",
      "quarter_label": "2022-09 (Q3)",
      "revenue": 80692000,
      "gross_profit": null,
      "operating_income": null,
      "net_income": 4286000,
      "opex": null,
      "cogs": null,
      "rd": null,
      "sga": null,
      "fcf": 11705000,
      "ocf": 11745000,
      "capex": -40000,
      "gross_margin": null,
      "op_margin": null,
      "fcf_margin": 0.1450577504585337,
      "rev_growth_yoy": 0.19259248311434948,
      "rev_growth_yoy_accel": -0.18763795957819143,
      "fcf_margin_change": -0.2735839768826664
    },
    {
      "date": "2022-12-31T00:00:00",
      "quarter_label": "2022-12 (Q4)",
      "revenue": 88625000,
      "gross_profit": null,
      "operating_income": null,
      "net_income": 18759000,
      "opex": null,
      "cogs": null,
      "rd": null,
      "sga": null,
      "fcf": 75033000,
      "ocf": 75039000,
      "capex": -6000,
      "gross_margin": null,
      "op_margin": null,
      "fcf_margin": 0.8466346967559943,
      "rev_growth_yoy": 0.21120389225239508,
      "rev_growth_yoy_accel": 0.018611409138045598,
      "fcf_margin_change": 0.7015769462974606
    },
    {
      "date": "2023-03-31T00:00:00",
      "quarter_label": "2023-03 (Q1)",
      "revenue": 89202000,
      "gross_profit": null,
      "operating_income": null,
      "net_income": 17313000,
      "opex": null,
      "cogs": null,
      "rd": null,
      "sga": null,
      "fcf": 17437000,
      "ocf": 17437000,
      "capex": null,
      "gross_margin": null,
      "op_margin": null,
      "fcf_margin": 0.1954776798726486,
      "rev_growth_yoy": 0.14200486493406733,
      "rev_growth_yoy_accel": -0.06919902731832775,
      "fcf_margin_change": -0.6511570168833457
    },
    {
      "date": "2023-06-30T00:00:00",
      "quarter_label": "2023-06 (Q2)",
      "revenue": 90396000,
      "gross_profit": null,
      "operating_income": null,
      "net_income": 17562000,
      "opex": null,
      "cogs": null,
      "rd": null,
      "sga": null,
      "fcf": 5766000,
      "ocf": 5766000,
      "capex": null,
      "gross_margin": null,
      "op_margin": null,
      "fcf_margin": 0.06378600823045268,
      "rev_growth_yoy": 0.13477278433341702,
      "rev_growth_yoy_accel": -0.007232080600650309,
      "fcf_margin_change": -0.13169167164219592
    },
    {
      "date": "2023-09-30T00:00:00",
      "quarter_label": "2023-09 (Q3)",
      "revenue": 90935000,
      "gross_profit": null,
      "operating_income": null,
      "net_income": 18432000,
      "opex": null,
      "cogs": null,
      "rd": null,
      "sga": null,
      "fcf": 70637000,
      "ocf": 70633000,
      "capex": 4000,
      "gross_margin": null,
      "op_margin": null,
      "fcf_margin": 0.7767856160994117,
      "rev_growth_yoy": 0.12693947355375998,
      "rev_growth_yoy_accel": -0.007833310779657043,
      "fcf_margin_change": 0.712999607868959
    },
    {
      "date": "2023-12-31T00:00:00",
      "quarter_label": "2023-12 (Q4)",
      "revenue": 105394000,
      "gross_profit": null,
      "operating_income": null,
      "net_income": 25896000,
      "opex": null,
      "cogs": null,
      "rd": null,
      "sga": null,
      "fcf": 22270000,
      "ocf": 22270000,
      "capex": null,
      "gross_margin": null,
      "op_margin": null,
      "fcf_margin": 0.21130235117748639,
      "rev_growth_yoy": 0.189212976022567,
      "rev_growth_yoy_accel": 0.06227350246880703,
      "fcf_margin_change": -0.5654832649219252
    },
    {
      "date": "2024-03-31T00:00:00",
      "quarter_label": "2024-03 (Q1)",
      "revenue": 118535000,
      "gross_profit": null,
      "operating_income": null,
      "net_income": 26382000,
      "opex": null,
      "cogs": null,
      "rd": null,
      "sga": null,
      "fcf": 33125000,
      "ocf": 33125000,
      "capex": null,
      "gross_margin": null,
      "op_margin": null,
      "fcf_margin": 0.2794533260218501,
      "rev_growth_yoy": 0.32883791843232213,
      "rev_growth_yoy_accel": 0.13962494240975512,
      "fcf_margin_change": 0.0681509748443637
    },
    {
      "date": "2024-06-30T00:00:00",
      "quarter_label": "2024-06 (Q2)",
      "revenue": 131069000,
      "gross_profit": null,
      "operating_income": null,
      "net_income": 25729000,
      "opex": null,
      "cogs": null,
      "rd": null,
      "sga": null,
      "fcf": 55127000,
      "ocf": 55127000,
      "capex": null,
      "gross_margin": null,
      "op_margin": null,
      "fcf_margin": 0.4205952589857251,
      "rev_growth_yoy": 0.44994247533076687,
      "rev_growth_yoy_accel": 0.12110455689844474,
      "fcf_margin_change": 0.141141932963875
    },
    {
      "date": "2024-09-30T00:00:00",
      "quarter_label": "2024-09 (Q3)",
      "revenue": 148503000,
      "gross_profit": null,
      "operating_income": null,
      "net_income": 30497000,
      "opex": null,
      "cogs": null,
      "rd": null,
      "sga": null,
      "fcf": 100074000,
      "ocf": 100268000,
      "capex": -194000,
      "gross_margin": null,
      "op_margin": null,
      "fcf_margin": 0.673885376053009,
      "rev_growth_yoy": 0.6330675757409139,
      "rev_growth_yoy_accel": 0.183125100410147,
      "fcf_margin_change": 0.25329011706728394
    },
    {
      "date": "2024-12-31T00:00:00",
      "quarter_label": "2024-12 (Q4)",
      "revenue": 155758000,
      "gross_profit": null,
      "operating_income": null,
      "net_income": 34965000,
      "opex": null,
      "cogs": null,
      "rd": null,
      "sga": null,
      "fcf": 72588000,
      "ocf": 72637000,
      "capex": -49000,
      "gross_margin": null,
      "op_margin": null,
      "fcf_margin": 0.46603063727063776,
      "rev_growth_yoy": 0.4778640150293186,
      "rev_growth_yoy_accel": -0.1552035607115953,
      "fcf_margin_change": -0.20785473878237126
    },
    {
      "date": "2025-03-31T00:00:00",
      "quarter_label": "2025-03 (Q1)",
      "revenue": 174633000,
      "gross_profit": null,
      "operating_income": null,
      "net_income": 42922000,
      "opex": null,
      "cogs": null,
      "rd": null,
      "sga": null,
      "fcf": 87148000,
      "ocf": 87183000,
      "capex": -35000,
      "gross_margin": null,
      "op_margin": null,
      "fcf_margin": 0.49903511936461037,
      "rev_growth_yoy": 0.4732610621335471,
      "rev_growth_yoy_accel": -0.004602952895771506,
      "fcf_margin_change": 0.03300448209397261
    },
    {
      "date": "2025-06-30T00:00:00",
      "quarter_label": "2025-06 (Q2)",
      "revenue": 203311000,
      "gross_profit": null,
      "operating_income": null,
      "net_income": 46528000,
      "opex": null,
      "cogs": null,
      "rd": null,
      "sga": null,
      "fcf": 120849000,
      "ocf": 120878000,
      "capex": -29000,
      "gross_margin": null,
      "op_margin": null,
      "fcf_margin": 0.594404631328359,
      "rev_growth_yoy": 0.5511753351288253,
      "rev_growth_yoy_accel": 0.07791427299527826,
      "fcf_margin_change": 0.0953695119637486
    },
    {
      "date": "2025-09-30T00:00:00",
      "quarter_label": "2025-09 (Q3)",
      "revenue": 244660000,
      "gross_profit": null,
      "operating_income": null,
      "net_income": 51455000,
      "opex": null,
      "cogs": null,
      "rd": null,
      "sga": null,
      "fcf": 83593000,
      "ocf": 83644000,
      "capex": -51000,
      "gross_margin": null,
      "op_margin": null,
      "fcf_margin": 0.341670072754026,
      "rev_growth_yoy": 0.6475088045359353,
      "rev_growth_yoy_accel": 0.09633346940710996,
      "fcf_margin_change": -0.25273455857433297
    }
  ],
  "signals": [
    {
      "quarter": "2025-09 (Q3)",
      "signal": "YoY REVENUE GROWTH ACCELERATION",
      "detail": "YoY growth: +64.8% vs prior quarter YoY: +55.1% (accel: +9.6%)",
      "severity": "MEDIUM"
    },
    {
      "quarter": "2025-06 (Q2)",
      "signal": "FCF MARGIN EXPANSION",
      "detail": "FCF margin: +49.9% -> +59.4% (+9.5%)",
      "severity": "MEDIUM"
    },
    {
      "quarter": "2025-06 (Q2)",
      "signal": "YoY REVENUE GROWTH ACCELERATION",
      "detail": "YoY growth: +55.1% vs prior quarter YoY: +47.3% (accel: +7.8%)",
      "severity": "MEDIUM"
    },
    {
      "quarter": "2024-12 (Q4)",
      "signal": "YoY REVENUE GROWTH DECELERATION",
      "detail": "YoY growth: +47.8% vs prior quarter YoY: +63.3% (decel: -15.5%)",
      "severity": "WARNING"
    },
    {
      "quarter": "2024-09 (Q3)",
      "signal": "FCF MARGIN EXPANSION",
      "detail": "FCF margin: +42.1% -> +67.4% (+25.3%)",
      "severity": "MEDIUM"
    },
    {
      "quarter": "2024-09 (Q3)",
      "signal": "YoY REVENUE GROWTH ACCELERATION",
      "detail": "YoY growth: +63.3% vs prior quarter YoY: +45.0% (accel: +18.3%)",
      "severity": "HIGH"
    },
    {
      "quarter": "2024-06 (Q2)",
      "signal": "FCF MARGIN EXPANSION",
      "detail": "FCF margin: +27.9% -> +42.1% (+14.1%)",
      "severity": "MEDIUM"
    },
    {
      "quarter": "2024-06 (Q2)",
      "signal": "YoY REVENUE GROWTH ACCELERATION",
      "detail": "YoY growth: +45.0% vs prior quarter YoY: +32.9% (accel: +12.1%)",
      "severity": "MEDIUM"
    },
    {
      "quarter": "2024-03 (Q1)",
      "signal": "FCF MARGIN EXPANSION",
      "detail": "FCF margin: +21.1% -> +27.9% (+6.8%)",
      "severity": "MEDIUM"
    },
    {
      "quarter": "2024-03 (Q1)",
      "signal": "YoY REVENUE GROWTH ACCELERATION",
      "detail": "YoY growth: +32.9% vs prior quarter YoY: +18.9% (accel: +14.0%)",
      "severity": "MEDIUM"
    },
    {
      "quarter": "2023-12 (Q4)",
      "signal": "YoY REVENUE GROWTH ACCELERATION",
      "detail": "YoY growth: +18.9% vs prior quarter YoY: +12.7% (accel: +6.2%)",
      "severity": "MEDIUM"
    },
    {
      "quarter": "2023-09 (Q3)",
      "signal": "FCF MARGIN EXPANSION",
      "detail": "FCF margin: +6.4% -> +77.7% (+71.3%)",
      "severity": "MEDIUM"
    },
    {
      "quarter": "2023-03 (Q1)",
      "signal": "YoY REVENUE GROWTH DECELERATION",
      "detail": "YoY growth: +14.2% vs prior quarter YoY: +21.1% (decel: -6.9%)",
      "severity": "WARNING"
    },
    {
      "quarter": "2022-12 (Q4)",
      "signal": "FCF MARGIN EXPANSION",
      "detail": "FCF margin: +14.5% -> +84.7% (+70.2%)",
      "severity": "MEDIUM"
    },
    {
      "quarter": "2022-09 (Q3)",
      "signal": "YoY REVENUE GROWTH DECELERATION",
      "detail": "YoY growth: +19.3% vs prior quarter YoY: +38.0% (decel: -18.8%)",
      "severity": "WARNING"
    },
    {
      "quarter": "2022-06 (Q2)",
      "signal": "YoY REVENUE GROWTH DECELERATION",
      "detail": "YoY growth: +38.0% vs prior quarter YoY: +58.6% (decel: -20.6%)",
      "severity": "WARNING"
    },
    {
      "quarter": "2022-03 (Q1)",
      "signal": "YoY REVENUE GROWTH DECELERATION",
      "detail": "YoY growth: +58.6% vs prior quarter YoY: +73.0% (decel: -14.4%)",
      "severity": "WARNING"
    },
    {
      "quarter": "2021-09 (Q3)",
      "signal": "FCF MARGIN EXPANSION",
      "detail": "FCF margin: +10.4% -> +65.2% (+54.8%)",
      "severity": "MEDIUM"
    },
    {
      "quarter": "2021-06 (Q2)",
      "signal": "FCF TURNED POSITIVE",
      "detail": "FCF margin: -26.5% -> +10.4%",
      "severity": "HIGH"
    }
  ],
  "data_quality": {
    "n_quarters": 20,
    "coverage": {
      "revenue": [
        20,
        20
      ],
      "gross_profit": [
        0,
        20
      ],
      "op_income": [
        0,
        20
      ],
      "fcf": [
        20,
        20
      ]
    },
    "gaps": [],
    "warnings": [
      "gross_profit: no data",
      "op_income: no data"
    ]
  },
  "market_cap": null,
  "source": "SEC EDGAR",
  "last_updated": "2026-02-02T21:19:57.989716"
}