{
  "ticker": "PLNH",
  "name": "Planet 13 Holdings Inc.",
  "quarters": [
    {
      "date": "2021-03-31T00:00:00",
      "quarter_label": "2021-03 (Q1)",
      "revenue": 23816208,
      "gross_profit": 13034727,
      "operating_income": null,
      "net_income": -6014429,
      "opex": null,
      "cogs": 10781481,
      "rd": null,
      "sga": null,
      "fcf": 321378,
      "ocf": 3793326,
      "capex": -3471948,
      "gross_margin": 0.5473048858155757,
      "op_margin": null,
      "fcf_margin": 0.013494087723788774
    },
    {
      "date": "2021-06-30T00:00:00",
      "quarter_label": "2021-06 (Q2)",
      "revenue": 32843588,
      "gross_profit": 19006119,
      "operating_income": null,
      "net_income": null,
      "opex": null,
      "cogs": 13837469,
      "rd": null,
      "sga": null,
      "fcf": -7911030,
      "ocf": 104000,
      "capex": -8015030,
      "gross_margin": 0.5786858305493298,
      "op_margin": null,
      "fcf_margin": -0.24086984649789175,
      "fcf_margin_change": -0.2543639342216805
    },
    {
      "date": "2021-09-30T00:00:00",
      "quarter_label": "2021-09 (Q3)",
      "revenue": 32952254,
      "gross_profit": 17743328,
      "operating_income": null,
      "net_income": null,
      "opex": null,
      "cogs": 15208926,
      "rd": null,
      "sga": null,
      "fcf": -7196901,
      "ocf": -4123252,
      "capex": -3073649,
      "gross_margin": 0.5384556698306586,
      "op_margin": null,
      "fcf_margin": -0.21840390645204422,
      "fcf_margin_change": 0.022465940045847538
    },
    {
      "date": "2021-12-31T00:00:00",
      "quarter_label": "2021-12 (Q4)",
      "revenue": 29881385,
      "gross_profit": 16223803,
      "operating_income": null,
      "net_income": -5140130,
      "opex": null,
      "cogs": 13657582,
      "rd": null,
      "sga": null,
      "fcf": -14505101,
      "ocf": -3155848,
      "capex": -11349253,
      "gross_margin": 0.5429401281098584,
      "op_margin": null,
      "fcf_margin": -0.48542264690876946,
      "fcf_margin_change": -0.26701874045672525
    },
    {
      "date": "2022-03-31T00:00:00",
      "quarter_label": "2022-03 (Q1)",
      "revenue": 25694395,
      "gross_profit": 12901004,
      "operating_income": null,
      "net_income": -2061071,
      "opex": null,
      "cogs": 12793391,
      "rd": null,
      "sga": null,
      "fcf": -3066228,
      "ocf": 960379,
      "capex": -4026607,
      "gross_margin": 0.5020940948405285,
      "op_margin": null,
      "fcf_margin": -0.11933450855721647,
      "rev_growth_yoy": 0.07886171467766825,
      "fcf_margin_change": 0.36608813835155296
    },
    {
      "date": "2022-06-30T00:00:00",
      "quarter_label": "2022-06 (Q2)",
      "revenue": 28412230,
      "gross_profit": 13824507,
      "operating_income": null,
      "net_income": -2039525,
      "opex": null,
      "cogs": 14587723,
      "rd": null,
      "sga": null,
      "fcf": -14516379,
      "ocf": -6805244,
      "capex": -7711135,
      "gross_margin": 0.486568882484761,
      "op_margin": null,
      "fcf_margin": -0.5109200861741581,
      "rev_growth_yoy": -0.13492307844075987,
      "rev_growth_yoy_accel": -0.21378479311842813,
      "fcf_margin_change": -0.39158557761694157
    },
    {
      "date": "2022-09-30T00:00:00",
      "quarter_label": "2022-09 (Q3)",
      "revenue": 25623217,
      "gross_profit": 10558902,
      "operating_income": null,
      "net_income": -6255525,
      "opex": null,
      "cogs": 15064315,
      "rd": null,
      "sga": null,
      "fcf": -1822701,
      "ocf": 1081750,
      "capex": -2904451,
      "gross_margin": 0.4120833851580775,
      "op_margin": null,
      "fcf_margin": -0.07113474471218817,
      "rev_growth_yoy": -0.22241382941512894,
      "rev_growth_yoy_accel": -0.08749075097436906,
      "fcf_margin_change": 0.4397853414619699
    },
    {
      "date": "2022-12-31T00:00:00",
      "quarter_label": "2022-12 (Q4)",
      "revenue": 24844535,
      "gross_profit": 10690341,
      "operating_income": null,
      "net_income": -38624179,
      "opex": null,
      "cogs": 14154194,
      "rd": null,
      "sga": null,
      "fcf": -4033045,
      "ocf": -2000534,
      "capex": -2032511,
      "gross_margin": 0.4302894378985157,
      "op_margin": null,
      "fcf_margin": -0.16233127325586894,
      "rev_growth_yoy": -0.16856146393482097,
      "rev_growth_yoy_accel": 0.05385236548030797,
      "fcf_margin_change": -0.09119652854368077
    },
    {
      "date": "2023-03-31T00:00:00",
      "quarter_label": "2023-03 (Q1)",
      "revenue": 24915396,
      "gross_profit": 10882811,
      "operating_income": null,
      "net_income": -6304242,
      "opex": null,
      "cogs": 14032585,
      "rd": null,
      "sga": null,
      "fcf": -10999513,
      "ocf": -7346140,
      "capex": -3653373,
      "gross_margin": 0.4367906093083971,
      "op_margin": null,
      "fcf_margin": -0.4414745404809139,
      "rev_growth_yoy": -0.030317857260309108,
      "rev_growth_yoy_accel": 0.13824360667451185,
      "fcf_margin_change": -0.27914326722504496
    },
    {
      "date": "2023-06-30T00:00:00",
      "quarter_label": "2023-06 (Q2)",
      "revenue": 25832711,
      "gross_profit": 11882234,
      "operating_income": null,
      "net_income": -4349325,
      "opex": null,
      "cogs": 13950477,
      "rd": null,
      "sga": null,
      "fcf": -2239496,
      "ocf": -1822168,
      "capex": -417328,
      "gross_margin": 0.45996852595145743,
      "op_margin": null,
      "fcf_margin": -0.08669225618635226,
      "rev_growth_yoy": -0.09078903697457046,
      "rev_growth_yoy_accel": -0.060471179714261344,
      "fcf_margin_change": 0.3547822842945616
    },
    {
      "date": "2023-09-30T00:00:00",
      "quarter_label": "2023-09 (Q3)",
      "revenue": 24788239,
      "gross_profit": 11072932,
      "operating_income": null,
      "net_income": -45980990,
      "opex": null,
      "cogs": 13715307,
      "rd": null,
      "sga": null,
      "fcf": -3991254,
      "ocf": -2018775,
      "capex": -1972479,
      "gross_margin": 0.4467010343090528,
      "op_margin": null,
      "fcf_margin": -0.16101401959211384,
      "rev_growth_yoy": -0.032586774720754226,
      "rev_growth_yoy_accel": 0.05820226225381623,
      "fcf_margin_change": -0.07432176340576158
    },
    {
      "date": "2023-12-31T00:00:00",
      "quarter_label": "2023-12 (Q4)",
      "revenue": 22968823,
      "gross_profit": 10985166,
      "operating_income": null,
      "net_income": -16974196,
      "opex": null,
      "cogs": 11983657,
      "rd": null,
      "sga": null,
      "fcf": -3208848,
      "ocf": -858435,
      "capex": -2350413,
      "gross_margin": 0.47826421057796475,
      "op_margin": null,
      "fcf_margin": -0.13970450292555261,
      "rev_growth_yoy": -0.0754979716867311,
      "rev_growth_yoy_accel": -0.042911196965976874,
      "fcf_margin_change": 0.021309516666561223
    },
    {
      "date": "2024-03-31T00:00:00",
      "quarter_label": "2024-03 (Q1)",
      "revenue": 22877471,
      "gross_profit": 10484479,
      "operating_income": null,
      "net_income": -5873769,
      "opex": null,
      "cogs": 12392992,
      "rd": null,
      "sga": null,
      "fcf": -4378141,
      "ocf": -1430951,
      "capex": -2947190,
      "gross_margin": 0.4582883746197296,
      "op_margin": null,
      "fcf_margin": -0.19137346955876372,
      "rev_growth_yoy": -0.08179380331743473,
      "rev_growth_yoy_accel": -0.00629583163070363,
      "fcf_margin_change": -0.051668966633211105
    },
    {
      "date": "2024-06-30T00:00:00",
      "quarter_label": "2024-06 (Q2)",
      "revenue": 31088254,
      "gross_profit": 15836727,
      "operating_income": null,
      "net_income": -8073146,
      "opex": null,
      "cogs": 15251527,
      "rd": null,
      "sga": null,
      "fcf": 1122530,
      "ocf": 5193872,
      "capex": -4071342,
      "gross_margin": 0.5094119148666245,
      "op_margin": null,
      "fcf_margin": 0.036107849607765044,
      "rev_growth_yoy": 0.20344527525585682,
      "rev_growth_yoy_accel": 0.28523907857329156,
      "fcf_margin_change": 0.22748131916652875
    },
    {
      "date": "2024-09-30T00:00:00",
      "quarter_label": "2024-09 (Q3)",
      "revenue": 32159070,
      "gross_profit": 16696020,
      "operating_income": null,
      "net_income": -7411190,
      "opex": null,
      "cogs": 15463050,
      "rd": null,
      "sga": null,
      "fcf": 416858,
      "ocf": 2879858,
      "capex": -2463000,
      "gross_margin": 0.5191698640539045,
      "op_margin": null,
      "fcf_margin": 0.012962377332429078,
      "rev_growth_yoy": 0.2973519417817458,
      "rev_growth_yoy_accel": 0.09390666652588897,
      "fcf_margin_change": -0.023145472275335966
    },
    {
      "date": "2024-12-31T00:00:00",
      "quarter_label": "2024-12 (Q4)",
      "revenue": 30284171,
      "gross_profit": 13093220,
      "operating_income": null,
      "net_income": -26438751,
      "opex": null,
      "cogs": 17190951,
      "rd": null,
      "sga": null,
      "fcf": -3994760,
      "ocf": -1431880,
      "capex": -2562880,
      "gross_margin": 0.4323453331444998,
      "op_margin": null,
      "fcf_margin": -0.1319091745981754,
      "rev_growth_yoy": 0.31849032926066784,
      "rev_growth_yoy_accel": 0.02113838747892205,
      "fcf_margin_change": -0.14487155193060447
    },
    {
      "date": "2025-03-31T00:00:00",
      "quarter_label": "2025-03 (Q1)",
      "revenue": 28031807,
      "gross_profit": 12007505,
      "operating_income": null,
      "net_income": -2047167,
      "opex": null,
      "cogs": 16024302,
      "rd": null,
      "sga": null,
      "fcf": -7880308,
      "ocf": -5189040,
      "capex": -2691268,
      "gross_margin": 0.4283528707228899,
      "op_margin": null,
      "fcf_margin": -0.2811202288885622,
      "rev_growth_yoy": 0.2253018264125436,
      "rev_growth_yoy_accel": -0.09318850284812424,
      "fcf_margin_change": -0.1492110542903868
    },
    {
      "date": "2025-06-30T00:00:00",
      "quarter_label": "2025-06 (Q2)",
      "revenue": 26854361,
      "gross_profit": 11658493,
      "operating_income": null,
      "net_income": -13301242,
      "opex": null,
      "cogs": 15195868,
      "rd": null,
      "sga": null,
      "fcf": -3503599,
      "ocf": -1227497,
      "capex": -2276102,
      "gross_margin": 0.43413779236824884,
      "op_margin": null,
      "fcf_margin": -0.1304666679650281,
      "rev_growth_yoy": -0.13618947529185782,
      "rev_growth_yoy_accel": -0.3614913017044014,
      "fcf_margin_change": 0.1506535609235341
    },
    {
      "date": "2025-09-30T00:00:00",
      "quarter_label": "2025-09 (Q3)",
      "revenue": 23270211,
      "gross_profit": 4958861,
      "operating_income": null,
      "net_income": -43955853,
      "opex": null,
      "cogs": 18311350,
      "rd": null,
      "sga": null,
      "fcf": -5003080,
      "ocf": -4154346,
      "capex": -848734,
      "gross_margin": 0.213099099101422,
      "op_margin": null,
      "fcf_margin": -0.2149993397137654,
      "rev_growth_yoy": -0.27640286239620737,
      "rev_growth_yoy_accel": -0.14021338710434955,
      "fcf_margin_change": -0.0845326717487373
    }
  ],
  "signals": [
    {
      "quarter": "2025-09 (Q3)",
      "signal": "YoY REVENUE GROWTH DECELERATION",
      "detail": "YoY growth: -27.6% vs prior quarter YoY: -13.6% (decel: -14.0%)",
      "severity": "WARNING"
    },
    {
      "quarter": "2025-06 (Q2)",
      "signal": "FCF MARGIN EXPANSION",
      "detail": "FCF margin: -28.1% -> -13.0% (+15.1%)",
      "severity": "MEDIUM"
    },
    {
      "quarter": "2025-06 (Q2)",
      "signal": "YoY REVENUE GROWTH DECELERATION",
      "detail": "YoY growth: -13.6% vs prior quarter YoY: +22.5% (decel: -36.1%)",
      "severity": "WARNING"
    },
    {
      "quarter": "2025-03 (Q1)",
      "signal": "YoY REVENUE GROWTH DECELERATION",
      "detail": "YoY growth: +22.5% vs prior quarter YoY: +31.8% (decel: -9.3%)",
      "severity": "WARNING"
    },
    {
      "quarter": "2024-09 (Q3)",
      "signal": "YoY REVENUE GROWTH ACCELERATION",
      "detail": "YoY growth: +29.7% vs prior quarter YoY: +20.3% (accel: +9.4%)",
      "severity": "MEDIUM"
    },
    {
      "quarter": "2024-06 (Q2)",
      "signal": "FCF TURNED POSITIVE",
      "detail": "FCF margin: -19.1% -> +3.6%",
      "severity": "HIGH"
    },
    {
      "quarter": "2024-06 (Q2)",
      "signal": "GROSS MARGIN INFLECTION",
      "detail": "GM: +47.8% -> +45.8% -> +50.9% (reversal +5.1%)",
      "severity": "HIGH"
    },
    {
      "quarter": "2024-06 (Q2)",
      "signal": "YoY REVENUE GROWTH ACCELERATION",
      "detail": "YoY growth: +20.3% vs prior quarter YoY: -8.2% (accel: +28.5%)",
      "severity": "HIGH"
    },
    {
      "quarter": "2023-12 (Q4)",
      "signal": "GROSS MARGIN INFLECTION",
      "detail": "GM: +46.0% -> +44.7% -> +47.8% (reversal +3.2%)",
      "severity": "MEDIUM"
    },
    {
      "quarter": "2023-09 (Q3)",
      "signal": "YoY REVENUE GROWTH ACCELERATION",
      "detail": "YoY growth: -3.3% vs prior quarter YoY: -9.1% (accel: +5.8%)",
      "severity": "MEDIUM"
    },
    {
      "quarter": "2023-06 (Q2)",
      "signal": "FCF MARGIN EXPANSION",
      "detail": "FCF margin: -44.1% -> -8.7% (+35.5%)",
      "severity": "MEDIUM"
    },
    {
      "quarter": "2023-06 (Q2)",
      "signal": "YoY REVENUE GROWTH DECELERATION",
      "detail": "YoY growth: -9.1% vs prior quarter YoY: -3.0% (decel: -6.0%)",
      "severity": "WARNING"
    },
    {
      "quarter": "2023-03 (Q1)",
      "signal": "YoY REVENUE GROWTH ACCELERATION",
      "detail": "YoY growth: -3.0% vs prior quarter YoY: -16.9% (accel: +13.8%)",
      "severity": "MEDIUM"
    },
    {
      "quarter": "2022-12 (Q4)",
      "signal": "YoY REVENUE GROWTH ACCELERATION",
      "detail": "YoY growth: -16.9% vs prior quarter YoY: -22.2% (accel: +5.4%)",
      "severity": "MEDIUM"
    },
    {
      "quarter": "2022-09 (Q3)",
      "signal": "FCF MARGIN EXPANSION",
      "detail": "FCF margin: -51.1% -> -7.1% (+44.0%)",
      "severity": "MEDIUM"
    },
    {
      "quarter": "2022-09 (Q3)",
      "signal": "YoY REVENUE GROWTH DECELERATION",
      "detail": "YoY growth: -22.2% vs prior quarter YoY: -13.5% (decel: -8.7%)",
      "severity": "WARNING"
    },
    {
      "quarter": "2022-06 (Q2)",
      "signal": "YoY REVENUE GROWTH DECELERATION",
      "detail": "YoY growth: -13.5% vs prior quarter YoY: +7.9% (decel: -21.4%)",
      "severity": "WARNING"
    },
    {
      "quarter": "2022-03 (Q1)",
      "signal": "FCF MARGIN EXPANSION",
      "detail": "FCF margin: -48.5% -> -11.9% (+36.6%)",
      "severity": "MEDIUM"
    }
  ],
  "data_quality": {
    "n_quarters": 19,
    "coverage": {
      "revenue": [
        19,
        19
      ],
      "gross_profit": [
        19,
        19
      ],
      "op_income": [
        0,
        19
      ],
      "fcf": [
        19,
        19
      ]
    },
    "gaps": [],
    "warnings": [
      "op_income: no data"
    ]
  },
  "market_cap": null,
  "source": "SEC EDGAR",
  "last_updated": "2026-02-02T23:35:52.359009"
}