{
  "ticker": "PLTK",
  "name": "PLAYTIKA HOLDING CORP.",
  "quarters": [
    {
      "date": "2020-12-31T00:00:00",
      "quarter_label": "2020-12 (Q4)",
      "revenue": 573500000,
      "gross_profit": 400000000,
      "operating_income": 142300000,
      "net_income": null,
      "opex": 431200000,
      "cogs": 173500000,
      "rd": 76800000,
      "sga": null,
      "fcf": 171800000,
      "ocf": 184200000,
      "capex": -12400000,
      "gross_margin": 0.6974716652136007,
      "op_margin": 0.24812554489973845,
      "fcf_margin": 0.2995640802092415
    },
    {
      "date": "2021-03-31T00:00:00",
      "quarter_label": "2021-03 (Q1)",
      "revenue": 638900000,
      "gross_profit": 455900000,
      "operating_income": 130300000,
      "net_income": 35700000,
      "opex": 508600000,
      "cogs": 183000000,
      "rd": 85200000,
      "sga": null,
      "fcf": -63900000,
      "ocf": -56400000,
      "capex": -7500000,
      "gross_margin": 0.7135701987791516,
      "op_margin": 0.20394427922992645,
      "fcf_margin": -0.10001565190170605,
      "op_leverage_ratio": 0.6353047721389807,
      "fcf_margin_change": -0.39957973211094755
    },
    {
      "date": "2021-06-30T00:00:00",
      "quarter_label": "2021-06 (Q2)",
      "revenue": 659200000,
      "gross_profit": 475300000,
      "operating_income": 165400000,
      "net_income": 90000000,
      "opex": 493800000,
      "cogs": 183900000,
      "rd": 91800000,
      "sga": null,
      "fcf": 233600000,
      "ocf": 246300000,
      "capex": -12700000,
      "gross_margin": 0.7210254854368932,
      "op_margin": 0.2509101941747573,
      "fcf_margin": 0.35436893203883496,
      "op_leverage_ratio": Infinity,
      "fcf_margin_change": 0.45438458394054104
    },
    {
      "date": "2021-09-30T00:00:00",
      "quarter_label": "2021-09 (Q3)",
      "revenue": 635900000,
      "gross_profit": 456700000,
      "operating_income": 154500000,
      "net_income": 80500000,
      "opex": 481400000,
      "cogs": 179200000,
      "rd": 91500000,
      "sga": null,
      "fcf": 182600000,
      "ocf": 193900000,
      "capex": -11300000,
      "gross_margin": 0.7181946846988521,
      "op_margin": 0.242962729988992,
      "fcf_margin": 0.2871520679352099,
      "fcf_margin_change": -0.06721686410362504
    },
    {
      "date": "2021-12-31T00:00:00",
      "quarter_label": "2021-12 (Q4)",
      "revenue": 649000000,
      "gross_profit": 466100000,
      "operating_income": 112000000,
      "net_income": 102300000,
      "opex": 537000000,
      "cogs": 182900000,
      "rd": 118200000,
      "sga": null,
      "fcf": 152000000,
      "ocf": 167900000,
      "capex": -15900000,
      "gross_margin": 0.7181818181818181,
      "op_margin": 0.17257318952234207,
      "fcf_margin": 0.23420647149460708,
      "incr_op_margin_yoy": -0.4013245033112583,
      "rev_growth_yoy": 0.13164777680906714,
      "op_leverage_ratio": 0.17836669491266555,
      "fcf_margin_change": -0.05294559644060284
    },
    {
      "date": "2022-03-31T00:00:00",
      "quarter_label": "2022-03 (Q1)",
      "revenue": 676900000,
      "gross_profit": 490000000,
      "operating_income": 120400000,
      "net_income": 83200000,
      "opex": 556500000,
      "cogs": 186900000,
      "rd": 112700000,
      "sga": null,
      "fcf": 45100000,
      "ocf": 58100000,
      "capex": -13000000,
      "gross_margin": 0.7238883143743536,
      "op_margin": 0.1778697001034126,
      "fcf_margin": 0.06662727138425173,
      "incr_op_margin_yoy": -0.26052631578947366,
      "rev_growth_yoy": 0.05947722648301769,
      "rev_growth_yoy_accel": -0.07217055032604945,
      "op_leverage_ratio": 1.1838568211449567,
      "fcf_margin_change": -0.16757920011035535
    },
    {
      "date": "2022-06-30T00:00:00",
      "quarter_label": "2022-06 (Q2)",
      "revenue": 659600000,
      "gross_profit": 473500000,
      "operating_income": 91300000,
      "net_income": 36400000,
      "opex": 568300000,
      "cogs": 186100000,
      "rd": 125200000,
      "sga": null,
      "fcf": 166500000,
      "ocf": 183000000,
      "capex": -16500000,
      "gross_margin": 0.7178593086719224,
      "op_margin": 0.13841722255912675,
      "fcf_margin": 0.25242571255306245,
      "rev_growth_yoy": 0.0006067961165048543,
      "rev_growth_yoy_accel": -0.058870430366512835,
      "fcf_margin_change": 0.18579844116881072
    },
    {
      "date": "2022-09-30T00:00:00",
      "quarter_label": "2022-09 (Q3)",
      "revenue": 647800000,
      "gross_profit": 466000000,
      "operating_income": 131400000,
      "net_income": 68200000,
      "opex": 516400000,
      "cogs": 181800000,
      "rd": 115100000,
      "sga": null,
      "fcf": 66400000,
      "ocf": 75200000,
      "capex": -8800000,
      "gross_margin": 0.7193578264896573,
      "op_margin": 0.20284038283420808,
      "fcf_margin": 0.10250077184316148,
      "incr_op_margin_yoy": -1.9411764705882353,
      "rev_growth_yoy": 0.018713634219216856,
      "rev_growth_yoy_accel": 0.018106838102712002,
      "fcf_margin_change": -0.14992494070990098
    },
    {
      "date": "2022-12-31T00:00:00",
      "quarter_label": "2022-12 (Q4)",
      "revenue": 631200000,
      "gross_profit": 450300000,
      "operating_income": 128300000,
      "net_income": 87500000,
      "opex": 502900000,
      "cogs": 180900000,
      "rd": 119300000,
      "sga": null,
      "fcf": 147400000,
      "ocf": 177400000,
      "capex": -30000000,
      "gross_margin": 0.7134030418250951,
      "op_margin": 0.20326362484157162,
      "fcf_margin": 0.2335234474017744,
      "incr_op_margin_yoy": -0.9157303370786517,
      "rev_growth_yoy": -0.027426810477657937,
      "rev_growth_yoy_accel": -0.0461404446968748,
      "fcf_margin_change": 0.1310226755586129
    },
    {
      "date": "2023-03-31T00:00:00",
      "quarter_label": "2023-03 (Q1)",
      "revenue": 656200000,
      "gross_profit": 470500000,
      "operating_income": 152400000,
      "net_income": 84100000,
      "opex": 503800000,
      "cogs": 185700000,
      "rd": 102400000,
      "sga": null,
      "fcf": 15500000,
      "ocf": 20500000,
      "capex": -5000000,
      "gross_margin": 0.7170070100579091,
      "op_margin": 0.23224626638220056,
      "fcf_margin": 0.02362084730265163,
      "incr_op_margin_yoy": -1.5458937198067633,
      "rev_growth_yoy": -0.030580587974590043,
      "rev_growth_yoy_accel": -0.0031537774969321065,
      "op_leverage_ratio": 22.131565976623012,
      "fcf_margin_change": -0.20990260009912276
    },
    {
      "date": "2023-06-30T00:00:00",
      "quarter_label": "2023-06 (Q2)",
      "revenue": 642800000,
      "gross_profit": 454800000,
      "operating_income": 139200000,
      "net_income": 75700000,
      "opex": 503600000,
      "cogs": 188000000,
      "rd": 100300000,
      "sga": null,
      "fcf": 202800000,
      "ocf": 207000000,
      "capex": -4200000,
      "gross_margin": 0.7075295581829496,
      "op_margin": 0.2165525824517735,
      "fcf_margin": 0.31549471064094586,
      "incr_op_margin_yoy": -2.8511904761904763,
      "rev_growth_yoy": -0.025469981807155852,
      "rev_growth_yoy_accel": 0.005110606167434192,
      "fcf_margin_change": 0.29187386333829424
    },
    {
      "date": "2023-09-30T00:00:00",
      "quarter_label": "2023-09 (Q3)",
      "revenue": 630100000,
      "gross_profit": 456200000,
      "operating_income": 90000000,
      "net_income": 37900000,
      "opex": 540100000,
      "cogs": 173900000,
      "rd": 102200000,
      "sga": null,
      "fcf": 101200000,
      "ocf": 108800000,
      "capex": -7600000,
      "gross_margin": 0.7240120615775274,
      "op_margin": 0.14283447071893351,
      "fcf_margin": 0.16060942707506745,
      "incr_op_margin_yoy": 2.3389830508474576,
      "rev_growth_yoy": -0.027323247916023464,
      "rev_growth_yoy_accel": -0.001853266108867612,
      "fcf_margin_change": -0.1548852835658784
    },
    {
      "date": "2023-12-31T00:00:00",
      "quarter_label": "2023-12 (Q4)",
      "revenue": 637900000,
      "gross_profit": 457300000,
      "operating_income": 120000000,
      "net_income": 37300000,
      "opex": 517900000,
      "cogs": 180600000,
      "rd": 101500000,
      "sga": null,
      "fcf": 163500000,
      "ocf": 179300000,
      "capex": -15800000,
      "gross_margin": 0.7168835240633328,
      "op_margin": 0.18811725975858284,
      "fcf_margin": 0.2563097664210691,
      "incr_op_margin_yoy": -1.2388059701492538,
      "rev_growth_yoy": 0.010614702154626109,
      "rev_growth_yoy_accel": 0.037937950070649575,
      "op_leverage_ratio": Infinity,
      "fcf_margin_change": 0.09570033934600167
    },
    {
      "date": "2024-03-31T00:00:00",
      "quarter_label": "2024-03 (Q1)",
      "revenue": 651200000,
      "gross_profit": 474200000,
      "operating_income": 98100000,
      "net_income": 53000000,
      "opex": 553100000,
      "cogs": 177000000,
      "rd": 106900000,
      "sga": null,
      "fcf": 15600000,
      "ocf": 29600000,
      "capex": -14000000,
      "gross_margin": 0.7281941031941032,
      "op_margin": 0.15064496314496315,
      "fcf_margin": 0.023955773955773956,
      "incr_op_margin_yoy": 10.86,
      "rev_growth_yoy": -0.007619628162145687,
      "rev_growth_yoy_accel": -0.018234330316771796,
      "op_leverage_ratio": 0.3067625126480355,
      "fcf_margin_change": -0.23235399246529517
    },
    {
      "date": "2024-06-30T00:00:00",
      "quarter_label": "2024-06 (Q2)",
      "revenue": 627000000,
      "gross_profit": 458800000,
      "operating_income": 140700000,
      "net_income": 86600000,
      "opex": 486300000,
      "cogs": 168200000,
      "rd": 100600000,
      "sga": null,
      "fcf": 141200000,
      "ocf": 150500000,
      "capex": -9300000,
      "gross_margin": 0.7317384370015949,
      "op_margin": 0.22440191387559807,
      "fcf_margin": 0.22519936204146732,
      "incr_op_margin_yoy": -0.0949367088607595,
      "rev_growth_yoy": -0.024579962663347853,
      "rev_growth_yoy_accel": -0.016960334501202164,
      "fcf_margin_change": 0.20124358808569337
    },
    {
      "date": "2024-09-30T00:00:00",
      "quarter_label": "2024-09 (Q3)",
      "revenue": 620800000,
      "gross_profit": 452700000,
      "operating_income": 97500000,
      "net_income": 39300000,
      "opex": 523300000,
      "cogs": 168100000,
      "rd": 99200000,
      "sga": null,
      "fcf": 152100000,
      "ocf": 156900000,
      "capex": -4800000,
      "gross_margin": 0.7292203608247423,
      "op_margin": 0.15705541237113402,
      "fcf_margin": 0.24500644329896906,
      "incr_op_margin_yoy": -0.8064516129032258,
      "rev_growth_yoy": -0.014759561974289796,
      "rev_growth_yoy_accel": 0.009820400689058057,
      "fcf_margin_change": 0.019807081257501746
    },
    {
      "date": "2024-12-31T00:00:00",
      "quarter_label": "2024-12 (Q4)",
      "revenue": 650300000,
      "gross_profit": 471500000,
      "operating_income": 55300000,
      "net_income": -16700000,
      "opex": 595000000,
      "cogs": 178800000,
      "rd": 96300000,
      "sga": null,
      "fcf": 140300000,
      "ocf": 153100000,
      "capex": -12800000,
      "gross_margin": 0.7250499769337229,
      "op_margin": 0.08503767491926803,
      "fcf_margin": 0.21574657850222975,
      "incr_op_margin_yoy": -5.217741935483871,
      "rev_growth_yoy": 0.019438783508386896,
      "rev_growth_yoy_accel": 0.034198345482676695,
      "op_leverage_ratio": 0.3468182055097844,
      "fcf_margin_change": -0.02925986479673931
    },
    {
      "date": "2025-03-31T00:00:00",
      "quarter_label": "2025-03 (Q1)",
      "revenue": 706000000,
      "gross_profit": 508600000,
      "operating_income": 67800000,
      "net_income": 30600000,
      "opex": 638200000,
      "cogs": 197400000,
      "rd": 103800000,
      "sga": null,
      "fcf": 8400000,
      "ocf": 18800000,
      "capex": -10400000,
      "gross_margin": 0.7203966005665723,
      "op_margin": 0.09603399433427762,
      "fcf_margin": 0.01189801699716714,
      "incr_op_margin_yoy": -0.5529197080291971,
      "rev_growth_yoy": 0.08415233415233415,
      "rev_growth_yoy_accel": 0.06471355064394727,
      "op_leverage_ratio": 1.1797083682175178,
      "fcf_margin_change": -0.20384856150506261
    },
    {
      "date": "2025-06-30T00:00:00",
      "quarter_label": "2025-06 (Q2)",
      "revenue": 696000000,
      "gross_profit": 500200000,
      "operating_income": 109700000,
      "net_income": 33200000,
      "opex": 586300000,
      "cogs": 195800000,
      "rd": 114500000,
      "sga": null,
      "fcf": 141300000,
      "ocf": 146100000,
      "capex": -4800000,
      "gross_margin": 0.7186781609195402,
      "op_margin": 0.15761494252873562,
      "fcf_margin": 0.20301724137931035,
      "incr_op_margin_yoy": -0.4492753623188406,
      "rev_growth_yoy": 0.11004784688995216,
      "rev_growth_yoy_accel": 0.025895512737618004,
      "fcf_margin_change": 0.1911192243821432
    },
    {
      "date": "2025-09-30T00:00:00",
      "quarter_label": "2025-09 (Q3)",
      "revenue": 674600000,
      "gross_profit": 496200000,
      "operating_income": 98400000,
      "net_income": 39100000,
      "opex": 576200000,
      "cogs": 178400000,
      "rd": 98800000,
      "sga": null,
      "fcf": 106500000,
      "ocf": 116900000,
      "capex": -10400000,
      "gross_margin": 0.7355469908093685,
      "op_margin": 0.14586421583160392,
      "fcf_margin": 0.15787133115920546,
      "incr_op_margin_yoy": 0.016728624535315983,
      "rev_growth_yoy": 0.08666237113402062,
      "rev_growth_yoy_accel": -0.023385475755931542,
      "fcf_margin_change": -0.04514591022010489
    }
  ],
  "signals": [
    {
      "quarter": "2025-06 (Q2)",
      "signal": "FCF MARGIN EXPANSION",
      "detail": "FCF margin: +1.2% -> +20.3% (+19.1%)",
      "severity": "MEDIUM"
    },
    {
      "quarter": "2025-03 (Q1)",
      "signal": "YoY REVENUE GROWTH ACCELERATION",
      "detail": "YoY growth: +8.4% vs prior quarter YoY: +1.9% (accel: +6.5%)",
      "severity": "MEDIUM"
    },
    {
      "quarter": "2024-06 (Q2)",
      "signal": "FCF MARGIN EXPANSION",
      "detail": "FCF margin: +2.4% -> +22.5% (+20.1%)",
      "severity": "MEDIUM"
    },
    {
      "quarter": "2024-03 (Q1)",
      "signal": "INCREMENTAL MARGIN (YoY)",
      "detail": "YoY Incr OPM: +1086.0% vs year-ago OPM: +23.2%",
      "severity": "HIGH"
    },
    {
      "quarter": "2023-12 (Q4)",
      "signal": "FCF MARGIN EXPANSION",
      "detail": "FCF margin: +16.1% -> +25.6% (+9.6%)",
      "severity": "MEDIUM"
    },
    {
      "quarter": "2023-09 (Q3)",
      "signal": "INCREMENTAL MARGIN (YoY)",
      "detail": "YoY Incr OPM: +233.9% vs year-ago OPM: +20.3%",
      "severity": "HIGH"
    },
    {
      "quarter": "2023-06 (Q2)",
      "signal": "FCF MARGIN EXPANSION",
      "detail": "FCF margin: +2.4% -> +31.5% (+29.2%)",
      "severity": "MEDIUM"
    },
    {
      "quarter": "2023-03 (Q1)",
      "signal": "OPERATING LEVERAGE",
      "detail": "Rev growth +4.0% vs OpEx growth +0.2% (leverage: 22.1x)",
      "severity": "MEDIUM"
    },
    {
      "quarter": "2022-12 (Q4)",
      "signal": "FCF MARGIN EXPANSION",
      "detail": "FCF margin: +10.3% -> +23.4% (+13.1%)",
      "severity": "MEDIUM"
    },
    {
      "quarter": "2022-06 (Q2)",
      "signal": "FCF MARGIN EXPANSION",
      "detail": "FCF margin: +6.7% -> +25.2% (+18.6%)",
      "severity": "MEDIUM"
    },
    {
      "quarter": "2022-06 (Q2)",
      "signal": "YoY REVENUE GROWTH DECELERATION",
      "detail": "YoY growth: +0.1% vs prior quarter YoY: +5.9% (decel: -5.9%)",
      "severity": "WARNING"
    },
    {
      "quarter": "2022-03 (Q1)",
      "signal": "YoY REVENUE GROWTH DECELERATION",
      "detail": "YoY growth: +5.9% vs prior quarter YoY: +13.2% (decel: -7.2%)",
      "severity": "WARNING"
    },
    {
      "quarter": "2021-06 (Q2)",
      "signal": "FCF TURNED POSITIVE",
      "detail": "FCF margin: -10.0% -> +35.4%",
      "severity": "HIGH"
    }
  ],
  "data_quality": {
    "n_quarters": 20,
    "coverage": {
      "revenue": [
        20,
        20
      ],
      "gross_profit": [
        20,
        20
      ],
      "op_income": [
        20,
        20
      ],
      "fcf": [
        20,
        20
      ]
    },
    "gaps": [],
    "warnings": []
  },
  "market_cap": null,
  "source": "SEC EDGAR",
  "last_updated": "2026-02-02T21:52:40.138082"
}