{
  "ticker": "PLYM",
  "name": "PLYMOUTH INDUSTRIAL REIT, INC.",
  "quarters": [
    {
      "date": "2020-12-31T00:00:00",
      "quarter_label": "2020-12 (Q4)",
      "revenue": 29967000,
      "gross_profit": null,
      "operating_income": null,
      "net_income": -2477000,
      "opex": 27868000,
      "cogs": null,
      "rd": null,
      "sga": null,
      "fcf": 10972000,
      "ocf": 10972000,
      "capex": null,
      "gross_margin": null,
      "op_margin": null,
      "fcf_margin": 0.36613608302466044
    },
    {
      "date": "2021-03-31T00:00:00",
      "quarter_label": "2021-03 (Q1)",
      "revenue": 31916000,
      "gross_profit": null,
      "operating_income": null,
      "net_income": -2919000,
      "opex": 30212000,
      "cogs": null,
      "rd": null,
      "sga": null,
      "fcf": 14805000,
      "ocf": 14805000,
      "capex": null,
      "gross_margin": null,
      "op_margin": null,
      "fcf_margin": 0.4638739190374734,
      "op_leverage_ratio": 0.7732443685779044,
      "fcf_margin_change": 0.09773783601281294
    },
    {
      "date": "2021-06-30T00:00:00",
      "quarter_label": "2021-06 (Q2)",
      "revenue": 32855000,
      "gross_profit": null,
      "operating_income": null,
      "net_income": -3910000,
      "opex": 31151000,
      "cogs": null,
      "rd": null,
      "sga": null,
      "fcf": 11812000,
      "ocf": 11812000,
      "capex": null,
      "gross_margin": null,
      "op_margin": null,
      "fcf_margin": 0.35951909907167856,
      "op_leverage_ratio": 0.9466098508585036,
      "fcf_margin_change": -0.10435481996579482
    },
    {
      "date": "2021-09-30T00:00:00",
      "quarter_label": "2021-09 (Q3)",
      "revenue": 35962000,
      "gross_profit": null,
      "operating_income": null,
      "net_income": -3592000,
      "opex": 33601000,
      "cogs": null,
      "rd": null,
      "sga": null,
      "fcf": 7930000,
      "ocf": 7930000,
      "capex": null,
      "gross_margin": null,
      "op_margin": null,
      "fcf_margin": 0.2205105389021745,
      "op_leverage_ratio": 1.2023909261162995,
      "fcf_margin_change": -0.13900856016950405
    },
    {
      "date": "2021-12-31T00:00:00",
      "quarter_label": "2021-12 (Q4)",
      "revenue": 39885000,
      "gross_profit": null,
      "operating_income": null,
      "net_income": -4587000,
      "opex": 36234000,
      "cogs": null,
      "rd": null,
      "sga": null,
      "fcf": 23393000,
      "ocf": 23393000,
      "capex": null,
      "gross_margin": null,
      "op_margin": null,
      "fcf_margin": 0.5865112197568008,
      "rev_growth_yoy": 0.33096406046651317,
      "op_leverage_ratio": 1.392117250066867,
      "fcf_margin_change": 0.3660006808546262
    },
    {
      "date": "2022-03-31T00:00:00",
      "quarter_label": "2022-03 (Q1)",
      "revenue": 42806000,
      "gross_profit": null,
      "operating_income": null,
      "net_income": -4410000,
      "opex": 40318000,
      "cogs": null,
      "rd": null,
      "sga": null,
      "fcf": 14288000,
      "ocf": 14288000,
      "capex": null,
      "gross_margin": null,
      "op_margin": null,
      "fcf_margin": 0.3337849834135402,
      "rev_growth_yoy": 0.3412081714500564,
      "rev_growth_yoy_accel": 0.01024411098354322,
      "op_leverage_ratio": 0.6497593043270706,
      "fcf_margin_change": -0.2527262363432606
    },
    {
      "date": "2022-06-30T00:00:00",
      "quarter_label": "2022-06 (Q2)",
      "revenue": 45614000,
      "gross_profit": null,
      "operating_income": null,
      "net_income": -4409000,
      "opex": 42153000,
      "cogs": null,
      "rd": null,
      "sga": null,
      "fcf": 21371000,
      "ocf": 21371000,
      "capex": null,
      "gross_margin": null,
      "op_margin": null,
      "fcf_margin": 0.46851843732187487,
      "rev_growth_yoy": 0.388342718003348,
      "rev_growth_yoy_accel": 0.047134546553291634,
      "op_leverage_ratio": 1.4413032576731393,
      "fcf_margin_change": 0.1347334539083347
    },
    {
      "date": "2022-09-30T00:00:00",
      "quarter_label": "2022-09 (Q3)",
      "revenue": 47790000,
      "gross_profit": null,
      "operating_income": null,
      "net_income": -4571000,
      "opex": 43433000,
      "cogs": null,
      "rd": null,
      "sga": null,
      "fcf": 23193000,
      "ocf": 23193000,
      "capex": null,
      "gross_margin": null,
      "op_margin": null,
      "fcf_margin": 0.4853107344632768,
      "rev_growth_yoy": 0.32890273066014125,
      "rev_growth_yoy_accel": -0.05943998734320677,
      "op_leverage_ratio": 1.5710110930854562,
      "fcf_margin_change": 0.016792297141401957
    },
    {
      "date": "2022-12-31T00:00:00",
      "quarter_label": "2022-12 (Q4)",
      "revenue": 47326000,
      "gross_profit": null,
      "operating_income": null,
      "net_income": -3496000,
      "opex": 41948000,
      "cogs": null,
      "rd": null,
      "sga": null,
      "fcf": 13376000,
      "ocf": 13376000,
      "capex": null,
      "gross_margin": null,
      "op_margin": null,
      "fcf_margin": 0.2826353378692473,
      "rev_growth_yoy": 0.18656136392127365,
      "rev_growth_yoy_accel": -0.1423413667388676,
      "fcf_margin_change": -0.2026753965940295
    },
    {
      "date": "2023-03-31T00:00:00",
      "quarter_label": "2023-03 (Q1)",
      "revenue": 49400000,
      "gross_profit": null,
      "operating_income": null,
      "net_income": -3298000,
      "opex": 43201000,
      "cogs": null,
      "rd": null,
      "sga": null,
      "fcf": 18602000,
      "ocf": 18602000,
      "capex": null,
      "gross_margin": null,
      "op_margin": null,
      "fcf_margin": 0.3765587044534413,
      "rev_growth_yoy": 0.15404382563192076,
      "rev_growth_yoy_accel": -0.03251753828935289,
      "op_leverage_ratio": 1.4671318354606764,
      "fcf_margin_change": 0.09392336658419398
    },
    {
      "date": "2023-06-30T00:00:00",
      "quarter_label": "2023-06 (Q2)",
      "revenue": 49899000,
      "gross_profit": null,
      "operating_income": null,
      "net_income": -2604000,
      "opex": 42949000,
      "cogs": null,
      "rd": null,
      "sga": null,
      "fcf": 20897000,
      "ocf": 20897000,
      "capex": null,
      "gross_margin": null,
      "op_margin": null,
      "fcf_margin": 0.41878594761418064,
      "rev_growth_yoy": 0.09394045687727452,
      "rev_growth_yoy_accel": -0.06010336875464624,
      "op_leverage_ratio": Infinity,
      "fcf_margin_change": 0.042227243160739336
    },
    {
      "date": "2023-09-30T00:00:00",
      "quarter_label": "2023-09 (Q3)",
      "revenue": 49765000,
      "gross_profit": null,
      "operating_income": null,
      "net_income": 10286000,
      "opex": 41932000,
      "cogs": null,
      "rd": null,
      "sga": null,
      "fcf": 23760000,
      "ocf": 23760000,
      "capex": null,
      "gross_margin": null,
      "op_margin": null,
      "fcf_margin": 0.477443986737667,
      "rev_growth_yoy": 0.04132663737183511,
      "rev_growth_yoy_accel": -0.05261381950543941,
      "fcf_margin_change": 0.05865803912348638
    },
    {
      "date": "2023-12-31T00:00:00",
      "quarter_label": "2023-12 (Q4)",
      "revenue": 50784000,
      "gross_profit": null,
      "operating_income": null,
      "net_income": 9276000,
      "opex": 42255000,
      "cogs": null,
      "rd": null,
      "sga": null,
      "fcf": 18613000,
      "ocf": 18613000,
      "capex": null,
      "gross_margin": null,
      "op_margin": null,
      "fcf_margin": 0.366513074984247,
      "rev_growth_yoy": 0.07306765836960656,
      "rev_growth_yoy_accel": 0.03174102099777145,
      "op_leverage_ratio": 2.6582341338657014,
      "fcf_margin_change": -0.11093091175342001
    },
    {
      "date": "2024-03-31T00:00:00",
      "quarter_label": "2024-03 (Q1)",
      "revenue": 50228000,
      "gross_profit": null,
      "operating_income": null,
      "net_income": 6218000,
      "opex": 42374000,
      "cogs": null,
      "rd": null,
      "sga": null,
      "fcf": 16614000,
      "ocf": 16614000,
      "capex": null,
      "gross_margin": null,
      "op_margin": null,
      "fcf_margin": 0.3307716811340288,
      "rev_growth_yoy": 0.016761133603238866,
      "rev_growth_yoy_accel": -0.056306524766367695,
      "fcf_margin_change": -0.035741393850218184
    },
    {
      "date": "2024-06-30T00:00:00",
      "quarter_label": "2024-06 (Q2)",
      "revenue": 48686000,
      "gross_profit": null,
      "operating_income": null,
      "net_income": 1314000,
      "opex": 38796000,
      "cogs": null,
      "rd": null,
      "sga": null,
      "fcf": 19863000,
      "ocf": 19863000,
      "capex": null,
      "gross_margin": null,
      "op_margin": null,
      "fcf_margin": 0.4079817606704186,
      "rev_growth_yoy": -0.024309104390869557,
      "rev_growth_yoy_accel": -0.04107023799410842,
      "fcf_margin_change": 0.07721007953638975
    },
    {
      "date": "2024-09-30T00:00:00",
      "quarter_label": "2024-09 (Q3)",
      "revenue": 51871000,
      "gross_profit": null,
      "operating_income": null,
      "net_income": -15601000,
      "opex": 41966000,
      "cogs": null,
      "rd": null,
      "sga": null,
      "fcf": 17568000,
      "ocf": 17568000,
      "capex": null,
      "gross_margin": null,
      "op_margin": null,
      "fcf_margin": 0.3386863565383355,
      "rev_growth_yoy": 0.04231889882447503,
      "rev_growth_yoy_accel": 0.0666280032153446,
      "op_leverage_ratio": 0.8006321588766021,
      "fcf_margin_change": -0.06929540413208307
    },
    {
      "date": "2024-12-31T00:00:00",
      "quarter_label": "2024-12 (Q4)",
      "revenue": 47570000,
      "gross_profit": null,
      "operating_income": null,
      "net_income": 147413000,
      "opex": 39075000,
      "cogs": null,
      "rd": null,
      "sga": null,
      "fcf": 42025000,
      "ocf": 42025000,
      "capex": null,
      "gross_margin": null,
      "op_margin": null,
      "fcf_margin": 0.8834349379861257,
      "rev_growth_yoy": -0.06328764965343416,
      "rev_growth_yoy_accel": -0.10560654847790918,
      "fcf_margin_change": 0.5447485814477901
    },
    {
      "date": "2025-03-31T00:00:00",
      "quarter_label": "2025-03 (Q1)",
      "revenue": 45571000,
      "gross_profit": null,
      "operating_income": null,
      "net_income": 5850000,
      "opex": 38184000,
      "cogs": null,
      "rd": null,
      "sga": null,
      "fcf": 15612000,
      "ocf": 15612000,
      "capex": null,
      "gross_margin": null,
      "op_margin": null,
      "fcf_margin": 0.3425862939149898,
      "rev_growth_yoy": -0.09271720952456797,
      "rev_growth_yoy_accel": -0.029429559871133812,
      "fcf_margin_change": -0.540848644071136
    },
    {
      "date": "2025-06-30T00:00:00",
      "quarter_label": "2025-06 (Q2)",
      "revenue": 47204000,
      "gross_profit": null,
      "operating_income": null,
      "net_income": -6095000,
      "opex": 38433000,
      "cogs": null,
      "rd": null,
      "sga": null,
      "fcf": 23366000,
      "ocf": 23366000,
      "capex": null,
      "gross_margin": null,
      "op_margin": null,
      "fcf_margin": 0.49500042369290737,
      "rev_growth_yoy": -0.03043996220679456,
      "rev_growth_yoy_accel": 0.062277247317773406,
      "op_leverage_ratio": 5.495151878718049,
      "fcf_margin_change": 0.15241412977791757
    },
    {
      "date": "2025-09-30T00:00:00",
      "quarter_label": "2025-09 (Q3)",
      "revenue": 51162000,
      "gross_profit": null,
      "operating_income": null,
      "net_income": -54363000,
      "opex": 42749000,
      "cogs": null,
      "rd": null,
      "sga": null,
      "fcf": 19994000,
      "ocf": 19994000,
      "capex": null,
      "gross_margin": null,
      "op_margin": null,
      "fcf_margin": 0.39079785778507486,
      "rev_growth_yoy": -0.013668523837982689,
      "rev_growth_yoy_accel": 0.016771438368811873,
      "op_leverage_ratio": 0.7466547599404678,
      "fcf_margin_change": -0.1042025659078325
    }
  ],
  "signals": [
    {
      "quarter": "2025-06 (Q2)",
      "signal": "FCF MARGIN EXPANSION",
      "detail": "FCF margin: +34.3% -> +49.5% (+15.2%)",
      "severity": "MEDIUM"
    },
    {
      "quarter": "2025-06 (Q2)",
      "signal": "OPERATING LEVERAGE",
      "detail": "Rev growth +3.6% vs OpEx growth +0.7% (leverage: 5.5x)",
      "severity": "MEDIUM"
    },
    {
      "quarter": "2025-06 (Q2)",
      "signal": "YoY REVENUE GROWTH ACCELERATION",
      "detail": "YoY growth: -3.0% vs prior quarter YoY: -9.3% (accel: +6.2%)",
      "severity": "MEDIUM"
    },
    {
      "quarter": "2024-12 (Q4)",
      "signal": "FCF MARGIN EXPANSION",
      "detail": "FCF margin: +33.9% -> +88.3% (+54.5%)",
      "severity": "MEDIUM"
    },
    {
      "quarter": "2024-12 (Q4)",
      "signal": "YoY REVENUE GROWTH DECELERATION",
      "detail": "YoY growth: -6.3% vs prior quarter YoY: +4.2% (decel: -10.6%)",
      "severity": "WARNING"
    },
    {
      "quarter": "2024-09 (Q3)",
      "signal": "YoY REVENUE GROWTH ACCELERATION",
      "detail": "YoY growth: +4.2% vs prior quarter YoY: -2.4% (accel: +6.7%)",
      "severity": "MEDIUM"
    },
    {
      "quarter": "2024-06 (Q2)",
      "signal": "FCF MARGIN EXPANSION",
      "detail": "FCF margin: +33.1% -> +40.8% (+7.7%)",
      "severity": "MEDIUM"
    },
    {
      "quarter": "2024-03 (Q1)",
      "signal": "YoY REVENUE GROWTH DECELERATION",
      "detail": "YoY growth: +1.7% vs prior quarter YoY: +7.3% (decel: -5.6%)",
      "severity": "WARNING"
    },
    {
      "quarter": "2023-12 (Q4)",
      "signal": "OPERATING LEVERAGE",
      "detail": "Rev growth +2.0% vs OpEx growth +0.8% (leverage: 2.7x)",
      "severity": "MEDIUM"
    },
    {
      "quarter": "2023-09 (Q3)",
      "signal": "FCF MARGIN EXPANSION",
      "detail": "FCF margin: +41.9% -> +47.7% (+5.9%)",
      "severity": "MEDIUM"
    },
    {
      "quarter": "2023-09 (Q3)",
      "signal": "YoY REVENUE GROWTH DECELERATION",
      "detail": "YoY growth: +4.1% vs prior quarter YoY: +9.4% (decel: -5.3%)",
      "severity": "WARNING"
    },
    {
      "quarter": "2023-06 (Q2)",
      "signal": "YoY REVENUE GROWTH DECELERATION",
      "detail": "YoY growth: +9.4% vs prior quarter YoY: +15.4% (decel: -6.0%)",
      "severity": "WARNING"
    },
    {
      "quarter": "2023-03 (Q1)",
      "signal": "FCF MARGIN EXPANSION",
      "detail": "FCF margin: +28.3% -> +37.7% (+9.4%)",
      "severity": "MEDIUM"
    },
    {
      "quarter": "2022-12 (Q4)",
      "signal": "YoY REVENUE GROWTH DECELERATION",
      "detail": "YoY growth: +18.7% vs prior quarter YoY: +32.9% (decel: -14.2%)",
      "severity": "WARNING"
    },
    {
      "quarter": "2022-09 (Q3)",
      "signal": "OPERATING LEVERAGE",
      "detail": "Rev growth +4.8% vs OpEx growth +3.0% (leverage: 1.6x)",
      "severity": "MEDIUM"
    },
    {
      "quarter": "2022-09 (Q3)",
      "signal": "YoY REVENUE GROWTH DECELERATION",
      "detail": "YoY growth: +32.9% vs prior quarter YoY: +38.8% (decel: -5.9%)",
      "severity": "WARNING"
    },
    {
      "quarter": "2022-06 (Q2)",
      "signal": "FCF MARGIN EXPANSION",
      "detail": "FCF margin: +33.4% -> +46.9% (+13.5%)",
      "severity": "MEDIUM"
    },
    {
      "quarter": "2021-12 (Q4)",
      "signal": "FCF MARGIN EXPANSION",
      "detail": "FCF margin: +22.1% -> +58.7% (+36.6%)",
      "severity": "MEDIUM"
    },
    {
      "quarter": "2021-03 (Q1)",
      "signal": "FCF MARGIN EXPANSION",
      "detail": "FCF margin: +36.6% -> +46.4% (+9.8%)",
      "severity": "MEDIUM"
    }
  ],
  "data_quality": {
    "n_quarters": 20,
    "coverage": {
      "revenue": [
        20,
        20
      ],
      "gross_profit": [
        0,
        20
      ],
      "op_income": [
        0,
        20
      ],
      "fcf": [
        20,
        20
      ]
    },
    "gaps": [],
    "warnings": [
      "gross_profit: no data",
      "op_income: no data"
    ]
  },
  "market_cap": null,
  "source": "SEC EDGAR",
  "last_updated": "2026-02-03T00:56:44.160132"
}