{
  "ticker": "PM",
  "name": "PHILIP MORRIS INTERNATIONAL INC.",
  "sector": "Consumer Defensive",
  "industry": "Tobacco",
  "quarters": [
    {
      "date": "2021-03-31T00:00:00",
      "quarter_label": "2021-03 (Q1)",
      "revenue": 7585000000,
      "gross_profit": 5311000000,
      "operating_income": 3444000000,
      "net_income": 2418000000,
      "opex": 1867000000,
      "cogs": 2274000000,
      "rd": null,
      "sga": null,
      "fcf": 256000000,
      "ocf": 435000000,
      "capex": -179000000,
      "gross_margin": 0.7001977587343441,
      "op_margin": 0.4540540540540541,
      "fcf_margin": 0.03375082399472643
    },
    {
      "date": "2021-06-30T00:00:00",
      "quarter_label": "2021-06 (Q2)",
      "revenue": 7594000000,
      "gross_profit": 5241000000,
      "operating_income": 3129000000,
      "net_income": 2172000000,
      "opex": 2112000000,
      "cogs": 2353000000,
      "rd": null,
      "sga": null,
      "fcf": 3502000000,
      "ocf": 3630000000,
      "capex": -128000000,
      "gross_margin": 0.6901501185146168,
      "op_margin": 0.41203581775085596,
      "fcf_margin": 0.4611535422702133,
      "fcf_margin_change": 0.42740271827548687
    },
    {
      "date": "2021-09-30T00:00:00",
      "quarter_label": "2021-09 (Q3)",
      "revenue": 8122000000,
      "gross_profit": 5526000000,
      "operating_income": 3455000000,
      "net_income": 2426000000,
      "opex": 2071000000,
      "cogs": 2596000000,
      "rd": null,
      "sga": null,
      "fcf": 3718000000,
      "ocf": 3870000000,
      "capex": -152000000,
      "gross_margin": 0.6803742920462941,
      "op_margin": 0.42538783550849546,
      "fcf_margin": 0.45776902240827383,
      "op_leverage_ratio": null,
      "fcf_margin_change": -0.0033845198619394945
    },
    {
      "date": "2021-12-31T00:00:00",
      "quarter_label": "2021-12 (Q4)",
      "revenue": 8104000000,
      "gross_profit": 5297000000,
      "operating_income": 2947000000,
      "net_income": 2093000000,
      "opex": 2350000000,
      "cogs": 2807000000,
      "rd": null,
      "sga": null,
      "fcf": 3743000000,
      "ocf": 4032000000,
      "capex": -289000000,
      "gross_margin": 0.6536278381046396,
      "op_margin": 0.3636475814412636,
      "fcf_margin": 0.46187068114511354,
      "fcf_margin_change": 0.004101658736839708
    },
    {
      "date": "2022-03-31T00:00:00",
      "quarter_label": "2022-03 (Q1)",
      "revenue": 7746000000,
      "gross_profit": 5138000000,
      "operating_income": 3298000000,
      "net_income": 2331000000,
      "opex": 1840000000,
      "cogs": 2608000000,
      "rd": null,
      "sga": null,
      "fcf": 889000000,
      "ocf": 1118000000,
      "capex": -229000000,
      "gross_margin": 0.6633100955331784,
      "op_margin": 0.4257681383940098,
      "fcf_margin": 0.11476891298734831,
      "incr_op_margin_yoy": -0.906832298136646,
      "rev_growth_yoy": 0.021226104152933422,
      "fcf_margin_change": -0.3471017681577652
    },
    {
      "date": "2022-06-30T00:00:00",
      "quarter_label": "2022-06 (Q2)",
      "revenue": 7832000000,
      "gross_profit": 5184000000,
      "operating_income": 3056000000,
      "net_income": 2233000000,
      "opex": 2128000000,
      "cogs": 2648000000,
      "rd": null,
      "sga": null,
      "fcf": 3275000000,
      "ocf": 3524000000,
      "capex": -249000000,
      "gross_margin": 0.6618998978549541,
      "op_margin": 0.390194075587334,
      "fcf_margin": 0.4181562819203269,
      "incr_op_margin_yoy": -0.3067226890756303,
      "rev_growth_yoy": 0.031340531998946534,
      "rev_growth_yoy_accel": 0.010114427846013112,
      "op_leverage_ratio": 0.07093266775683506,
      "fcf_margin_change": 0.3033873689329786
    },
    {
      "date": "2022-09-30T00:00:00",
      "quarter_label": "2022-09 (Q3)",
      "revenue": 8032000000,
      "gross_profit": 5097000000,
      "operating_income": 2968000000,
      "net_income": 2087000000,
      "opex": 2129000000,
      "cogs": 2935000000,
      "rd": null,
      "sga": null,
      "fcf": 2816000000,
      "ocf": 3068000000,
      "capex": -252000000,
      "gross_margin": 0.6345866533864541,
      "op_margin": 0.3695219123505976,
      "fcf_margin": 0.350597609561753,
      "incr_op_margin_yoy": 5.411111111111111,
      "rev_growth_yoy": -0.01108101452844127,
      "rev_growth_yoy_accel": -0.042421546527387805,
      "op_leverage_ratio": null,
      "fcf_margin_change": -0.06755867235857388
    },
    {
      "date": "2022-12-31T00:00:00",
      "quarter_label": "2022-12 (Q4)",
      "revenue": 8152000000,
      "gross_profit": 4941000000,
      "operating_income": 2924000000,
      "net_income": 2397000000,
      "opex": 2017000000,
      "cogs": 3211000000,
      "rd": null,
      "sga": null,
      "fcf": 2746000000,
      "ocf": 3093000000,
      "capex": -347000000,
      "gross_margin": 0.6061089303238469,
      "op_margin": 0.35868498527968595,
      "fcf_margin": 0.33684985279685964,
      "incr_op_margin_yoy": -0.4791666666666667,
      "rev_growth_yoy": 0.005923000987166831,
      "rev_growth_yoy_accel": 0.017004015515608102,
      "op_leverage_ratio": null,
      "fcf_margin_change": -0.01374775676489337
    },
    {
      "date": "2023-03-31T00:00:00",
      "quarter_label": "2023-03 (Q1)",
      "revenue": 8019000000,
      "gross_profit": 4981000000,
      "operating_income": 2731000000,
      "net_income": 1995000000,
      "opex": 2250000000,
      "cogs": 3038000000,
      "rd": null,
      "sga": null,
      "fcf": -1234000000,
      "ocf": -955000000,
      "capex": -279000000,
      "gross_margin": 0.6211497692979174,
      "op_margin": 0.3405661553809702,
      "fcf_margin": -0.15388452425489463,
      "incr_op_margin_yoy": -2.076923076923077,
      "rev_growth_yoy": 0.03524399690162665,
      "rev_growth_yoy_accel": 0.029320995914459816,
      "fcf_margin_change": -0.49073437705175427
    },
    {
      "date": "2023-06-30T00:00:00",
      "quarter_label": "2023-06 (Q2)",
      "revenue": 8967000000,
      "gross_profit": 5739000000,
      "operating_income": 2566000000,
      "net_income": 1568000000,
      "opex": 3173000000,
      "cogs": 3228000000,
      "rd": null,
      "sga": null,
      "fcf": 3082000000,
      "ocf": 3442000000,
      "capex": -360000000,
      "gross_margin": 0.6400133824021412,
      "op_margin": 0.2861603657856585,
      "fcf_margin": 0.3437046949927512,
      "incr_op_margin_yoy": -0.43171806167400884,
      "rev_growth_yoy": 0.14491828396322778,
      "rev_growth_yoy_accel": 0.10967428706160114,
      "op_leverage_ratio": 0.2881833867749361,
      "fcf_margin_change": 0.4975892192476458
    },
    {
      "date": "2023-09-30T00:00:00",
      "quarter_label": "2023-09 (Q3)",
      "revenue": 9141000000,
      "gross_profit": 5976000000,
      "operating_income": 3370000000,
      "net_income": 2054000000,
      "opex": 2606000000,
      "cogs": 3165000000,
      "rd": null,
      "sga": null,
      "fcf": 3044000000,
      "ocf": 3415000000,
      "capex": -371000000,
      "gross_margin": 0.6537577945520184,
      "op_margin": 0.36866863581665027,
      "fcf_margin": 0.3330051416694016,
      "incr_op_margin_yoy": 0.3624887285843102,
      "rev_growth_yoy": 0.1380727091633466,
      "rev_growth_yoy_accel": -0.006845574799881182,
      "op_leverage_ratio": null,
      "fcf_margin_change": -0.010699553323349598
    },
    {
      "date": "2023-12-31T00:00:00",
      "quarter_label": "2023-12 (Q4)",
      "revenue": 9047000000,
      "gross_profit": 5585000000,
      "operating_income": 2889000000,
      "net_income": 2196000000,
      "opex": 2696000000,
      "cogs": 3462000000,
      "rd": null,
      "sga": null,
      "fcf": 2991000000,
      "ocf": 3302000000,
      "capex": -311000000,
      "gross_margin": 0.61733171216978,
      "op_margin": 0.3193323753730518,
      "fcf_margin": 0.3306068309936996,
      "incr_op_margin_yoy": -0.03910614525139665,
      "rev_growth_yoy": 0.10978900883218842,
      "rev_growth_yoy_accel": -0.02828370033115818,
      "fcf_margin_change": -0.002398310675702009
    },
    {
      "date": "2024-03-31T00:00:00",
      "quarter_label": "2024-03 (Q1)",
      "revenue": 8793000000,
      "gross_profit": 5598000000,
      "operating_income": 3045000000,
      "net_income": 2148000000,
      "opex": 2553000000,
      "cogs": 3195000000,
      "rd": null,
      "sga": null,
      "fcf": -176000000,
      "ocf": 241000000,
      "capex": -417000000,
      "gross_margin": 0.6366427840327533,
      "op_margin": 0.3462981917434323,
      "fcf_margin": -0.020015921755942228,
      "incr_op_margin_yoy": 0.40568475452196384,
      "rev_growth_yoy": 0.09652076318742986,
      "rev_growth_yoy_accel": -0.013268245644758564,
      "fcf_margin_change": -0.35062275274964183
    },
    {
      "date": "2024-06-30T00:00:00",
      "quarter_label": "2024-06 (Q2)",
      "revenue": 9468000000,
      "gross_profit": 6123000000,
      "operating_income": 3444000000,
      "net_income": 2406000000,
      "opex": 2679000000,
      "cogs": 3345000000,
      "rd": null,
      "sga": null,
      "fcf": 4262000000,
      "ocf": 4632000000,
      "capex": -370000000,
      "gross_margin": 0.6467046894803549,
      "op_margin": 0.3637515842839037,
      "fcf_margin": 0.4501478664976764,
      "incr_op_margin_yoy": 1.7524950099800398,
      "rev_growth_yoy": 0.05587152893944463,
      "rev_growth_yoy_accel": -0.04064923424798523,
      "op_leverage_ratio": 1.5554174586927916,
      "fcf_margin_change": 0.47016378825361865
    },
    {
      "date": "2024-09-30T00:00:00",
      "quarter_label": "2024-09 (Q3)",
      "revenue": 9911000000,
      "gross_profit": 6545000000,
      "operating_income": 3654000000,
      "net_income": 3082000000,
      "opex": 2891000000,
      "cogs": 3366000000,
      "rd": null,
      "sga": null,
      "fcf": 2963000000,
      "ocf": 3342000000,
      "capex": -379000000,
      "gross_margin": 0.660377358490566,
      "op_margin": 0.3686812632428615,
      "fcf_margin": 0.2989607506810614,
      "incr_op_margin_yoy": 0.36883116883116884,
      "rev_growth_yoy": 0.0842358604091456,
      "rev_growth_yoy_accel": 0.028364331469700972,
      "op_leverage_ratio": 0.5912652151039052,
      "fcf_margin_change": -0.15118711581661498
    },
    {
      "date": "2024-12-31T00:00:00",
      "quarter_label": "2024-12 (Q4)",
      "revenue": 9706000000,
      "gross_profit": 6283000000,
      "operating_income": 3259000000,
      "net_income": -579000000,
      "opex": 3024000000,
      "cogs": 3423000000,
      "rd": null,
      "sga": null,
      "fcf": 3724000000,
      "ocf": 4002000000,
      "capex": -278000000,
      "gross_margin": 0.647331547496394,
      "op_margin": 0.3357716876159077,
      "fcf_margin": 0.38368019781578405,
      "incr_op_margin_yoy": 0.5614567526555387,
      "rev_growth_yoy": 0.07284182601967502,
      "rev_growth_yoy_accel": -0.011394034389470578,
      "fcf_margin_change": 0.08471944713472263
    },
    {
      "date": "2025-03-31T00:00:00",
      "quarter_label": "2025-03 (Q1)",
      "revenue": 9301000000,
      "gross_profit": 6261000000,
      "operating_income": 3544000000,
      "net_income": 2690000000,
      "opex": 2717000000,
      "cogs": 3040000000,
      "rd": null,
      "sga": null,
      "fcf": -754000000,
      "ocf": -350000000,
      "capex": -404000000,
      "gross_margin": 0.6731534243629718,
      "op_margin": 0.3810342973873777,
      "fcf_margin": -0.08106655198365767,
      "incr_op_margin_yoy": 0.9822834645669292,
      "rev_growth_yoy": 0.05777322870465143,
      "rev_growth_yoy_accel": -0.015068597315023594,
      "fcf_margin_change": -0.46474674979944175
    },
    {
      "date": "2025-06-30T00:00:00",
      "quarter_label": "2025-06 (Q2)",
      "revenue": 10140000000,
      "gross_profit": 6861000000,
      "operating_income": 3712000000,
      "net_income": 3039000000,
      "opex": 3149000000,
      "cogs": 3279000000,
      "rd": null,
      "sga": null,
      "fcf": 3056000000,
      "ocf": 3412000000,
      "capex": -356000000,
      "gross_margin": 0.6766272189349113,
      "op_margin": 0.3660749506903353,
      "fcf_margin": 0.30138067061143986,
      "incr_op_margin_yoy": 0.39880952380952384,
      "rev_growth_yoy": 0.07097591888466413,
      "rev_growth_yoy_accel": 0.013202690180012702,
      "op_leverage_ratio": 0.5673332118808412,
      "fcf_margin_change": 0.38244722259509756
    },
    {
      "date": "2025-09-30T00:00:00",
      "quarter_label": "2025-09 (Q3)",
      "revenue": 10845000000,
      "gross_profit": 7358000000,
      "operating_income": 4263000000,
      "net_income": 3478000000,
      "opex": 3095000000,
      "cogs": 3487000000,
      "rd": null,
      "sga": null,
      "fcf": 4097000000,
      "ocf": 4462000000,
      "capex": -365000000,
      "gross_margin": 0.6784693407100046,
      "op_margin": 0.39308437067773166,
      "fcf_margin": 0.37777777777777777,
      "incr_op_margin_yoy": 0.6520342612419701,
      "rev_growth_yoy": 0.09423872464937948,
      "rev_growth_yoy_accel": 0.023262805764715344,
      "op_leverage_ratio": null,
      "fcf_margin_change": 0.07639710716633791
    },
    {
      "date": "2025-12-31T00:00:00",
      "quarter_label": "2025-12 (Q4)",
      "revenue": 10362000000,
      "gross_profit": 6802000000,
      "operating_income": 3373000000,
      "net_income": 2141000000,
      "opex": 3429000000,
      "cogs": 3560000000,
      "rd": null,
      "sga": null,
      "fcf": 4265000000,
      "ocf": 4709000000,
      "capex": -444000000,
      "gross_margin": 0.6564369812777456,
      "op_margin": 0.3255163095927427,
      "fcf_margin": 0.4116000772051727,
      "incr_op_margin_yoy": 0.17378048780487804,
      "rev_growth_yoy": 0.06758705955079332,
      "rev_growth_yoy_accel": -0.026651665098586158,
      "fcf_margin_change": 0.03382229942739495
    }
  ],
  "signals": [
    {
      "quarter": "2025-09 (Q3)",
      "signal": "FCF MARGIN EXPANSION",
      "detail": "FCF margin: +30.1% -> +37.8% (+7.6%)",
      "severity": "MEDIUM"
    },
    {
      "quarter": "2025-09 (Q3)",
      "signal": "INCREMENTAL MARGIN (YoY)",
      "detail": "YoY Incr OPM: +65.2% vs year-ago OPM: +36.9%",
      "severity": "HIGH"
    },
    {
      "quarter": "2025-06 (Q2)",
      "signal": "FCF TURNED POSITIVE",
      "detail": "FCF margin: -8.1% -> +30.1%",
      "severity": "HIGH"
    },
    {
      "quarter": "2025-03 (Q1)",
      "signal": "GROSS MARGIN INFLECTION",
      "detail": "GM: +66.0% -> +64.7% -> +67.3% (reversal +2.6%)",
      "severity": "MEDIUM"
    },
    {
      "quarter": "2025-03 (Q1)",
      "signal": "INCREMENTAL MARGIN (YoY)",
      "detail": "YoY Incr OPM: +98.2% vs year-ago OPM: +34.6%",
      "severity": "HIGH"
    },
    {
      "quarter": "2024-12 (Q4)",
      "signal": "FCF MARGIN EXPANSION",
      "detail": "FCF margin: +29.9% -> +38.4% (+8.5%)",
      "severity": "MEDIUM"
    },
    {
      "quarter": "2024-12 (Q4)",
      "signal": "INCREMENTAL MARGIN (YoY)",
      "detail": "YoY Incr OPM: +56.1% vs year-ago OPM: +31.9%",
      "severity": "HIGH"
    },
    {
      "quarter": "2024-06 (Q2)",
      "signal": "FCF TURNED POSITIVE",
      "detail": "FCF margin: -2.0% -> +45.0%",
      "severity": "HIGH"
    },
    {
      "quarter": "2024-06 (Q2)",
      "signal": "OPERATING LEVERAGE",
      "detail": "Rev growth +7.7% vs OpEx growth +4.9% (leverage: 1.6x)",
      "severity": "MEDIUM"
    },
    {
      "quarter": "2024-06 (Q2)",
      "signal": "INCREMENTAL MARGIN (YoY)",
      "detail": "YoY Incr OPM: +175.2% vs year-ago OPM: +28.6%",
      "severity": "HIGH"
    },
    {
      "quarter": "2023-06 (Q2)",
      "signal": "FCF TURNED POSITIVE",
      "detail": "FCF margin: -15.4% -> +34.4%",
      "severity": "HIGH"
    },
    {
      "quarter": "2023-06 (Q2)",
      "signal": "YoY REVENUE GROWTH ACCELERATION",
      "detail": "YoY growth: +14.5% vs prior quarter YoY: +3.5% (accel: +11.0%)",
      "severity": "MEDIUM"
    },
    {
      "quarter": "2022-09 (Q3)",
      "signal": "OPERATING LEVERAGE",
      "detail": "Rev growth +2.6% vs OpEx growth +0.0% (leverage: 54.3x)",
      "severity": "MEDIUM"
    },
    {
      "quarter": "2022-09 (Q3)",
      "signal": "INCREMENTAL MARGIN (YoY)",
      "detail": "YoY Incr OPM: +541.1% vs year-ago OPM: +42.5%",
      "severity": "HIGH"
    },
    {
      "quarter": "2022-06 (Q2)",
      "signal": "FCF MARGIN EXPANSION",
      "detail": "FCF margin: +11.5% -> +41.8% (+30.3%)",
      "severity": "MEDIUM"
    },
    {
      "quarter": "2021-06 (Q2)",
      "signal": "FCF MARGIN EXPANSION",
      "detail": "FCF margin: +3.4% -> +46.1% (+42.7%)",
      "severity": "MEDIUM"
    }
  ],
  "data_quality": {
    "n_quarters": 20,
    "coverage": {
      "revenue": [
        20,
        20
      ],
      "gross_profit": [
        20,
        20
      ],
      "op_income": [
        20,
        20
      ],
      "fcf": [
        20,
        20
      ]
    },
    "gaps": [],
    "warnings": []
  },
  "market_cap": null,
  "source": "SEC EDGAR",
  "last_updated": "2026-02-09T19:09:27.319748"
}