{
  "ticker": "PNW",
  "name": "PINNACLE WEST CAPITAL CORPORATION",
  "quarters": [
    {
      "date": "2020-12-31T00:00:00",
      "quarter_label": "2020-12 (Q4)",
      "revenue": 740961000,
      "gross_profit": 527616000,
      "operating_income": 30848000,
      "net_income": null,
      "opex": 710113000,
      "cogs": 213345000,
      "rd": null,
      "sga": null,
      "fcf": 194346000,
      "ocf": 194346000,
      "capex": null,
      "gross_margin": 0.7120698660253374,
      "op_margin": 0.04163242059973467,
      "fcf_margin": 0.262289108333637
    },
    {
      "date": "2021-03-31T00:00:00",
      "quarter_label": "2021-03 (Q1)",
      "revenue": 696475000,
      "gross_profit": 498248000,
      "operating_income": 47534000,
      "net_income": null,
      "opex": 648941000,
      "cogs": 198227000,
      "rd": null,
      "sga": null,
      "fcf": 202012000,
      "ocf": 202012000,
      "capex": null,
      "gross_margin": 0.7153853332854733,
      "op_margin": 0.06824939875803152,
      "fcf_margin": 0.2900491762087656,
      "fcf_margin_change": 0.02776006787512858
    },
    {
      "date": "2021-06-30T00:00:00",
      "quarter_label": "2021-06 (Q2)",
      "revenue": 1000249000,
      "gross_profit": 730414000,
      "operating_income": 278386000,
      "net_income": null,
      "opex": 721863000,
      "cogs": 269835000,
      "rd": null,
      "sga": null,
      "fcf": 110338000,
      "ocf": 110338000,
      "capex": null,
      "gross_margin": 0.730232172189125,
      "op_margin": 0.27831669914191365,
      "fcf_margin": 0.11031053267736333,
      "op_leverage_ratio": 3.8814295705229935,
      "fcf_margin_change": -0.17973864353140223
    },
    {
      "date": "2021-09-30T00:00:00",
      "quarter_label": "2021-09 (Q3)",
      "revenue": 1308254000,
      "gross_profit": 880802000,
      "operating_income": 429373000,
      "net_income": null,
      "opex": 878881000,
      "cogs": 427452000,
      "rd": null,
      "sga": null,
      "fcf": 348163000,
      "ocf": 348163000,
      "capex": null,
      "gross_margin": 0.6732652833471177,
      "op_margin": 0.32820308594508407,
      "fcf_margin": 0.2661279843210875,
      "op_leverage_ratio": 1.4156470282438631,
      "fcf_margin_change": 0.15581745164372413
    },
    {
      "date": "2021-12-31T00:00:00",
      "quarter_label": "2021-12 (Q4)",
      "revenue": 798857000,
      "gross_profit": 541820000,
      "operating_income": 50017000,
      "net_income": null,
      "opex": 748840000,
      "cogs": 257037000,
      "rd": null,
      "sga": null,
      "fcf": 199501000,
      "ocf": 199501000,
      "capex": null,
      "gross_margin": 0.6782440411738271,
      "op_margin": 0.0626107050448328,
      "fcf_margin": 0.24973305610390845,
      "incr_op_margin_yoy": 0.33109368522868593,
      "rev_growth_yoy": 0.07813636615152485,
      "fcf_margin_change": -0.016394928217179028
    },
    {
      "date": "2022-03-31T00:00:00",
      "quarter_label": "2022-03 (Q1)",
      "revenue": 783531000,
      "gross_profit": 518262000,
      "operating_income": 54492000,
      "net_income": null,
      "opex": 729039000,
      "cogs": 265269000,
      "rd": null,
      "sga": null,
      "fcf": 340608000,
      "ocf": 340608000,
      "capex": null,
      "gross_margin": 0.661444154730317,
      "op_margin": 0.0695467058737944,
      "fcf_margin": 0.43470902874295975,
      "incr_op_margin_yoy": 0.07992556515346444,
      "rev_growth_yoy": 0.12499515416920923,
      "rev_growth_yoy_accel": 0.04685878801768438,
      "fcf_margin_change": 0.1849759726390513
    },
    {
      "date": "2022-06-30T00:00:00",
      "quarter_label": "2022-06 (Q2)",
      "revenue": 1061669000,
      "gross_profit": 709482000,
      "operating_income": 223095000,
      "net_income": null,
      "opex": 838574000,
      "cogs": 352187000,
      "rd": null,
      "sga": null,
      "fcf": 247678000,
      "ocf": 247678000,
      "capex": null,
      "gross_margin": 0.6682704308028209,
      "op_margin": 0.210136115870389,
      "fcf_margin": 0.233291167020983,
      "incr_op_margin_yoy": -0.9002116574405731,
      "rev_growth_yoy": 0.061404710227153436,
      "rev_growth_yoy_accel": -0.06359044394205579,
      "op_leverage_ratio": 2.362664155947182,
      "fcf_margin_change": -0.20141786172197676
    },
    {
      "date": "2022-09-30T00:00:00",
      "quarter_label": "2022-09 (Q3)",
      "revenue": 1469871000,
      "gross_profit": 913300000,
      "operating_income": 417573000,
      "net_income": null,
      "opex": 1052298000,
      "cogs": 556571000,
      "rd": null,
      "sga": null,
      "fcf": 443628000,
      "ocf": 443628000,
      "capex": null,
      "gross_margin": 0.6213470433799972,
      "op_margin": 0.28408819549470665,
      "fcf_margin": 0.30181424084154324,
      "incr_op_margin_yoy": -0.07301212124962102,
      "rev_growth_yoy": 0.12353640806754651,
      "rev_growth_yoy_accel": 0.062131697840393074,
      "op_leverage_ratio": 1.5085999570917419,
      "fcf_margin_change": 0.06852307382056025
    },
    {
      "date": "2022-12-31T00:00:00",
      "quarter_label": "2022-12 (Q4)",
      "revenue": 1009314000,
      "gross_profit": 553998000,
      "operating_income": 36751000,
      "net_income": null,
      "opex": 972563000,
      "cogs": 455316000,
      "rd": null,
      "sga": null,
      "fcf": 209527000,
      "ocf": 209527000,
      "capex": null,
      "gross_margin": 0.5488856787877707,
      "op_margin": 0.03641185993655097,
      "fcf_margin": 0.20759347437962813,
      "incr_op_margin_yoy": -0.06303425402813877,
      "rev_growth_yoy": 0.263447650831125,
      "rev_growth_yoy_accel": 0.13991124276357847,
      "fcf_margin_change": -0.0942207664619151
    },
    {
      "date": "2023-03-31T00:00:00",
      "quarter_label": "2023-03 (Q1)",
      "revenue": 944955000,
      "gross_profit": 550451000,
      "operating_income": 50717000,
      "net_income": null,
      "opex": 894238000,
      "cogs": 394504000,
      "rd": null,
      "sga": null,
      "fcf": 211605000,
      "ocf": 211605000,
      "capex": null,
      "gross_margin": 0.5825155695244747,
      "op_margin": 0.053671338846823395,
      "fcf_margin": 0.2239312983157928,
      "incr_op_margin_yoy": -0.023385617999801763,
      "rev_growth_yoy": 0.20602120401107296,
      "rev_growth_yoy_accel": -0.05742644682005202,
      "fcf_margin_change": 0.016337823936164675
    },
    {
      "date": "2023-06-30T00:00:00",
      "quarter_label": "2023-06 (Q2)",
      "revenue": 1121703000,
      "gross_profit": 713949000,
      "operating_income": 183280000,
      "net_income": null,
      "opex": 938423000,
      "cogs": 407754000,
      "rd": null,
      "sga": null,
      "fcf": 226008000,
      "ocf": 226008000,
      "capex": null,
      "gross_margin": 0.6364866635820712,
      "op_margin": 0.16339441010677513,
      "fcf_margin": 0.20148648973926253,
      "incr_op_margin_yoy": -0.6632075157410801,
      "rev_growth_yoy": 0.05654681449679702,
      "rev_growth_yoy_accel": -0.14947438951427594,
      "op_leverage_ratio": 3.7854859839651835,
      "fcf_margin_change": -0.02244480857653028
    },
    {
      "date": "2023-09-30T00:00:00",
      "quarter_label": "2023-09 (Q3)",
      "revenue": 1637759000,
      "gross_profit": 1023239000,
      "operating_income": 516263000,
      "net_income": null,
      "opex": 1121496000,
      "cogs": 614520000,
      "rd": null,
      "sga": null,
      "fcf": 396286000,
      "ocf": 396286000,
      "capex": null,
      "gross_margin": 0.6247799584676378,
      "op_margin": 0.3152252559747802,
      "fcf_margin": 0.2419684459068764,
      "incr_op_margin_yoy": 0.5878323644334318,
      "rev_growth_yoy": 0.11421954715753968,
      "rev_growth_yoy_accel": 0.05767273266074266,
      "op_leverage_ratio": 2.358268746882053,
      "fcf_margin_change": 0.04048195616761388
    },
    {
      "date": "2023-12-31T00:00:00",
      "quarter_label": "2023-12 (Q4)",
      "revenue": 991574000,
      "gross_profit": 615695000,
      "operating_income": 74380000,
      "net_income": null,
      "opex": 917194000,
      "cogs": 375879000,
      "rd": null,
      "sga": null,
      "fcf": 373798000,
      "ocf": 373798000,
      "capex": null,
      "gross_margin": 0.6209269303148328,
      "op_margin": 0.07501205154632937,
      "fcf_margin": 0.3769743861779353,
      "incr_op_margin_yoy": -2.1211386696730554,
      "rev_growth_yoy": -0.017576294394014154,
      "rev_growth_yoy_accel": -0.13179584155155383,
      "fcf_margin_change": 0.13500594027105886
    },
    {
      "date": "2024-03-31T00:00:00",
      "quarter_label": "2024-03 (Q1)",
      "revenue": 951712000,
      "gross_profit": 593848000,
      "operating_income": 66792000,
      "net_income": null,
      "opex": 884920000,
      "cogs": 357864000,
      "rd": null,
      "sga": null,
      "fcf": 347353000,
      "ocf": 347353000,
      "capex": null,
      "gross_margin": 0.623978682626677,
      "op_margin": 0.07018089506069063,
      "fcf_margin": 0.3649770098517198,
      "incr_op_margin_yoy": 2.3790143554832026,
      "rev_growth_yoy": 0.007150605055267182,
      "rev_growth_yoy_accel": 0.024726899449281338,
      "fcf_margin_change": -0.011997376326215448
    },
    {
      "date": "2024-06-30T00:00:00",
      "quarter_label": "2024-06 (Q2)",
      "revenue": 1308994000,
      "gross_profit": 871822000,
      "operating_income": 313747000,
      "net_income": null,
      "opex": 995247000,
      "cogs": 437172000,
      "rd": null,
      "sga": null,
      "fcf": 189785000,
      "ocf": 189785000,
      "capex": null,
      "gross_margin": 0.6660244431983645,
      "op_margin": 0.23968559061386072,
      "fcf_margin": 0.14498538572369316,
      "incr_op_margin_yoy": 0.6966004773320661,
      "rev_growth_yoy": 0.16697022295563085,
      "rev_growth_yoy_accel": 0.15981961790036367,
      "op_leverage_ratio": 3.0111181256711985,
      "fcf_margin_change": -0.21999162412802667
    },
    {
      "date": "2024-09-30T00:00:00",
      "quarter_label": "2024-09 (Q3)",
      "revenue": 1768801000,
      "gross_profit": 1137419000,
      "operating_income": 546986000,
      "net_income": null,
      "opex": 1221815000,
      "cogs": 631382000,
      "rd": null,
      "sga": null,
      "fcf": 633193000,
      "ocf": 633193000,
      "capex": null,
      "gross_margin": 0.6430452040676141,
      "op_margin": 0.3092411187013124,
      "fcf_margin": 0.3579786533363561,
      "incr_op_margin_yoy": 0.23445154988476977,
      "rev_growth_yoy": 0.08001299336471361,
      "rev_growth_yoy_accel": -0.08695722959091724,
      "op_leverage_ratio": 1.5430152874042784,
      "fcf_margin_change": 0.21299326761266293
    },
    {
      "date": "2024-12-31T00:00:00",
      "quarter_label": "2024-12 (Q4)",
      "revenue": 1095408000,
      "gross_profit": 699260000,
      "operating_income": 84538000,
      "net_income": null,
      "opex": 1010870000,
      "cogs": 396148000,
      "rd": null,
      "sga": null,
      "fcf": 439492000,
      "ocf": 439492000,
      "capex": null,
      "gross_margin": 0.6383557542030002,
      "op_margin": 0.07717489738983101,
      "fcf_margin": 0.4012130639907687,
      "incr_op_margin_yoy": 0.09782922742069072,
      "rev_growth_yoy": 0.10471633987982742,
      "rev_growth_yoy_accel": 0.024703346515113814,
      "fcf_margin_change": 0.043234410654412636
    },
    {
      "date": "2025-03-31T00:00:00",
      "quarter_label": "2025-03 (Q1)",
      "revenue": 1032280000,
      "gross_profit": 652209000,
      "operating_income": 57222000,
      "net_income": null,
      "opex": 975058000,
      "cogs": 380071000,
      "rd": null,
      "sga": null,
      "fcf": 401895000,
      "ocf": 401895000,
      "capex": null,
      "gross_margin": 0.6318140427015926,
      "op_margin": 0.055432634556515675,
      "fcf_margin": 0.38932750804045413,
      "incr_op_margin_yoy": -0.11878165028299077,
      "rev_growth_yoy": 0.08465586227766383,
      "rev_growth_yoy_accel": -0.02006047760216359,
      "fcf_margin_change": -0.011885555950314597
    },
    {
      "date": "2025-06-30T00:00:00",
      "quarter_label": "2025-06 (Q2)",
      "revenue": 1358751000,
      "gross_profit": 881743000,
      "operating_income": 307552000,
      "net_income": null,
      "opex": 1051199000,
      "cogs": 477008000,
      "rd": null,
      "sga": null,
      "fcf": 261431000,
      "ocf": 261431000,
      "capex": null,
      "gross_margin": 0.648936412926283,
      "op_margin": 0.22634905144504033,
      "fcf_margin": 0.1924053781745147,
      "incr_op_margin_yoy": -0.1245050947605362,
      "rev_growth_yoy": 0.03801163336119188,
      "rev_growth_yoy_accel": -0.04664422891647196,
      "op_leverage_ratio": 4.0500368049237565,
      "fcf_margin_change": -0.19692212986593943
    },
    {
      "date": "2025-09-30T00:00:00",
      "quarter_label": "2025-09 (Q3)",
      "revenue": 1820741000,
      "gross_profit": 1164772000,
      "operating_income": 581846000,
      "net_income": null,
      "opex": 1238895000,
      "cogs": 655969000,
      "rd": null,
      "sga": null,
      "fcf": 664989000,
      "ocf": 664989000,
      "capex": null,
      "gross_margin": 0.6397241562638508,
      "op_margin": 0.31956549558668695,
      "fcf_margin": 0.36522987069550256,
      "incr_op_margin_yoy": 0.6711590296495957,
      "rev_growth_yoy": 0.029364524330323195,
      "rev_growth_yoy_accel": -0.008647109030868683,
      "op_leverage_ratio": 1.904244106016675,
      "fcf_margin_change": 0.17282449252098786
    }
  ],
  "signals": [
    {
      "quarter": "2025-09 (Q3)",
      "signal": "FCF MARGIN EXPANSION",
      "detail": "FCF margin: +19.2% -> +36.5% (+17.3%)",
      "severity": "MEDIUM"
    },
    {
      "quarter": "2025-09 (Q3)",
      "signal": "OPERATING LEVERAGE",
      "detail": "Rev growth +34.0% vs OpEx growth +17.9% (leverage: 1.9x)",
      "severity": "MEDIUM"
    },
    {
      "quarter": "2025-09 (Q3)",
      "signal": "INCREMENTAL MARGIN (YoY)",
      "detail": "YoY Incr OPM: +67.1% vs year-ago OPM: +30.9%",
      "severity": "HIGH"
    },
    {
      "quarter": "2025-06 (Q2)",
      "signal": "OPERATING LEVERAGE",
      "detail": "Rev growth +31.6% vs OpEx growth +7.8% (leverage: 4.1x)",
      "severity": "MEDIUM"
    },
    {
      "quarter": "2024-09 (Q3)",
      "signal": "FCF MARGIN EXPANSION",
      "detail": "FCF margin: +14.5% -> +35.8% (+21.3%)",
      "severity": "MEDIUM"
    },
    {
      "quarter": "2024-09 (Q3)",
      "signal": "OPERATING LEVERAGE",
      "detail": "Rev growth +35.1% vs OpEx growth +22.8% (leverage: 1.5x)",
      "severity": "MEDIUM"
    },
    {
      "quarter": "2024-09 (Q3)",
      "signal": "YoY REVENUE GROWTH DECELERATION",
      "detail": "YoY growth: +8.0% vs prior quarter YoY: +16.7% (decel: -8.7%)",
      "severity": "WARNING"
    },
    {
      "quarter": "2024-06 (Q2)",
      "signal": "OPERATING LEVERAGE",
      "detail": "Rev growth +37.5% vs OpEx growth +12.5% (leverage: 3.0x)",
      "severity": "MEDIUM"
    },
    {
      "quarter": "2024-06 (Q2)",
      "signal": "YoY REVENUE GROWTH ACCELERATION",
      "detail": "YoY growth: +16.7% vs prior quarter YoY: +0.7% (accel: +16.0%)",
      "severity": "HIGH"
    },
    {
      "quarter": "2024-06 (Q2)",
      "signal": "INCREMENTAL MARGIN (YoY)",
      "detail": "YoY Incr OPM: +69.7% vs year-ago OPM: +16.3%",
      "severity": "HIGH"
    },
    {
      "quarter": "2024-03 (Q1)",
      "signal": "INCREMENTAL MARGIN (YoY)",
      "detail": "YoY Incr OPM: +237.9% vs year-ago OPM: +5.4%",
      "severity": "HIGH"
    },
    {
      "quarter": "2023-12 (Q4)",
      "signal": "FCF MARGIN EXPANSION",
      "detail": "FCF margin: +24.2% -> +37.7% (+13.5%)",
      "severity": "MEDIUM"
    },
    {
      "quarter": "2023-12 (Q4)",
      "signal": "YoY REVENUE GROWTH DECELERATION",
      "detail": "YoY growth: -1.8% vs prior quarter YoY: +11.4% (decel: -13.2%)",
      "severity": "WARNING"
    },
    {
      "quarter": "2023-09 (Q3)",
      "signal": "OPERATING LEVERAGE",
      "detail": "Rev growth +46.0% vs OpEx growth +19.5% (leverage: 2.4x)",
      "severity": "MEDIUM"
    },
    {
      "quarter": "2023-09 (Q3)",
      "signal": "YoY REVENUE GROWTH ACCELERATION",
      "detail": "YoY growth: +11.4% vs prior quarter YoY: +5.7% (accel: +5.8%)",
      "severity": "MEDIUM"
    },
    {
      "quarter": "2023-09 (Q3)",
      "signal": "INCREMENTAL MARGIN (YoY)",
      "detail": "YoY Incr OPM: +58.8% vs year-ago OPM: +28.4%",
      "severity": "HIGH"
    },
    {
      "quarter": "2023-06 (Q2)",
      "signal": "OPERATING LEVERAGE",
      "detail": "Rev growth +18.7% vs OpEx growth +4.9% (leverage: 3.8x)",
      "severity": "MEDIUM"
    },
    {
      "quarter": "2023-06 (Q2)",
      "signal": "YoY REVENUE GROWTH DECELERATION",
      "detail": "YoY growth: +5.7% vs prior quarter YoY: +20.6% (decel: -14.9%)",
      "severity": "WARNING"
    },
    {
      "quarter": "2023-03 (Q1)",
      "signal": "GROSS MARGIN INFLECTION",
      "detail": "GM: +62.1% -> +54.9% -> +58.3% (reversal +3.4%)",
      "severity": "MEDIUM"
    },
    {
      "quarter": "2023-03 (Q1)",
      "signal": "YoY REVENUE GROWTH DECELERATION",
      "detail": "YoY growth: +20.6% vs prior quarter YoY: +26.3% (decel: -5.7%)",
      "severity": "WARNING"
    },
    {
      "quarter": "2022-12 (Q4)",
      "signal": "YoY REVENUE GROWTH ACCELERATION",
      "detail": "YoY growth: +26.3% vs prior quarter YoY: +12.4% (accel: +14.0%)",
      "severity": "MEDIUM"
    },
    {
      "quarter": "2022-09 (Q3)",
      "signal": "FCF MARGIN EXPANSION",
      "detail": "FCF margin: +23.3% -> +30.2% (+6.9%)",
      "severity": "MEDIUM"
    },
    {
      "quarter": "2022-09 (Q3)",
      "signal": "OPERATING LEVERAGE",
      "detail": "Rev growth +38.4% vs OpEx growth +25.5% (leverage: 1.5x)",
      "severity": "MEDIUM"
    },
    {
      "quarter": "2022-09 (Q3)",
      "signal": "YoY REVENUE GROWTH ACCELERATION",
      "detail": "YoY growth: +12.4% vs prior quarter YoY: +6.1% (accel: +6.2%)",
      "severity": "MEDIUM"
    },
    {
      "quarter": "2022-06 (Q2)",
      "signal": "OPERATING LEVERAGE",
      "detail": "Rev growth +35.5% vs OpEx growth +15.0% (leverage: 2.4x)",
      "severity": "MEDIUM"
    },
    {
      "quarter": "2022-06 (Q2)",
      "signal": "YoY REVENUE GROWTH DECELERATION",
      "detail": "YoY growth: +6.1% vs prior quarter YoY: +12.5% (decel: -6.4%)",
      "severity": "WARNING"
    },
    {
      "quarter": "2022-03 (Q1)",
      "signal": "FCF MARGIN EXPANSION",
      "detail": "FCF margin: +25.0% -> +43.5% (+18.5%)",
      "severity": "MEDIUM"
    },
    {
      "quarter": "2021-12 (Q4)",
      "signal": "INCREMENTAL MARGIN (YoY)",
      "detail": "YoY Incr OPM: +33.1% vs year-ago OPM: +4.2%",
      "severity": "HIGH"
    },
    {
      "quarter": "2021-09 (Q3)",
      "signal": "FCF MARGIN EXPANSION",
      "detail": "FCF margin: +11.0% -> +26.6% (+15.6%)",
      "severity": "MEDIUM"
    },
    {
      "quarter": "2021-06 (Q2)",
      "signal": "OPERATING LEVERAGE",
      "detail": "Rev growth +43.6% vs OpEx growth +11.2% (leverage: 3.9x)",
      "severity": "MEDIUM"
    }
  ],
  "data_quality": {
    "n_quarters": 20,
    "coverage": {
      "revenue": [
        20,
        20
      ],
      "gross_profit": [
        20,
        20
      ],
      "op_income": [
        20,
        20
      ],
      "fcf": [
        20,
        20
      ]
    },
    "gaps": [],
    "warnings": []
  },
  "market_cap": null,
  "source": "SEC EDGAR",
  "last_updated": "2026-02-02T20:34:30.459280"
}