{
  "ticker": "POR",
  "name": "PORTLAND GENERAL ELECTRIC COMPANY",
  "quarters": [
    {
      "date": "2020-12-31T00:00:00",
      "quarter_label": "2020-12 (Q4)",
      "revenue": 556000000,
      "gross_profit": null,
      "operating_income": 81000000,
      "net_income": null,
      "opex": 475000000,
      "cogs": null,
      "rd": null,
      "sga": null,
      "fcf": -110000000,
      "ocf": 125000000,
      "capex": -235000000,
      "gross_margin": null,
      "op_margin": 0.14568345323741008,
      "fcf_margin": -0.19784172661870503
    },
    {
      "date": "2021-03-31T00:00:00",
      "quarter_label": "2021-03 (Q1)",
      "revenue": 609000000,
      "gross_profit": null,
      "operating_income": 133000000,
      "net_income": null,
      "opex": 476000000,
      "cogs": null,
      "rd": null,
      "sga": null,
      "fcf": 15000000,
      "ocf": 168000000,
      "capex": -153000000,
      "gross_margin": null,
      "op_margin": 0.21839080459770116,
      "fcf_margin": 0.024630541871921183,
      "op_leverage_ratio": 45.27877697841727,
      "fcf_margin_change": 0.2224722684906262
    },
    {
      "date": "2021-06-30T00:00:00",
      "quarter_label": "2021-06 (Q2)",
      "revenue": 537000000,
      "gross_profit": null,
      "operating_income": 61000000,
      "net_income": null,
      "opex": 476000000,
      "cogs": null,
      "rd": null,
      "sga": null,
      "fcf": -65000000,
      "ocf": 108000000,
      "capex": -173000000,
      "gross_margin": null,
      "op_margin": 0.11359404096834265,
      "fcf_margin": -0.12104283054003724,
      "fcf_margin_change": -0.14567337241195844
    },
    {
      "date": "2021-09-30T00:00:00",
      "quarter_label": "2021-09 (Q3)",
      "revenue": 642000000,
      "gross_profit": null,
      "operating_income": 83000000,
      "net_income": null,
      "opex": 559000000,
      "cogs": null,
      "rd": null,
      "sga": null,
      "fcf": 146000000,
      "ocf": 306000000,
      "capex": -160000000,
      "gross_margin": null,
      "op_margin": 0.1292834890965732,
      "fcf_margin": 0.22741433021806853,
      "op_leverage_ratio": 1.1213569361243858,
      "fcf_margin_change": 0.3484571607581058
    },
    {
      "date": "2021-12-31T00:00:00",
      "quarter_label": "2021-12 (Q4)",
      "revenue": 608000000,
      "gross_profit": null,
      "operating_income": 101000000,
      "net_income": null,
      "opex": 507000000,
      "cogs": null,
      "rd": null,
      "sga": null,
      "fcf": -200000000,
      "ocf": -50000000,
      "capex": -150000000,
      "gross_margin": null,
      "op_margin": 0.16611842105263158,
      "fcf_margin": -0.32894736842105265,
      "incr_op_margin_yoy": 0.38461538461538464,
      "rev_growth_yoy": 0.09352517985611511,
      "fcf_margin_change": -0.5563616986391212
    },
    {
      "date": "2022-03-31T00:00:00",
      "quarter_label": "2022-03 (Q1)",
      "revenue": 626000000,
      "gross_profit": null,
      "operating_income": 106000000,
      "net_income": null,
      "opex": 520000000,
      "cogs": null,
      "rd": null,
      "sga": null,
      "fcf": 82000000,
      "ocf": 249000000,
      "capex": -167000000,
      "gross_margin": null,
      "op_margin": 0.16932907348242812,
      "fcf_margin": 0.13099041533546327,
      "incr_op_margin_yoy": -1.588235294117647,
      "rev_growth_yoy": 0.027914614121510674,
      "rev_growth_yoy_accel": -0.06561056573460444,
      "op_leverage_ratio": 1.1546052631578947,
      "fcf_margin_change": 0.45993778375651595
    },
    {
      "date": "2022-06-30T00:00:00",
      "quarter_label": "2022-06 (Q2)",
      "revenue": 591000000,
      "gross_profit": null,
      "operating_income": 112000000,
      "net_income": null,
      "opex": 479000000,
      "cogs": null,
      "rd": null,
      "sga": null,
      "fcf": 24000000,
      "ocf": 202000000,
      "capex": -178000000,
      "gross_margin": null,
      "op_margin": 0.1895093062605753,
      "fcf_margin": 0.04060913705583756,
      "incr_op_margin_yoy": 0.9444444444444444,
      "rev_growth_yoy": 0.1005586592178771,
      "rev_growth_yoy_accel": 0.07264404509636643,
      "fcf_margin_change": -0.0903812782796257
    },
    {
      "date": "2022-09-30T00:00:00",
      "quarter_label": "2022-09 (Q3)",
      "revenue": 743000000,
      "gross_profit": null,
      "operating_income": 92000000,
      "net_income": null,
      "opex": 651000000,
      "cogs": null,
      "rd": null,
      "sga": null,
      "fcf": -73000000,
      "ocf": 123000000,
      "capex": -196000000,
      "gross_margin": null,
      "op_margin": 0.12382234185733512,
      "fcf_margin": -0.09825033647375504,
      "incr_op_margin_yoy": 0.0891089108910891,
      "rev_growth_yoy": 0.1573208722741433,
      "rev_growth_yoy_accel": 0.05676221305626619,
      "op_leverage_ratio": 0.7162475898162357,
      "fcf_margin_change": -0.1388594735295926
    },
    {
      "date": "2022-12-31T00:00:00",
      "quarter_label": "2022-12 (Q4)",
      "revenue": 687000000,
      "gross_profit": null,
      "operating_income": 87000000,
      "net_income": null,
      "opex": -962000000,
      "cogs": null,
      "rd": null,
      "sga": null,
      "fcf": -125000000,
      "ocf": 100000000,
      "capex": -225000000,
      "gross_margin": null,
      "op_margin": 0.12663755458515283,
      "fcf_margin": -0.1819505094614265,
      "incr_op_margin_yoy": -0.17721518987341772,
      "rev_growth_yoy": 0.1299342105263158,
      "rev_growth_yoy_accel": -0.0273866617478275,
      "fcf_margin_change": -0.08370017298767145
    },
    {
      "date": "2023-03-31T00:00:00",
      "quarter_label": "2023-03 (Q1)",
      "revenue": 748000000,
      "gross_profit": null,
      "operating_income": 117000000,
      "net_income": null,
      "opex": 631000000,
      "cogs": null,
      "rd": null,
      "sga": null,
      "fcf": -313000000,
      "ocf": -39000000,
      "capex": -274000000,
      "gross_margin": null,
      "op_margin": 0.15641711229946523,
      "fcf_margin": -0.4184491978609626,
      "incr_op_margin_yoy": 0.09016393442622951,
      "rev_growth_yoy": 0.19488817891373802,
      "rev_growth_yoy_accel": 0.06495396838742223,
      "op_leverage_ratio": Infinity,
      "fcf_margin_change": -0.23649868839953608
    },
    {
      "date": "2023-06-30T00:00:00",
      "quarter_label": "2023-06 (Q2)",
      "revenue": 648000000,
      "gross_profit": null,
      "operating_income": 81000000,
      "net_income": null,
      "opex": 567000000,
      "cogs": null,
      "rd": null,
      "sga": null,
      "fcf": -117000000,
      "ocf": 182000000,
      "capex": -299000000,
      "gross_margin": null,
      "op_margin": 0.125,
      "fcf_margin": -0.18055555555555555,
      "incr_op_margin_yoy": -0.543859649122807,
      "rev_growth_yoy": 0.09644670050761421,
      "rev_growth_yoy_accel": -0.09844147840612381,
      "fcf_margin_change": 0.23789364230540702
    },
    {
      "date": "2023-09-30T00:00:00",
      "quarter_label": "2023-09 (Q3)",
      "revenue": 802000000,
      "gross_profit": null,
      "operating_income": 85000000,
      "net_income": null,
      "opex": 717000000,
      "cogs": null,
      "rd": null,
      "sga": null,
      "fcf": -170000000,
      "ocf": 188000000,
      "capex": -358000000,
      "gross_margin": null,
      "op_margin": 0.1059850374064838,
      "fcf_margin": -0.2119700748129676,
      "incr_op_margin_yoy": -0.11864406779661017,
      "rev_growth_yoy": 0.07940780619111709,
      "rev_growth_yoy_accel": -0.01703889431649712,
      "op_leverage_ratio": 0.8983333333333334,
      "fcf_margin_change": -0.03141451925741204
    },
    {
      "date": "2023-12-31T00:00:00",
      "quarter_label": "2023-12 (Q4)",
      "revenue": 725000000,
      "gross_profit": null,
      "operating_income": 113000000,
      "net_income": null,
      "opex": -1200000000,
      "cogs": null,
      "rd": null,
      "sga": null,
      "fcf": -338000000,
      "ocf": 89000000,
      "capex": -427000000,
      "gross_margin": null,
      "op_margin": 0.15586206896551724,
      "fcf_margin": -0.46620689655172415,
      "incr_op_margin_yoy": 0.6842105263157895,
      "rev_growth_yoy": 0.055312954876273655,
      "rev_growth_yoy_accel": -0.024094851314843437,
      "fcf_margin_change": -0.25423682173875656
    },
    {
      "date": "2024-03-31T00:00:00",
      "quarter_label": "2024-03 (Q1)",
      "revenue": 929000000,
      "gross_profit": null,
      "operating_income": 162000000,
      "net_income": null,
      "opex": 194000000,
      "cogs": null,
      "rd": null,
      "sga": null,
      "fcf": -150000000,
      "ocf": 175000000,
      "capex": -325000000,
      "gross_margin": null,
      "op_margin": 0.1743810548977395,
      "fcf_margin": -0.16146393972012918,
      "incr_op_margin_yoy": 0.24861878453038674,
      "rev_growth_yoy": 0.24197860962566844,
      "rev_growth_yoy_accel": 0.18666565474939478,
      "op_leverage_ratio": Infinity,
      "fcf_margin_change": 0.30474295683159497
    },
    {
      "date": "2024-06-30T00:00:00",
      "quarter_label": "2024-06 (Q2)",
      "revenue": 758000000,
      "gross_profit": null,
      "operating_income": 116000000,
      "net_income": null,
      "opex": 204000000,
      "cogs": null,
      "rd": null,
      "sga": null,
      "fcf": -109000000,
      "ocf": 189000000,
      "capex": -298000000,
      "gross_margin": null,
      "op_margin": 0.15303430079155672,
      "fcf_margin": -0.1437994722955145,
      "incr_op_margin_yoy": 0.3181818181818182,
      "rev_growth_yoy": 0.1697530864197531,
      "rev_growth_yoy_accel": -0.07222552320591535,
      "fcf_margin_change": 0.017664467424614666
    },
    {
      "date": "2024-09-30T00:00:00",
      "quarter_label": "2024-09 (Q3)",
      "revenue": 929000000,
      "gross_profit": null,
      "operating_income": 146000000,
      "net_income": null,
      "opex": 233000000,
      "cogs": null,
      "rd": null,
      "sga": null,
      "fcf": -9000000,
      "ocf": 244000000,
      "capex": -253000000,
      "gross_margin": null,
      "op_margin": 0.15715823466092574,
      "fcf_margin": -0.00968783638320775,
      "incr_op_margin_yoy": 0.48031496062992124,
      "rev_growth_yoy": 0.15835411471321695,
      "rev_growth_yoy_accel": -0.011398971706536143,
      "op_leverage_ratio": 1.5869347648075698,
      "fcf_margin_change": 0.13411163591230676
    },
    {
      "date": "2024-12-31T00:00:00",
      "quarter_label": "2024-12 (Q4)",
      "revenue": 824000000,
      "gross_profit": null,
      "operating_income": 88000000,
      "net_income": null,
      "opex": 208000000,
      "cogs": null,
      "rd": null,
      "sga": null,
      "fcf": -222000000,
      "ocf": 170000000,
      "capex": -392000000,
      "gross_margin": null,
      "op_margin": 0.10679611650485436,
      "fcf_margin": -0.26941747572815533,
      "incr_op_margin_yoy": -0.25252525252525254,
      "rev_growth_yoy": 0.13655172413793104,
      "rev_growth_yoy_accel": -0.021802390575285907,
      "fcf_margin_change": -0.2597296393449476
    },
    {
      "date": "2025-03-31T00:00:00",
      "quarter_label": "2025-03 (Q1)",
      "revenue": 928000000,
      "gross_profit": null,
      "operating_income": 168000000,
      "net_income": null,
      "opex": 206000000,
      "cogs": null,
      "rd": null,
      "sga": null,
      "fcf": -128000000,
      "ocf": 231000000,
      "capex": -359000000,
      "gross_margin": null,
      "op_margin": 0.1810344827586207,
      "fcf_margin": -0.13793103448275862,
      "rev_growth_yoy": -0.001076426264800861,
      "rev_growth_yoy_accel": -0.1376281504027319,
      "op_leverage_ratio": Infinity,
      "fcf_margin_change": 0.1314864412453967
    },
    {
      "date": "2025-06-30T00:00:00",
      "quarter_label": "2025-06 (Q2)",
      "revenue": 807000000,
      "gross_profit": null,
      "operating_income": 118000000,
      "net_income": null,
      "opex": 210000000,
      "cogs": null,
      "rd": null,
      "sga": null,
      "fcf": 99000000,
      "ocf": 336000000,
      "capex": -237000000,
      "gross_margin": null,
      "op_margin": 0.14622057001239158,
      "fcf_margin": 0.12267657992565056,
      "incr_op_margin_yoy": 0.04081632653061224,
      "rev_growth_yoy": 0.06464379947229551,
      "rev_growth_yoy_accel": 0.06572022573709638,
      "fcf_margin_change": 0.2606076144084092
    },
    {
      "date": "2025-09-30T00:00:00",
      "quarter_label": "2025-09 (Q3)",
      "revenue": 952000000,
      "gross_profit": null,
      "operating_income": 174000000,
      "net_income": null,
      "opex": 211000000,
      "cogs": null,
      "rd": null,
      "sga": null,
      "fcf": 100000000,
      "ocf": 403000000,
      "capex": -303000000,
      "gross_margin": null,
      "op_margin": 0.18277310924369747,
      "fcf_margin": 0.10504201680672269,
      "incr_op_margin_yoy": 1.2173913043478262,
      "rev_growth_yoy": 0.024757804090419805,
      "rev_growth_yoy_accel": -0.039885995381875705,
      "op_leverage_ratio": 37.732342007434944,
      "fcf_margin_change": -0.017634563118927873
    }
  ],
  "signals": [
    {
      "quarter": "2025-09 (Q3)",
      "signal": "OPERATING LEVERAGE",
      "detail": "Rev growth +18.0% vs OpEx growth +0.5% (leverage: 37.7x)",
      "severity": "MEDIUM"
    },
    {
      "quarter": "2025-09 (Q3)",
      "signal": "INCREMENTAL MARGIN (YoY)",
      "detail": "YoY Incr OPM: +121.7% vs year-ago OPM: +15.7%",
      "severity": "HIGH"
    },
    {
      "quarter": "2025-06 (Q2)",
      "signal": "FCF TURNED POSITIVE",
      "detail": "FCF margin: -13.8% -> +12.3%",
      "severity": "HIGH"
    },
    {
      "quarter": "2025-06 (Q2)",
      "signal": "YoY REVENUE GROWTH ACCELERATION",
      "detail": "YoY growth: +6.5% vs prior quarter YoY: -0.1% (accel: +6.6%)",
      "severity": "MEDIUM"
    },
    {
      "quarter": "2025-03 (Q1)",
      "signal": "FCF MARGIN EXPANSION",
      "detail": "FCF margin: -26.9% -> -13.8% (+13.1%)",
      "severity": "MEDIUM"
    },
    {
      "quarter": "2025-03 (Q1)",
      "signal": "YoY REVENUE GROWTH DECELERATION",
      "detail": "YoY growth: -0.1% vs prior quarter YoY: +13.7% (decel: -13.8%)",
      "severity": "WARNING"
    },
    {
      "quarter": "2024-09 (Q3)",
      "signal": "FCF MARGIN EXPANSION",
      "detail": "FCF margin: -14.4% -> -1.0% (+13.4%)",
      "severity": "MEDIUM"
    },
    {
      "quarter": "2024-09 (Q3)",
      "signal": "OPERATING LEVERAGE",
      "detail": "Rev growth +22.6% vs OpEx growth +14.2% (leverage: 1.6x)",
      "severity": "MEDIUM"
    },
    {
      "quarter": "2024-09 (Q3)",
      "signal": "INCREMENTAL MARGIN (YoY)",
      "detail": "YoY Incr OPM: +48.0% vs year-ago OPM: +10.6%",
      "severity": "HIGH"
    },
    {
      "quarter": "2024-06 (Q2)",
      "signal": "YoY REVENUE GROWTH DECELERATION",
      "detail": "YoY growth: +17.0% vs prior quarter YoY: +24.2% (decel: -7.2%)",
      "severity": "WARNING"
    },
    {
      "quarter": "2024-06 (Q2)",
      "signal": "INCREMENTAL MARGIN (YoY)",
      "detail": "YoY Incr OPM: +31.8% vs year-ago OPM: +12.5%",
      "severity": "MEDIUM"
    },
    {
      "quarter": "2024-03 (Q1)",
      "signal": "FCF MARGIN EXPANSION",
      "detail": "FCF margin: -46.6% -> -16.1% (+30.5%)",
      "severity": "MEDIUM"
    },
    {
      "quarter": "2024-03 (Q1)",
      "signal": "YoY REVENUE GROWTH ACCELERATION",
      "detail": "YoY growth: +24.2% vs prior quarter YoY: +5.5% (accel: +18.7%)",
      "severity": "HIGH"
    },
    {
      "quarter": "2023-12 (Q4)",
      "signal": "INCREMENTAL MARGIN (YoY)",
      "detail": "YoY Incr OPM: +68.4% vs year-ago OPM: +12.7%",
      "severity": "HIGH"
    },
    {
      "quarter": "2023-06 (Q2)",
      "signal": "FCF MARGIN EXPANSION",
      "detail": "FCF margin: -41.8% -> -18.1% (+23.8%)",
      "severity": "MEDIUM"
    },
    {
      "quarter": "2023-06 (Q2)",
      "signal": "YoY REVENUE GROWTH DECELERATION",
      "detail": "YoY growth: +9.6% vs prior quarter YoY: +19.5% (decel: -9.8%)",
      "severity": "WARNING"
    },
    {
      "quarter": "2023-03 (Q1)",
      "signal": "YoY REVENUE GROWTH ACCELERATION",
      "detail": "YoY growth: +19.5% vs prior quarter YoY: +13.0% (accel: +6.5%)",
      "severity": "MEDIUM"
    },
    {
      "quarter": "2022-09 (Q3)",
      "signal": "YoY REVENUE GROWTH ACCELERATION",
      "detail": "YoY growth: +15.7% vs prior quarter YoY: +10.1% (accel: +5.7%)",
      "severity": "MEDIUM"
    },
    {
      "quarter": "2022-06 (Q2)",
      "signal": "YoY REVENUE GROWTH ACCELERATION",
      "detail": "YoY growth: +10.1% vs prior quarter YoY: +2.8% (accel: +7.3%)",
      "severity": "MEDIUM"
    },
    {
      "quarter": "2022-06 (Q2)",
      "signal": "INCREMENTAL MARGIN (YoY)",
      "detail": "YoY Incr OPM: +94.4% vs year-ago OPM: +11.4%",
      "severity": "HIGH"
    },
    {
      "quarter": "2022-03 (Q1)",
      "signal": "FCF TURNED POSITIVE",
      "detail": "FCF margin: -32.9% -> +13.1%",
      "severity": "HIGH"
    },
    {
      "quarter": "2022-03 (Q1)",
      "signal": "YoY REVENUE GROWTH DECELERATION",
      "detail": "YoY growth: +2.8% vs prior quarter YoY: +9.4% (decel: -6.6%)",
      "severity": "WARNING"
    },
    {
      "quarter": "2021-12 (Q4)",
      "signal": "INCREMENTAL MARGIN (YoY)",
      "detail": "YoY Incr OPM: +38.5% vs year-ago OPM: +14.6%",
      "severity": "HIGH"
    },
    {
      "quarter": "2021-09 (Q3)",
      "signal": "FCF TURNED POSITIVE",
      "detail": "FCF margin: -12.1% -> +22.7%",
      "severity": "HIGH"
    },
    {
      "quarter": "2021-03 (Q1)",
      "signal": "FCF TURNED POSITIVE",
      "detail": "FCF margin: -19.8% -> +2.5%",
      "severity": "HIGH"
    },
    {
      "quarter": "2021-03 (Q1)",
      "signal": "OPERATING LEVERAGE",
      "detail": "Rev growth +9.5% vs OpEx growth +0.2% (leverage: 45.3x)",
      "severity": "MEDIUM"
    }
  ],
  "data_quality": {
    "n_quarters": 20,
    "coverage": {
      "revenue": [
        20,
        20
      ],
      "gross_profit": [
        0,
        20
      ],
      "op_income": [
        20,
        20
      ],
      "fcf": [
        20,
        20
      ]
    },
    "gaps": [],
    "warnings": [
      "gross_profit: no data"
    ]
  },
  "market_cap": null,
  "source": "SEC EDGAR",
  "last_updated": "2026-02-02T20:58:40.023852"
}