{
  "ticker": "POST",
  "name": "POST HOLDINGS, INC.",
  "quarters": [
    {
      "date": "2020-12-31T00:00:00",
      "quarter_label": "2020-12 (Q4)",
      "revenue": 1458000000,
      "gross_profit": 455400000,
      "operating_income": 166300000,
      "net_income": 81200000,
      "opex": 289100000,
      "cogs": 1002600000,
      "rd": null,
      "sga": 251100000,
      "fcf": 114500000,
      "ocf": 114500000,
      "capex": null,
      "gross_margin": 0.31234567901234567,
      "op_margin": 0.11406035665294925,
      "fcf_margin": 0.07853223593964334
    },
    {
      "date": "2021-03-31T00:00:00",
      "quarter_label": "2021-03 (Q1)",
      "revenue": 1483300000,
      "gross_profit": 451000000,
      "operating_income": 145100000,
      "net_income": 109900000,
      "opex": 305900000,
      "cogs": 1032300000,
      "rd": null,
      "sga": 249400000,
      "fcf": 47800000,
      "ocf": 47800000,
      "capex": null,
      "gross_margin": 0.3040517764444145,
      "op_margin": 0.09782242297579721,
      "fcf_margin": 0.032225443268388054,
      "op_leverage_ratio": 0.2986082533150434,
      "fcf_margin_change": -0.04630679267125529
    },
    {
      "date": "2021-06-30T00:00:00",
      "quarter_label": "2021-06 (Q2)",
      "revenue": 1589800000,
      "gross_profit": 479400000,
      "operating_income": 206500000,
      "net_income": -54300000,
      "opex": 272900000,
      "cogs": 1110400000,
      "rd": null,
      "sga": 231900000,
      "fcf": 233000000,
      "ocf": 233000000,
      "capex": null,
      "gross_margin": 0.3015473644483583,
      "op_margin": 0.12989055227072588,
      "fcf_margin": 0.14655931563718708,
      "op_leverage_ratio": Infinity,
      "fcf_margin_change": 0.11433387236879902
    },
    {
      "date": "2021-09-30T00:00:00",
      "quarter_label": "2021-09 (Q3)",
      "revenue": 1695600000,
      "gross_profit": 428500000,
      "operating_income": 137800000,
      "net_income": 29900000,
      "opex": 290700000,
      "cogs": 1267100000,
      "rd": null,
      "sga": 241700000,
      "fcf": 192900000,
      "ocf": 192900000,
      "capex": null,
      "gross_margin": 0.25271290398678936,
      "op_margin": 0.08126916725642841,
      "fcf_margin": 0.11376503892427459,
      "op_leverage_ratio": 1.0202972319322197,
      "fcf_margin_change": -0.03279427671291249
    },
    {
      "date": "2021-12-31T00:00:00",
      "quarter_label": "2021-12 (Q4)",
      "revenue": 1643700000,
      "gross_profit": 424000000,
      "operating_income": 128700000,
      "net_income": -20800000,
      "opex": 295300000,
      "cogs": 1219700000,
      "rd": null,
      "sga": 257300000,
      "fcf": 106100000,
      "ocf": 106100000,
      "capex": null,
      "gross_margin": 0.2579546145890369,
      "op_margin": 0.07829895966417229,
      "fcf_margin": 0.06454949199975665,
      "incr_op_margin_yoy": -0.20247711362412493,
      "rev_growth_yoy": 0.1273662551440329,
      "fcf_margin_change": -0.04921554692451793
    },
    {
      "date": "2022-03-31T00:00:00",
      "quarter_label": "2022-03 (Q1)",
      "revenue": 1409700000,
      "gross_profit": 378500000,
      "operating_income": 100000000,
      "net_income": 523300000,
      "opex": 278500000,
      "cogs": 1031200000,
      "rd": null,
      "sga": 235400000,
      "fcf": 35900000,
      "ocf": 35900000,
      "capex": null,
      "gross_margin": 0.2684968432999929,
      "op_margin": 0.07093707881109455,
      "fcf_margin": 0.025466411293182948,
      "incr_op_margin_yoy": 0.6127717391304348,
      "rev_growth_yoy": -0.04961909256387784,
      "rev_growth_yoy_accel": -0.17698534770791075,
      "fcf_margin_change": -0.03908308070657371
    },
    {
      "date": "2022-06-30T00:00:00",
      "quarter_label": "2022-06 (Q2)",
      "revenue": 1524900000,
      "gross_profit": 364700000,
      "operating_income": 105500000,
      "net_income": 170200000,
      "opex": 259200000,
      "cogs": 1160200000,
      "rd": null,
      "sga": 225000000,
      "fcf": 76100000,
      "ocf": 76100000,
      "capex": null,
      "gross_margin": 0.23916322381795527,
      "op_margin": 0.06918486458128402,
      "fcf_margin": 0.04990491179749492,
      "incr_op_margin_yoy": 1.5562403697996918,
      "rev_growth_yoy": -0.04082274499937099,
      "rev_growth_yoy_accel": 0.008796347564506847,
      "op_leverage_ratio": Infinity,
      "fcf_margin_change": 0.024438500504311973
    },
    {
      "date": "2022-09-30T00:00:00",
      "quarter_label": "2022-09 (Q3)",
      "revenue": 1579100000,
      "gross_profit": 392600000,
      "operating_income": 131900000,
      "net_income": 83900000,
      "opex": 260700000,
      "cogs": 1186500000,
      "rd": null,
      "sga": 223800000,
      "fcf": 164500000,
      "ocf": 164500000,
      "capex": null,
      "gross_margin": 0.2486226331454626,
      "op_margin": 0.08352859223608385,
      "fcf_margin": 0.10417326325121905,
      "incr_op_margin_yoy": 0.050643776824034335,
      "rev_growth_yoy": -0.06870724227412126,
      "rev_growth_yoy_accel": -0.027884497274750265,
      "op_leverage_ratio": 6.141884713751722,
      "fcf_margin_change": 0.05426835145372413
    },
    {
      "date": "2022-12-31T00:00:00",
      "quarter_label": "2022-12 (Q4)",
      "revenue": 1566300000,
      "gross_profit": 414900000,
      "operating_income": 149900000,
      "net_income": 91900000,
      "opex": 265000000,
      "cogs": 1151400000,
      "rd": null,
      "sga": 228700000,
      "fcf": 98300000,
      "ocf": 98300000,
      "capex": null,
      "gross_margin": 0.2648917831832982,
      "op_margin": 0.09570324969673753,
      "fcf_margin": 0.06275936921407138,
      "incr_op_margin_yoy": -0.2739018087855297,
      "rev_growth_yoy": -0.04708888483299872,
      "rev_growth_yoy_accel": 0.021618357441122532,
      "fcf_margin_change": -0.04141389403714767
    },
    {
      "date": "2023-03-31T00:00:00",
      "quarter_label": "2023-03 (Q1)",
      "revenue": 1619900000,
      "gross_profit": 413800000,
      "operating_income": 137700000,
      "net_income": 54100000,
      "opex": 276100000,
      "cogs": 1206100000,
      "rd": null,
      "sga": 239300000,
      "fcf": 100000000,
      "ocf": 100000000,
      "capex": null,
      "gross_margin": 0.25544786715229334,
      "op_margin": 0.08500524723748379,
      "fcf_margin": 0.06173220569170936,
      "incr_op_margin_yoy": 0.17935299714557565,
      "rev_growth_yoy": 0.14910973966092075,
      "rev_growth_yoy_accel": 0.19619862449391948,
      "op_leverage_ratio": 0.8169824680071759,
      "fcf_margin_change": -0.0010271635223620193
    },
    {
      "date": "2023-06-30T00:00:00",
      "quarter_label": "2023-06 (Q2)",
      "revenue": 1859400000,
      "gross_profit": 501600000,
      "operating_income": 158300000,
      "net_income": 89600000,
      "opex": 343300000,
      "cogs": 1357800000,
      "rd": null,
      "sga": 300900000,
      "fcf": 282200000,
      "ocf": 282200000,
      "capex": null,
      "gross_margin": 0.2697644401419813,
      "op_margin": 0.08513498978164999,
      "fcf_margin": 0.15176938797461548,
      "incr_op_margin_yoy": 0.15784753363228698,
      "rev_growth_yoy": 0.21935864646862088,
      "rev_growth_yoy_accel": 0.07024890680770013,
      "op_leverage_ratio": 0.6074554682975728,
      "fcf_margin_change": 0.09003718228290611
    },
    {
      "date": "2023-09-30T00:00:00",
      "quarter_label": "2023-09 (Q3)",
      "revenue": 1945400000,
      "gross_profit": 551400000,
      "operating_income": 153000000,
      "net_income": 65700000,
      "opex": 398400000,
      "cogs": 1394000000,
      "rd": null,
      "sga": 309500000,
      "fcf": 269800000,
      "ocf": 269800000,
      "capex": null,
      "gross_margin": 0.28343785339775884,
      "op_margin": 0.0786470648709777,
      "fcf_margin": 0.1386861313868613,
      "incr_op_margin_yoy": 0.0576030576030576,
      "rev_growth_yoy": 0.23196757646760813,
      "rev_growth_yoy_accel": 0.012608929998987245,
      "op_leverage_ratio": 0.2881693780578674,
      "fcf_margin_change": -0.013083256587754166
    },
    {
      "date": "2023-12-31T00:00:00",
      "quarter_label": "2023-12 (Q4)",
      "revenue": 1965900000,
      "gross_profit": 572600000,
      "operating_income": 209300000,
      "net_income": 88100000,
      "opex": 363300000,
      "cogs": 1393300000,
      "rd": null,
      "sga": 322900000,
      "fcf": 174400000,
      "ocf": 174400000,
      "capex": null,
      "gross_margin": 0.29126608677959204,
      "op_margin": 0.10646523220916629,
      "fcf_margin": 0.08871254895976398,
      "incr_op_margin_yoy": 0.14864864864864866,
      "rev_growth_yoy": 0.25512353955181,
      "rev_growth_yoy_accel": 0.02315596308420187,
      "op_leverage_ratio": Infinity,
      "fcf_margin_change": -0.04997358242709733
    },
    {
      "date": "2024-03-31T00:00:00",
      "quarter_label": "2024-03 (Q1)",
      "revenue": 1999000000,
      "gross_profit": 579600000,
      "operating_income": 190100000,
      "net_income": 97200000,
      "opex": 389500000,
      "cogs": 1419400000,
      "rd": null,
      "sga": 341300000,
      "fcf": 249600000,
      "ocf": 249600000,
      "capex": null,
      "gross_margin": 0.2899449724862431,
      "op_margin": 0.0950975487743872,
      "fcf_margin": 0.1248624312156078,
      "incr_op_margin_yoy": 0.13822210498549195,
      "rev_growth_yoy": 0.2340267917772702,
      "rev_growth_yoy_accel": -0.021096747774539792,
      "op_leverage_ratio": 0.23346978191912562,
      "fcf_margin_change": 0.036149882255843827
    },
    {
      "date": "2024-06-30T00:00:00",
      "quarter_label": "2024-06 (Q2)",
      "revenue": 1947700000,
      "gross_profit": 577300000,
      "operating_income": 203200000,
      "net_income": 99800000,
      "opex": 374100000,
      "cogs": 1370400000,
      "rd": null,
      "sga": 324500000,
      "fcf": 272300000,
      "ocf": 272300000,
      "capex": null,
      "gross_margin": 0.29640088309287876,
      "op_margin": 0.10432818195820712,
      "fcf_margin": 0.1398059249371053,
      "incr_op_margin_yoy": 0.5084937712344281,
      "rev_growth_yoy": 0.04748843713025707,
      "rev_growth_yoy_accel": -0.18653835464701313,
      "fcf_margin_change": 0.014943493721497503
    },
    {
      "date": "2024-09-30T00:00:00",
      "quarter_label": "2024-09 (Q3)",
      "revenue": 2010100000,
      "gross_profit": 575400000,
      "operating_income": 190900000,
      "net_income": 81600000,
      "opex": 384500000,
      "cogs": 1434700000,
      "rd": null,
      "sga": 341700000,
      "fcf": 235400000,
      "ocf": 235400000,
      "capex": null,
      "gross_margin": 0.2862544152032237,
      "op_margin": 0.09497039948261281,
      "fcf_margin": 0.11710860156211134,
      "incr_op_margin_yoy": 0.5857805255023184,
      "rev_growth_yoy": 0.033257941811452654,
      "rev_growth_yoy_accel": -0.014230495318804416,
      "op_leverage_ratio": 1.15243620680803,
      "fcf_margin_change": -0.022697323374993972
    },
    {
      "date": "2024-12-31T00:00:00",
      "quarter_label": "2024-12 (Q4)",
      "revenue": 1974700000,
      "gross_profit": 595300000,
      "operating_income": 214100000,
      "net_income": 113300000,
      "opex": 381200000,
      "cogs": 1379400000,
      "rd": null,
      "sga": 331600000,
      "fcf": 310400000,
      "ocf": 310400000,
      "capex": null,
      "gross_margin": 0.30146351344508027,
      "op_margin": 0.10842153238466602,
      "fcf_margin": 0.15718843368612953,
      "incr_op_margin_yoy": 0.5454545454545454,
      "rev_growth_yoy": 0.004476321277786256,
      "rev_growth_yoy_accel": -0.028781620533666397,
      "fcf_margin_change": 0.040079832124018194
    },
    {
      "date": "2025-03-31T00:00:00",
      "quarter_label": "2025-03 (Q1)",
      "revenue": 1952100000,
      "gross_profit": 545800000,
      "operating_income": 182200000,
      "net_income": 62600000,
      "opex": 363600000,
      "cogs": 1406300000,
      "rd": null,
      "sga": 314800000,
      "fcf": 160700000,
      "ocf": 160700000,
      "capex": null,
      "gross_margin": 0.279596332155115,
      "op_margin": 0.09333538240868808,
      "fcf_margin": 0.08232160237692741,
      "incr_op_margin_yoy": 0.16844349680170576,
      "rev_growth_yoy": -0.023461730865432715,
      "rev_growth_yoy_accel": -0.02793805214321897,
      "fcf_margin_change": -0.07486683130920212
    },
    {
      "date": "2025-06-30T00:00:00",
      "quarter_label": "2025-06 (Q2)",
      "revenue": 1984300000,
      "gross_profit": 596200000,
      "operating_income": 234600000,
      "net_income": 108800000,
      "opex": 361600000,
      "cogs": 1388100000,
      "rd": null,
      "sga": 312100000,
      "fcf": 225900000,
      "ocf": 225900000,
      "capex": null,
      "gross_margin": 0.3004586000100791,
      "op_margin": 0.11822809051050748,
      "fcf_margin": 0.11384367283172907,
      "incr_op_margin_yoy": 0.8579234972677595,
      "rev_growth_yoy": 0.018791394978692817,
      "rev_growth_yoy_accel": 0.042253125844125536,
      "op_leverage_ratio": Infinity,
      "fcf_margin_change": 0.031522070454801654
    },
    {
      "date": "2025-09-30T00:00:00",
      "quarter_label": "2025-09 (Q3)",
      "revenue": 2247000000,
      "gross_profit": 602100000,
      "operating_income": 168400000,
      "net_income": 51000000,
      "opex": 433700000,
      "cogs": 1644900000,
      "rd": null,
      "sga": 350100000,
      "fcf": 301300000,
      "ocf": 301300000,
      "capex": null,
      "gross_margin": 0.2679572763684913,
      "op_margin": 0.07494437027147308,
      "fcf_margin": 0.1340898976412995,
      "incr_op_margin_yoy": -0.09497678345293373,
      "rev_growth_yoy": 0.11785483309288095,
      "rev_growth_yoy_accel": 0.09906343811418813,
      "op_leverage_ratio": 0.6639660866232657,
      "fcf_margin_change": 0.02024622480957043
    }
  ],
  "signals": [
    {
      "quarter": "2025-09 (Q3)",
      "signal": "YoY REVENUE GROWTH ACCELERATION",
      "detail": "YoY growth: +11.8% vs prior quarter YoY: +1.9% (accel: +9.9%)",
      "severity": "MEDIUM"
    },
    {
      "quarter": "2025-06 (Q2)",
      "signal": "GROSS MARGIN INFLECTION",
      "detail": "GM: +30.1% -> +28.0% -> +30.0% (reversal +2.1%)",
      "severity": "MEDIUM"
    },
    {
      "quarter": "2025-06 (Q2)",
      "signal": "INCREMENTAL MARGIN (YoY)",
      "detail": "YoY Incr OPM: +85.8% vs year-ago OPM: +10.4%",
      "severity": "HIGH"
    },
    {
      "quarter": "2024-12 (Q4)",
      "signal": "INCREMENTAL MARGIN (YoY)",
      "detail": "YoY Incr OPM: +54.5% vs year-ago OPM: +10.6%",
      "severity": "HIGH"
    },
    {
      "quarter": "2024-09 (Q3)",
      "signal": "INCREMENTAL MARGIN (YoY)",
      "detail": "YoY Incr OPM: +58.6% vs year-ago OPM: +7.9%",
      "severity": "HIGH"
    },
    {
      "quarter": "2024-06 (Q2)",
      "signal": "YoY REVENUE GROWTH DECELERATION",
      "detail": "YoY growth: +4.7% vs prior quarter YoY: +23.4% (decel: -18.7%)",
      "severity": "WARNING"
    },
    {
      "quarter": "2024-06 (Q2)",
      "signal": "INCREMENTAL MARGIN (YoY)",
      "detail": "YoY Incr OPM: +50.8% vs year-ago OPM: +8.5%",
      "severity": "HIGH"
    },
    {
      "quarter": "2023-06 (Q2)",
      "signal": "FCF MARGIN EXPANSION",
      "detail": "FCF margin: +6.2% -> +15.2% (+9.0%)",
      "severity": "MEDIUM"
    },
    {
      "quarter": "2023-06 (Q2)",
      "signal": "YoY REVENUE GROWTH ACCELERATION",
      "detail": "YoY growth: +21.9% vs prior quarter YoY: +14.9% (accel: +7.0%)",
      "severity": "MEDIUM"
    },
    {
      "quarter": "2023-03 (Q1)",
      "signal": "YoY REVENUE GROWTH ACCELERATION",
      "detail": "YoY growth: +14.9% vs prior quarter YoY: -4.7% (accel: +19.6%)",
      "severity": "HIGH"
    },
    {
      "quarter": "2023-03 (Q1)",
      "signal": "INCREMENTAL MARGIN (YoY)",
      "detail": "YoY Incr OPM: +17.9% vs year-ago OPM: +7.1%",
      "severity": "MEDIUM"
    },
    {
      "quarter": "2022-09 (Q3)",
      "signal": "FCF MARGIN EXPANSION",
      "detail": "FCF margin: +5.0% -> +10.4% (+5.4%)",
      "severity": "MEDIUM"
    },
    {
      "quarter": "2022-09 (Q3)",
      "signal": "OPERATING LEVERAGE",
      "detail": "Rev growth +3.6% vs OpEx growth +0.6% (leverage: 6.1x)",
      "severity": "MEDIUM"
    },
    {
      "quarter": "2022-06 (Q2)",
      "signal": "INCREMENTAL MARGIN (YoY)",
      "detail": "YoY Incr OPM: +155.6% vs year-ago OPM: +13.0%",
      "severity": "HIGH"
    },
    {
      "quarter": "2022-03 (Q1)",
      "signal": "YoY REVENUE GROWTH DECELERATION",
      "detail": "YoY growth: -5.0% vs prior quarter YoY: +12.7% (decel: -17.7%)",
      "severity": "WARNING"
    },
    {
      "quarter": "2022-03 (Q1)",
      "signal": "INCREMENTAL MARGIN (YoY)",
      "detail": "YoY Incr OPM: +61.3% vs year-ago OPM: +9.8%",
      "severity": "HIGH"
    },
    {
      "quarter": "2021-06 (Q2)",
      "signal": "FCF MARGIN EXPANSION",
      "detail": "FCF margin: +3.2% -> +14.7% (+11.4%)",
      "severity": "MEDIUM"
    }
  ],
  "data_quality": {
    "n_quarters": 20,
    "coverage": {
      "revenue": [
        20,
        20
      ],
      "gross_profit": [
        20,
        20
      ],
      "op_income": [
        20,
        20
      ],
      "fcf": [
        20,
        20
      ]
    },
    "gaps": [],
    "warnings": []
  },
  "market_cap": null,
  "source": "SEC EDGAR",
  "last_updated": "2026-02-02T21:02:51.176041"
}