{
  "ticker": "PPL",
  "name": "PPL Corporation",
  "quarters": [
    {
      "date": "2020-12-31T00:00:00",
      "quarter_label": "2020-12 (Q4)",
      "revenue": 1929000000,
      "gross_profit": null,
      "operating_income": 704000000,
      "net_income": 290000000,
      "opex": null,
      "cogs": null,
      "rd": null,
      "sga": null,
      "fcf": -81000000,
      "ocf": 499000000,
      "capex": -580000000,
      "gross_margin": null,
      "op_margin": 0.3649559357179886,
      "fcf_margin": -0.041990668740279936
    },
    {
      "date": "2021-03-31T00:00:00",
      "quarter_label": "2021-03 (Q1)",
      "revenue": 1498000000,
      "gross_profit": null,
      "operating_income": 415000000,
      "net_income": -1840000000,
      "opex": null,
      "cogs": null,
      "rd": null,
      "sga": null,
      "fcf": 192000000,
      "ocf": 663000000,
      "capex": -471000000,
      "gross_margin": null,
      "op_margin": 0.27703604806408544,
      "fcf_margin": 0.12817089452603472,
      "fcf_margin_change": 0.17016156326631465
    },
    {
      "date": "2021-06-30T00:00:00",
      "quarter_label": "2021-06 (Q2)",
      "revenue": 1288000000,
      "gross_profit": null,
      "operating_income": 270000000,
      "net_income": 19000000,
      "opex": null,
      "cogs": null,
      "rd": null,
      "sga": null,
      "fcf": 360000000,
      "ocf": 858000000,
      "capex": -498000000,
      "gross_margin": null,
      "op_margin": 0.2096273291925466,
      "fcf_margin": 0.2795031055900621,
      "fcf_margin_change": 0.15133221106402736
    },
    {
      "date": "2021-09-30T00:00:00",
      "quarter_label": "2021-09 (Q3)",
      "revenue": 1512000000,
      "gross_profit": null,
      "operating_income": 431000000,
      "net_income": 207000000,
      "opex": null,
      "cogs": null,
      "rd": null,
      "sga": null,
      "fcf": -34000000,
      "ocf": 457000000,
      "capex": -491000000,
      "gross_margin": null,
      "op_margin": 0.28505291005291006,
      "fcf_margin": -0.022486772486772486,
      "fcf_margin_change": -0.3019898780768346
    },
    {
      "date": "2021-12-31T00:00:00",
      "quarter_label": "2021-12 (Q4)",
      "revenue": 1485000000,
      "gross_profit": null,
      "operating_income": 308000000,
      "net_income": 134000000,
      "opex": null,
      "cogs": null,
      "rd": null,
      "sga": null,
      "fcf": -221000000,
      "ocf": 292000000,
      "capex": -513000000,
      "gross_margin": null,
      "op_margin": 0.2074074074074074,
      "fcf_margin": -0.14882154882154883,
      "incr_op_margin_yoy": 0.8918918918918919,
      "rev_growth_yoy": -0.2301710730948678,
      "fcf_margin_change": -0.12633477633477636
    },
    {
      "date": "2022-03-31T00:00:00",
      "quarter_label": "2022-03 (Q1)",
      "revenue": 1782000000,
      "gross_profit": null,
      "operating_income": 454000000,
      "net_income": 273000000,
      "opex": null,
      "cogs": null,
      "rd": null,
      "sga": null,
      "fcf": 75000000,
      "ocf": 502000000,
      "capex": -427000000,
      "gross_margin": null,
      "op_margin": 0.2547699214365881,
      "fcf_margin": 0.04208754208754209,
      "incr_op_margin_yoy": 0.13732394366197184,
      "rev_growth_yoy": 0.18958611481975968,
      "rev_growth_yoy_accel": 0.41975718791462746,
      "fcf_margin_change": 0.19090909090909092
    },
    {
      "date": "2022-06-30T00:00:00",
      "quarter_label": "2022-06 (Q2)",
      "revenue": 1696000000,
      "gross_profit": null,
      "operating_income": 243000000,
      "net_income": 119000000,
      "opex": null,
      "cogs": null,
      "rd": null,
      "sga": null,
      "fcf": -105000000,
      "ocf": 477000000,
      "capex": -582000000,
      "gross_margin": null,
      "op_margin": 0.14327830188679244,
      "fcf_margin": -0.061910377358490566,
      "incr_op_margin_yoy": -0.0661764705882353,
      "rev_growth_yoy": 0.3167701863354037,
      "rev_growth_yoy_accel": 0.12718407151564404,
      "fcf_margin_change": -0.10399791944603265
    },
    {
      "date": "2022-09-30T00:00:00",
      "quarter_label": "2022-09 (Q3)",
      "revenue": 2134000000,
      "gross_profit": null,
      "operating_income": 341000000,
      "net_income": 174000000,
      "opex": null,
      "cogs": null,
      "rd": null,
      "sga": null,
      "fcf": 26000000,
      "ocf": 532000000,
      "capex": -506000000,
      "gross_margin": null,
      "op_margin": 0.15979381443298968,
      "fcf_margin": 0.01218369259606373,
      "incr_op_margin_yoy": -0.14469453376205788,
      "rev_growth_yoy": 0.4113756613756614,
      "rev_growth_yoy_accel": 0.09460547504025768,
      "fcf_margin_change": 0.0740940699545543
    },
    {
      "date": "2022-12-31T00:00:00",
      "quarter_label": "2022-12 (Q4)",
      "revenue": 2290000000,
      "gross_profit": null,
      "operating_income": 336000000,
      "net_income": 190000000,
      "opex": null,
      "cogs": null,
      "rd": null,
      "sga": null,
      "fcf": -421000000,
      "ocf": 219000000,
      "capex": -640000000,
      "gross_margin": null,
      "op_margin": 0.1467248908296943,
      "fcf_margin": -0.18384279475982532,
      "incr_op_margin_yoy": 0.034782608695652174,
      "rev_growth_yoy": 0.5420875420875421,
      "rev_growth_yoy_accel": 0.13071188071188067,
      "fcf_margin_change": -0.19602648735588904
    },
    {
      "date": "2023-03-31T00:00:00",
      "quarter_label": "2023-03 (Q1)",
      "revenue": 2415000000,
      "gross_profit": null,
      "operating_income": 498000000,
      "net_income": 285000000,
      "opex": null,
      "cogs": null,
      "rd": null,
      "sga": null,
      "fcf": -69000000,
      "ocf": 430000000,
      "capex": -499000000,
      "gross_margin": null,
      "op_margin": 0.2062111801242236,
      "fcf_margin": -0.02857142857142857,
      "incr_op_margin_yoy": 0.06951026856240126,
      "rev_growth_yoy": 0.3552188552188552,
      "rev_growth_yoy_accel": -0.18686868686868685,
      "fcf_margin_change": 0.15527136618839674
    },
    {
      "date": "2023-06-30T00:00:00",
      "quarter_label": "2023-06 (Q2)",
      "revenue": 1823000000,
      "gross_profit": null,
      "operating_income": 305000000,
      "net_income": 112000000,
      "opex": null,
      "cogs": null,
      "rd": null,
      "sga": null,
      "fcf": -179000000,
      "ocf": 412000000,
      "capex": -591000000,
      "gross_margin": null,
      "op_margin": 0.16730663741086121,
      "fcf_margin": -0.0981897970378497,
      "incr_op_margin_yoy": 0.4881889763779528,
      "rev_growth_yoy": 0.07488207547169812,
      "rev_growth_yoy_accel": -0.2803367797471571,
      "fcf_margin_change": -0.06961836846642114
    },
    {
      "date": "2023-09-30T00:00:00",
      "quarter_label": "2023-09 (Q3)",
      "revenue": 2043000000,
      "gross_profit": null,
      "operating_income": 437000000,
      "net_income": 230000000,
      "opex": null,
      "cogs": null,
      "rd": null,
      "sga": null,
      "fcf": 155000000,
      "ocf": 806000000,
      "capex": -651000000,
      "gross_margin": null,
      "op_margin": 0.2139011257953989,
      "fcf_margin": 0.07586882036221243,
      "incr_op_margin_yoy": -1.054945054945055,
      "rev_growth_yoy": -0.042642924086223055,
      "rev_growth_yoy_accel": -0.11752499955792117,
      "fcf_margin_change": 0.17405861740006212
    },
    {
      "date": "2023-12-31T00:00:00",
      "quarter_label": "2023-12 (Q4)",
      "revenue": 2031000000,
      "gross_profit": null,
      "operating_income": 390000000,
      "net_income": 113000000,
      "opex": null,
      "cogs": null,
      "rd": null,
      "sga": null,
      "fcf": -539000000,
      "ocf": 110000000,
      "capex": -649000000,
      "gross_margin": null,
      "op_margin": 0.19202363367799113,
      "fcf_margin": -0.2653865091088134,
      "incr_op_margin_yoy": -0.2084942084942085,
      "rev_growth_yoy": -0.1131004366812227,
      "rev_growth_yoy_accel": -0.07045751259499965,
      "fcf_margin_change": -0.3412553294710258
    },
    {
      "date": "2024-03-31T00:00:00",
      "quarter_label": "2024-03 (Q1)",
      "revenue": 2304000000,
      "gross_profit": null,
      "operating_income": 545000000,
      "net_income": 307000000,
      "opex": null,
      "cogs": null,
      "rd": null,
      "sga": null,
      "fcf": -314000000,
      "ocf": 282000000,
      "capex": -596000000,
      "gross_margin": null,
      "op_margin": 0.2365451388888889,
      "fcf_margin": -0.1362847222222222,
      "incr_op_margin_yoy": -0.42342342342342343,
      "rev_growth_yoy": -0.04596273291925466,
      "rev_growth_yoy_accel": 0.06713770376196804,
      "fcf_margin_change": 0.12910178688659119
    },
    {
      "date": "2024-06-30T00:00:00",
      "quarter_label": "2024-06 (Q2)",
      "revenue": 1881000000,
      "gross_profit": null,
      "operating_income": 390000000,
      "net_income": 190000000,
      "opex": null,
      "cogs": null,
      "rd": null,
      "sga": null,
      "fcf": 96000000,
      "ocf": 766000000,
      "capex": -670000000,
      "gross_margin": null,
      "op_margin": 0.20733652312599682,
      "fcf_margin": 0.051036682615629984,
      "incr_op_margin_yoy": 1.4655172413793103,
      "rev_growth_yoy": 0.03181568842567197,
      "rev_growth_yoy_accel": 0.07777842134492663,
      "fcf_margin_change": 0.1873214048378522
    },
    {
      "date": "2024-09-30T00:00:00",
      "quarter_label": "2024-09 (Q3)",
      "revenue": 2066000000,
      "gross_profit": null,
      "operating_income": 428000000,
      "net_income": 214000000,
      "opex": null,
      "cogs": null,
      "rd": null,
      "sga": null,
      "fcf": 102000000,
      "ocf": 781000000,
      "capex": -679000000,
      "gross_margin": null,
      "op_margin": 0.20716360116166505,
      "fcf_margin": 0.049370764762826716,
      "incr_op_margin_yoy": -0.391304347826087,
      "rev_growth_yoy": 0.011257953989231522,
      "rev_growth_yoy_accel": -0.020557734436440447,
      "fcf_margin_change": -0.0016659178528032684
    },
    {
      "date": "2024-12-31T00:00:00",
      "quarter_label": "2024-12 (Q4)",
      "revenue": 2211000000,
      "gross_profit": null,
      "operating_income": 377000000,
      "net_income": 177000000,
      "opex": null,
      "cogs": null,
      "rd": null,
      "sga": null,
      "fcf": -349000000,
      "ocf": 511000000,
      "capex": -860000000,
      "gross_margin": null,
      "op_margin": 0.17051108095884215,
      "fcf_margin": -0.15784712799638173,
      "incr_op_margin_yoy": -0.07222222222222222,
      "rev_growth_yoy": 0.08862629246676514,
      "rev_growth_yoy_accel": 0.07736833847753362,
      "fcf_margin_change": -0.20721789275920843
    },
    {
      "date": "2025-03-31T00:00:00",
      "quarter_label": "2025-03 (Q1)",
      "revenue": 2504000000,
      "gross_profit": null,
      "operating_income": 678000000,
      "net_income": 414000000,
      "opex": null,
      "cogs": null,
      "rd": null,
      "sga": null,
      "fcf": -280000000,
      "ocf": 513000000,
      "capex": -793000000,
      "gross_margin": null,
      "op_margin": 0.2707667731629393,
      "fcf_margin": -0.11182108626198083,
      "incr_op_margin_yoy": 0.665,
      "rev_growth_yoy": 0.08680555555555555,
      "rev_growth_yoy_accel": -0.0018207369112095834,
      "fcf_margin_change": 0.046026041734400905
    },
    {
      "date": "2025-06-30T00:00:00",
      "quarter_label": "2025-06 (Q2)",
      "revenue": 2025000000,
      "gross_profit": null,
      "operating_income": 406000000,
      "net_income": 183000000,
      "opex": null,
      "cogs": null,
      "rd": null,
      "sga": null,
      "fcf": -328000000,
      "ocf": 602000000,
      "capex": -930000000,
      "gross_margin": null,
      "op_margin": 0.20049382716049383,
      "fcf_margin": -0.16197530864197532,
      "incr_op_margin_yoy": 0.1111111111111111,
      "rev_growth_yoy": 0.07655502392344497,
      "rev_growth_yoy_accel": -0.01025053163211058,
      "fcf_margin_change": -0.05015422237999449
    },
    {
      "date": "2025-09-30T00:00:00",
      "quarter_label": "2025-09 (Q3)",
      "revenue": 2239000000,
      "gross_profit": null,
      "operating_income": 569000000,
      "net_income": 318000000,
      "opex": null,
      "cogs": null,
      "rd": null,
      "sga": null,
      "fcf": -179000000,
      "ocf": 966000000,
      "capex": -1145000000,
      "gross_margin": null,
      "op_margin": 0.2541313086199196,
      "fcf_margin": -0.07994640464493077,
      "incr_op_margin_yoy": 0.815028901734104,
      "rev_growth_yoy": 0.08373668925459826,
      "rev_growth_yoy_accel": 0.007181665331153289,
      "fcf_margin_change": 0.08202890399704454
    }
  ],
  "signals": [
    {
      "quarter": "2025-09 (Q3)",
      "signal": "FCF MARGIN EXPANSION",
      "detail": "FCF margin: -16.2% -> -8.0% (+8.2%)",
      "severity": "MEDIUM"
    },
    {
      "quarter": "2025-09 (Q3)",
      "signal": "INCREMENTAL MARGIN (YoY)",
      "detail": "YoY Incr OPM: +81.5% vs year-ago OPM: +20.7%",
      "severity": "HIGH"
    },
    {
      "quarter": "2025-03 (Q1)",
      "signal": "INCREMENTAL MARGIN (YoY)",
      "detail": "YoY Incr OPM: +66.5% vs year-ago OPM: +23.7%",
      "severity": "HIGH"
    },
    {
      "quarter": "2024-12 (Q4)",
      "signal": "YoY REVENUE GROWTH ACCELERATION",
      "detail": "YoY growth: +8.9% vs prior quarter YoY: +1.1% (accel: +7.7%)",
      "severity": "MEDIUM"
    },
    {
      "quarter": "2024-06 (Q2)",
      "signal": "FCF TURNED POSITIVE",
      "detail": "FCF margin: -13.6% -> +5.1%",
      "severity": "HIGH"
    },
    {
      "quarter": "2024-06 (Q2)",
      "signal": "YoY REVENUE GROWTH ACCELERATION",
      "detail": "YoY growth: +3.2% vs prior quarter YoY: -4.6% (accel: +7.8%)",
      "severity": "MEDIUM"
    },
    {
      "quarter": "2024-06 (Q2)",
      "signal": "INCREMENTAL MARGIN (YoY)",
      "detail": "YoY Incr OPM: +146.6% vs year-ago OPM: +16.7%",
      "severity": "HIGH"
    },
    {
      "quarter": "2024-03 (Q1)",
      "signal": "FCF MARGIN EXPANSION",
      "detail": "FCF margin: -26.5% -> -13.6% (+12.9%)",
      "severity": "MEDIUM"
    },
    {
      "quarter": "2024-03 (Q1)",
      "signal": "YoY REVENUE GROWTH ACCELERATION",
      "detail": "YoY growth: -4.6% vs prior quarter YoY: -11.3% (accel: +6.7%)",
      "severity": "MEDIUM"
    },
    {
      "quarter": "2023-12 (Q4)",
      "signal": "YoY REVENUE GROWTH DECELERATION",
      "detail": "YoY growth: -11.3% vs prior quarter YoY: -4.3% (decel: -7.0%)",
      "severity": "WARNING"
    },
    {
      "quarter": "2023-09 (Q3)",
      "signal": "FCF TURNED POSITIVE",
      "detail": "FCF margin: -9.8% -> +7.6%",
      "severity": "HIGH"
    },
    {
      "quarter": "2023-09 (Q3)",
      "signal": "YoY REVENUE GROWTH DECELERATION",
      "detail": "YoY growth: -4.3% vs prior quarter YoY: +7.5% (decel: -11.8%)",
      "severity": "WARNING"
    },
    {
      "quarter": "2023-06 (Q2)",
      "signal": "YoY REVENUE GROWTH DECELERATION",
      "detail": "YoY growth: +7.5% vs prior quarter YoY: +35.5% (decel: -28.0%)",
      "severity": "WARNING"
    },
    {
      "quarter": "2023-06 (Q2)",
      "signal": "INCREMENTAL MARGIN (YoY)",
      "detail": "YoY Incr OPM: +48.8% vs year-ago OPM: +14.3%",
      "severity": "HIGH"
    },
    {
      "quarter": "2023-03 (Q1)",
      "signal": "FCF MARGIN EXPANSION",
      "detail": "FCF margin: -18.4% -> -2.9% (+15.5%)",
      "severity": "MEDIUM"
    },
    {
      "quarter": "2023-03 (Q1)",
      "signal": "YoY REVENUE GROWTH DECELERATION",
      "detail": "YoY growth: +35.5% vs prior quarter YoY: +54.2% (decel: -18.7%)",
      "severity": "WARNING"
    },
    {
      "quarter": "2022-12 (Q4)",
      "signal": "YoY REVENUE GROWTH ACCELERATION",
      "detail": "YoY growth: +54.2% vs prior quarter YoY: +41.1% (accel: +13.1%)",
      "severity": "MEDIUM"
    },
    {
      "quarter": "2022-09 (Q3)",
      "signal": "FCF TURNED POSITIVE",
      "detail": "FCF margin: -6.2% -> +1.2%",
      "severity": "HIGH"
    },
    {
      "quarter": "2022-09 (Q3)",
      "signal": "YoY REVENUE GROWTH ACCELERATION",
      "detail": "YoY growth: +41.1% vs prior quarter YoY: +31.7% (accel: +9.5%)",
      "severity": "MEDIUM"
    },
    {
      "quarter": "2022-06 (Q2)",
      "signal": "YoY REVENUE GROWTH ACCELERATION",
      "detail": "YoY growth: +31.7% vs prior quarter YoY: +19.0% (accel: +12.7%)",
      "severity": "MEDIUM"
    },
    {
      "quarter": "2022-03 (Q1)",
      "signal": "FCF TURNED POSITIVE",
      "detail": "FCF margin: -14.9% -> +4.2%",
      "severity": "HIGH"
    },
    {
      "quarter": "2022-03 (Q1)",
      "signal": "YoY REVENUE GROWTH ACCELERATION",
      "detail": "YoY growth: +19.0% vs prior quarter YoY: -23.0% (accel: +42.0%)",
      "severity": "HIGH"
    },
    {
      "quarter": "2021-12 (Q4)",
      "signal": "INCREMENTAL MARGIN (YoY)",
      "detail": "YoY Incr OPM: +89.2% vs year-ago OPM: +36.5%",
      "severity": "HIGH"
    },
    {
      "quarter": "2021-06 (Q2)",
      "signal": "FCF MARGIN EXPANSION",
      "detail": "FCF margin: +12.8% -> +28.0% (+15.1%)",
      "severity": "MEDIUM"
    },
    {
      "quarter": "2021-03 (Q1)",
      "signal": "FCF TURNED POSITIVE",
      "detail": "FCF margin: -4.2% -> +12.8%",
      "severity": "HIGH"
    }
  ],
  "data_quality": {
    "n_quarters": 20,
    "coverage": {
      "revenue": [
        20,
        20
      ],
      "gross_profit": [
        0,
        20
      ],
      "op_income": [
        20,
        20
      ],
      "fcf": [
        20,
        20
      ]
    },
    "gaps": [],
    "warnings": [
      "gross_profit: no data"
    ]
  },
  "market_cap": null,
  "source": "SEC EDGAR",
  "last_updated": "2026-02-02T20:11:22.613690"
}