{
  "ticker": "PR",
  "name": "PERMIAN RESOURCES CORPORATION",
  "quarters": [
    {
      "date": "2020-12-31T00:00:00",
      "quarter_label": "2020-12 (Q4)",
      "revenue": 148077000,
      "gross_profit": null,
      "operating_income": -46878000,
      "net_income": null,
      "opex": 194965000,
      "cogs": null,
      "rd": null,
      "sga": null,
      "fcf": 41144000,
      "ocf": 41144000,
      "capex": null,
      "gross_margin": null,
      "op_margin": -0.3165785368423185,
      "fcf_margin": 0.27785544007509605
    },
    {
      "date": "2021-03-31T00:00:00",
      "quarter_label": "2021-03 (Q1)",
      "revenue": 192391000,
      "gross_profit": null,
      "operating_income": 34032000,
      "net_income": null,
      "opex": 158403000,
      "cogs": null,
      "rd": null,
      "sga": null,
      "fcf": 72346000,
      "ocf": 72346000,
      "capex": null,
      "gross_margin": null,
      "op_margin": 0.17688977135105072,
      "fcf_margin": 0.3760363010743746,
      "op_leverage_ratio": Infinity,
      "fcf_margin_change": 0.09818086099927853
    },
    {
      "date": "2021-06-30T00:00:00",
      "quarter_label": "2021-06 (Q2)",
      "revenue": 232577000,
      "gross_profit": null,
      "operating_income": 67099000,
      "net_income": null,
      "opex": 171453000,
      "cogs": null,
      "rd": null,
      "sga": null,
      "fcf": 107279000,
      "ocf": 107279000,
      "capex": null,
      "gross_margin": null,
      "op_margin": 0.28850230246327024,
      "fcf_margin": 0.46126229162814897,
      "op_leverage_ratio": 2.5353791742474634,
      "fcf_margin_change": 0.08522599055377439
    },
    {
      "date": "2021-09-30T00:00:00",
      "quarter_label": "2021-09 (Q3)",
      "revenue": 288505000,
      "gross_profit": null,
      "operating_income": 96220000,
      "net_income": 37124000,
      "opex": 191995000,
      "cogs": null,
      "rd": null,
      "sga": null,
      "fcf": 153507000,
      "ocf": 153507000,
      "capex": null,
      "gross_margin": null,
      "op_margin": 0.33351241746243565,
      "fcf_margin": 0.5320774336666609,
      "op_leverage_ratio": 2.0070809484105783,
      "fcf_margin_change": 0.07081514203851197
    },
    {
      "date": "2021-12-31T00:00:00",
      "quarter_label": "2021-12 (Q4)",
      "revenue": 316419000,
      "gross_profit": null,
      "operating_income": 173267000,
      "net_income": 160751000,
      "opex": 177574000,
      "cogs": null,
      "rd": null,
      "sga": null,
      "fcf": 192487000,
      "ocf": 192487000,
      "capex": null,
      "gross_margin": null,
      "op_margin": 0.5475872182138241,
      "fcf_margin": 0.6083294618844001,
      "incr_op_margin_yoy": 1.307724750804909,
      "rev_growth_yoy": 1.136854474361312,
      "op_leverage_ratio": Infinity,
      "fcf_margin_change": 0.07625202821773913
    },
    {
      "date": "2022-03-31T00:00:00",
      "quarter_label": "2022-03 (Q1)",
      "revenue": 347277000,
      "gross_profit": null,
      "operating_income": 165137000,
      "net_income": 15802000,
      "opex": 182222000,
      "cogs": null,
      "rd": null,
      "sga": null,
      "fcf": 160120000,
      "ocf": 160120000,
      "capex": null,
      "gross_margin": null,
      "op_margin": 0.4755195420370482,
      "fcf_margin": 0.46107286114542567,
      "incr_op_margin_yoy": 0.8464612682876438,
      "rev_growth_yoy": 0.8050584486800318,
      "rev_growth_yoy_accel": -0.3317960256812802,
      "op_leverage_ratio": 3.72579091421183,
      "fcf_margin_change": -0.1472566007389744
    },
    {
      "date": "2022-06-30T00:00:00",
      "quarter_label": "2022-06 (Q2)",
      "revenue": 472654000,
      "gross_profit": null,
      "operating_income": 281688000,
      "net_income": 191826000,
      "opex": 189560000,
      "cogs": null,
      "rd": null,
      "sga": null,
      "fcf": 294979000,
      "ocf": 294979000,
      "capex": null,
      "gross_margin": null,
      "op_margin": 0.5959708370181993,
      "fcf_margin": 0.6240907725312808,
      "incr_op_margin_yoy": 0.8938340615719124,
      "rev_growth_yoy": 1.0322473847370979,
      "rev_growth_yoy_accel": 0.22718893605706603,
      "op_leverage_ratio": 8.965302635589651,
      "fcf_margin_change": 0.16301791138585509
    },
    {
      "date": "2022-09-30T00:00:00",
      "quarter_label": "2022-09 (Q3)",
      "revenue": 549778000,
      "gross_profit": null,
      "operating_income": 222057000,
      "net_income": 224359000,
      "opex": 327718000,
      "cogs": null,
      "rd": null,
      "sga": null,
      "fcf": 388277000,
      "ocf": 388277000,
      "capex": null,
      "gross_margin": null,
      "op_margin": 0.40390302995027083,
      "fcf_margin": 0.7062432472743544,
      "incr_op_margin_yoy": 0.4816303253684843,
      "rev_growth_yoy": 0.9056099547668152,
      "rev_growth_yoy_accel": -0.1266374299702827,
      "op_leverage_ratio": 0.22388081060699686,
      "fcf_margin_change": 0.08215247474307363
    },
    {
      "date": "2022-12-31T00:00:00",
      "quarter_label": "2022-12 (Q4)",
      "revenue": 761556000,
      "gross_profit": null,
      "operating_income": 338654000,
      "net_income": 83050000,
      "opex": 422915000,
      "cogs": null,
      "rd": null,
      "sga": null,
      "fcf": 528295000,
      "ocf": 528295000,
      "capex": null,
      "gross_margin": null,
      "op_margin": 0.44468693044241003,
      "fcf_margin": 0.6937047308405423,
      "incr_op_margin_yoy": 0.37154179499794443,
      "rev_growth_yoy": 1.406796052070198,
      "rev_growth_yoy_accel": 0.5011860973033829,
      "op_leverage_ratio": 1.3260824238580455,
      "fcf_margin_change": -0.012538516433812097
    },
    {
      "date": "2023-03-31T00:00:00",
      "quarter_label": "2023-03 (Q1)",
      "revenue": 616268000,
      "gross_profit": null,
      "operating_income": 236200000,
      "net_income": 102120000,
      "opex": 380134000,
      "cogs": null,
      "rd": null,
      "sga": null,
      "fcf": 438213000,
      "ocf": 438213000,
      "capex": null,
      "gross_margin": null,
      "op_margin": 0.3832748090116638,
      "fcf_margin": 0.7110753762973252,
      "incr_op_margin_yoy": 0.26418356004475985,
      "rev_growth_yoy": 0.7745718835396528,
      "rev_growth_yoy_accel": -0.6322241685305453,
      "fcf_margin_change": 0.017370645456782907
    },
    {
      "date": "2023-06-30T00:00:00",
      "quarter_label": "2023-06 (Q2)",
      "revenue": 623398000,
      "gross_profit": null,
      "operating_income": 191408000,
      "net_income": 73399000,
      "opex": 431990000,
      "cogs": null,
      "rd": null,
      "sga": null,
      "fcf": 448491000,
      "ocf": 448491000,
      "capex": null,
      "gross_margin": null,
      "op_margin": 0.30703980442670653,
      "fcf_margin": 0.7194296420585244,
      "incr_op_margin_yoy": -0.5988961418033222,
      "rev_growth_yoy": 0.31893097276231663,
      "rev_growth_yoy_accel": -0.45564091077733615,
      "op_leverage_ratio": 0.08481206047717268,
      "fcf_margin_change": 0.008354265761199242
    },
    {
      "date": "2023-09-30T00:00:00",
      "quarter_label": "2023-09 (Q3)",
      "revenue": 758541000,
      "gross_profit": null,
      "operating_income": 306700000,
      "net_income": 45433000,
      "opex": 451904000,
      "cogs": null,
      "rd": null,
      "sga": null,
      "fcf": 480801000,
      "ocf": 480801000,
      "capex": null,
      "gross_margin": null,
      "op_margin": 0.4043288365427841,
      "fcf_margin": 0.6338497193955238,
      "incr_op_margin_yoy": 0.4054501995085336,
      "rev_growth_yoy": 0.37972236066193993,
      "rev_growth_yoy_accel": 0.060791387899623295,
      "op_leverage_ratio": 4.702657412391362,
      "fcf_margin_change": -0.08557992266300063
    },
    {
      "date": "2023-12-31T00:00:00",
      "quarter_label": "2023-12 (Q4)",
      "revenue": 1122686000,
      "gross_profit": null,
      "operating_income": 362200000,
      "net_income": 255354000,
      "opex": 760568000,
      "cogs": null,
      "rd": null,
      "sga": null,
      "fcf": 845994000,
      "ocf": 845994000,
      "capex": null,
      "gross_margin": null,
      "op_margin": 0.3226191472949694,
      "fcf_margin": 0.7535446242315305,
      "incr_op_margin_yoy": 0.06520089718383962,
      "rev_growth_yoy": 0.47420019013703524,
      "rev_growth_yoy_accel": 0.09447782947509531,
      "op_leverage_ratio": 0.7028384248929038,
      "fcf_margin_change": 0.11969490483600664
    },
    {
      "date": "2024-03-31T00:00:00",
      "quarter_label": "2024-03 (Q1)",
      "revenue": 1242999000,
      "gross_profit": null,
      "operating_income": 469036000,
      "net_income": 146575000,
      "opex": 774075000,
      "cogs": null,
      "rd": null,
      "sga": null,
      "fcf": 647598000,
      "ocf": 647598000,
      "capex": null,
      "gross_margin": null,
      "op_margin": 0.37734221829623354,
      "fcf_margin": 0.5209963966181791,
      "incr_op_margin_yoy": 0.3715086695887071,
      "rev_growth_yoy": 1.0169780030765836,
      "rev_growth_yoy_accel": 0.5427778129395484,
      "op_leverage_ratio": 6.034390322604232,
      "fcf_margin_change": -0.23254822761335137
    },
    {
      "date": "2024-06-30T00:00:00",
      "quarter_label": "2024-06 (Q2)",
      "revenue": 1246083000,
      "gross_profit": null,
      "operating_income": 455137000,
      "net_income": 235100000,
      "opex": 790946000,
      "cogs": null,
      "rd": null,
      "sga": null,
      "fcf": 938434000,
      "ocf": 938434000,
      "capex": null,
      "gross_margin": null,
      "op_margin": 0.3652541604371458,
      "fcf_margin": 0.7531071365230085,
      "incr_op_margin_yoy": 0.4235351742855537,
      "rev_growth_yoy": 0.9988562683871299,
      "rev_growth_yoy_accel": -0.01812173468945366,
      "fcf_margin_change": 0.23211073990482944
    },
    {
      "date": "2024-09-30T00:00:00",
      "quarter_label": "2024-09 (Q3)",
      "revenue": 1215571000,
      "gross_profit": null,
      "operating_income": 395149000,
      "net_income": 386376000,
      "opex": 820751000,
      "cogs": null,
      "rd": null,
      "sga": null,
      "fcf": 954358000,
      "ocf": 954358000,
      "capex": null,
      "gross_margin": null,
      "op_margin": 0.32507274359128346,
      "fcf_margin": 0.7851108655932069,
      "incr_op_margin_yoy": 0.19352996521016125,
      "rev_growth_yoy": 0.6025119275029299,
      "rev_growth_yoy_accel": -0.3963443408842,
      "fcf_margin_change": 0.03200372907019833
    },
    {
      "date": "2024-12-31T00:00:00",
      "quarter_label": "2024-12 (Q4)",
      "revenue": 1296081000,
      "gross_profit": null,
      "operating_income": 425212000,
      "net_income": 216650000,
      "opex": 870803000,
      "cogs": null,
      "rd": null,
      "sga": null,
      "fcf": 871578000,
      "ocf": 871578000,
      "capex": null,
      "gross_margin": null,
      "op_margin": 0.32807517431395106,
      "fcf_margin": 0.6724718593976765,
      "incr_op_margin_yoy": 0.363401482164999,
      "rev_growth_yoy": 0.15444656831919165,
      "rev_growth_yoy_accel": -0.44806535918373824,
      "op_leverage_ratio": 1.0860741593358056,
      "fcf_margin_change": -0.11263900619553036
    },
    {
      "date": "2025-03-31T00:00:00",
      "quarter_label": "2025-03 (Q1)",
      "revenue": 1376451000,
      "gross_profit": null,
      "operating_income": 504463000,
      "net_income": 329298000,
      "opex": 871988000,
      "cogs": null,
      "rd": null,
      "sga": null,
      "fcf": 898032000,
      "ocf": 898032000,
      "capex": null,
      "gross_margin": null,
      "op_margin": 0.36649542918709055,
      "fcf_margin": 0.6524256947759128,
      "incr_op_margin_yoy": 0.2654662350508048,
      "rev_growth_yoy": 0.10736291823243622,
      "rev_growth_yoy_accel": -0.04708365008675543,
      "op_leverage_ratio": 45.56835913882902,
      "fcf_margin_change": -0.020046164621763674
    },
    {
      "date": "2025-06-30T00:00:00",
      "quarter_label": "2025-06 (Q2)",
      "revenue": 1197596000,
      "gross_profit": null,
      "operating_income": 297485000,
      "net_income": 207137000,
      "opex": 900111000,
      "cogs": null,
      "rd": null,
      "sga": null,
      "fcf": 1038696000,
      "ocf": 1038696000,
      "capex": null,
      "gross_margin": null,
      "op_margin": 0.2484017982691993,
      "fcf_margin": 0.8673175261106416,
      "incr_op_margin_yoy": 3.251428217872832,
      "rev_growth_yoy": -0.03891153318037402,
      "rev_growth_yoy_accel": -0.14627445141281026,
      "fcf_margin_change": 0.21489183133472878
    },
    {
      "date": "2025-09-30T00:00:00",
      "quarter_label": "2025-09 (Q3)",
      "revenue": 1321796000,
      "gross_profit": null,
      "operating_income": 390944000,
      "net_income": 59234000,
      "opex": 930852000,
      "cogs": null,
      "rd": null,
      "sga": null,
      "fcf": 766486000,
      "ocf": 766486000,
      "capex": null,
      "gross_margin": null,
      "op_margin": 0.29576727422385907,
      "fcf_margin": 0.5798822208570763,
      "incr_op_margin_yoy": -0.039585784890562484,
      "rev_growth_yoy": 0.08738691528508001,
      "rev_growth_yoy_accel": 0.12629844846545402,
      "op_leverage_ratio": 3.036612233010164,
      "fcf_margin_change": -0.2874353052535653
    }
  ],
  "signals": [
    {
      "quarter": "2025-09 (Q3)",
      "signal": "OPERATING LEVERAGE",
      "detail": "Rev growth +10.4% vs OpEx growth +3.4% (leverage: 3.0x)",
      "severity": "MEDIUM"
    },
    {
      "quarter": "2025-09 (Q3)",
      "signal": "YoY REVENUE GROWTH ACCELERATION",
      "detail": "YoY growth: +8.7% vs prior quarter YoY: -3.9% (accel: +12.6%)",
      "severity": "MEDIUM"
    },
    {
      "quarter": "2025-06 (Q2)",
      "signal": "FCF MARGIN EXPANSION",
      "detail": "FCF margin: +65.2% -> +86.7% (+21.5%)",
      "severity": "MEDIUM"
    },
    {
      "quarter": "2025-06 (Q2)",
      "signal": "YoY REVENUE GROWTH DECELERATION",
      "detail": "YoY growth: -3.9% vs prior quarter YoY: +10.7% (decel: -14.6%)",
      "severity": "WARNING"
    },
    {
      "quarter": "2025-06 (Q2)",
      "signal": "INCREMENTAL MARGIN (YoY)",
      "detail": "YoY Incr OPM: +325.1% vs year-ago OPM: +36.5%",
      "severity": "HIGH"
    },
    {
      "quarter": "2025-03 (Q1)",
      "signal": "OPERATING LEVERAGE",
      "detail": "Rev growth +6.2% vs OpEx growth +0.1% (leverage: 45.6x)",
      "severity": "MEDIUM"
    },
    {
      "quarter": "2024-12 (Q4)",
      "signal": "YoY REVENUE GROWTH DECELERATION",
      "detail": "YoY growth: +15.4% vs prior quarter YoY: +60.3% (decel: -44.8%)",
      "severity": "WARNING"
    },
    {
      "quarter": "2024-09 (Q3)",
      "signal": "YoY REVENUE GROWTH DECELERATION",
      "detail": "YoY growth: +60.3% vs prior quarter YoY: +99.9% (decel: -39.6%)",
      "severity": "WARNING"
    },
    {
      "quarter": "2024-06 (Q2)",
      "signal": "FCF MARGIN EXPANSION",
      "detail": "FCF margin: +52.1% -> +75.3% (+23.2%)",
      "severity": "MEDIUM"
    },
    {
      "quarter": "2024-06 (Q2)",
      "signal": "INCREMENTAL MARGIN (YoY)",
      "detail": "YoY Incr OPM: +42.4% vs year-ago OPM: +30.7%",
      "severity": "MEDIUM"
    },
    {
      "quarter": "2024-03 (Q1)",
      "signal": "OPERATING LEVERAGE",
      "detail": "Rev growth +10.7% vs OpEx growth +1.8% (leverage: 6.0x)",
      "severity": "MEDIUM"
    },
    {
      "quarter": "2024-03 (Q1)",
      "signal": "YoY REVENUE GROWTH ACCELERATION",
      "detail": "YoY growth: +101.7% vs prior quarter YoY: +47.4% (accel: +54.3%)",
      "severity": "HIGH"
    },
    {
      "quarter": "2023-12 (Q4)",
      "signal": "FCF MARGIN EXPANSION",
      "detail": "FCF margin: +63.4% -> +75.4% (+12.0%)",
      "severity": "MEDIUM"
    },
    {
      "quarter": "2023-12 (Q4)",
      "signal": "YoY REVENUE GROWTH ACCELERATION",
      "detail": "YoY growth: +47.4% vs prior quarter YoY: +38.0% (accel: +9.4%)",
      "severity": "MEDIUM"
    },
    {
      "quarter": "2023-09 (Q3)",
      "signal": "OPERATING LEVERAGE",
      "detail": "Rev growth +21.7% vs OpEx growth +4.6% (leverage: 4.7x)",
      "severity": "MEDIUM"
    },
    {
      "quarter": "2023-09 (Q3)",
      "signal": "YoY REVENUE GROWTH ACCELERATION",
      "detail": "YoY growth: +38.0% vs prior quarter YoY: +31.9% (accel: +6.1%)",
      "severity": "MEDIUM"
    },
    {
      "quarter": "2023-06 (Q2)",
      "signal": "YoY REVENUE GROWTH DECELERATION",
      "detail": "YoY growth: +31.9% vs prior quarter YoY: +77.5% (decel: -45.6%)",
      "severity": "WARNING"
    },
    {
      "quarter": "2023-03 (Q1)",
      "signal": "YoY REVENUE GROWTH DECELERATION",
      "detail": "YoY growth: +77.5% vs prior quarter YoY: +140.7% (decel: -63.2%)",
      "severity": "WARNING"
    },
    {
      "quarter": "2022-12 (Q4)",
      "signal": "YoY REVENUE GROWTH ACCELERATION",
      "detail": "YoY growth: +140.7% vs prior quarter YoY: +90.6% (accel: +50.1%)",
      "severity": "HIGH"
    },
    {
      "quarter": "2022-09 (Q3)",
      "signal": "FCF MARGIN EXPANSION",
      "detail": "FCF margin: +62.4% -> +70.6% (+8.2%)",
      "severity": "MEDIUM"
    },
    {
      "quarter": "2022-09 (Q3)",
      "signal": "YoY REVENUE GROWTH DECELERATION",
      "detail": "YoY growth: +90.6% vs prior quarter YoY: +103.2% (decel: -12.7%)",
      "severity": "WARNING"
    },
    {
      "quarter": "2022-09 (Q3)",
      "signal": "INCREMENTAL MARGIN (YoY)",
      "detail": "YoY Incr OPM: +48.2% vs year-ago OPM: +33.4%",
      "severity": "MEDIUM"
    },
    {
      "quarter": "2022-06 (Q2)",
      "signal": "FCF MARGIN EXPANSION",
      "detail": "FCF margin: +46.1% -> +62.4% (+16.3%)",
      "severity": "MEDIUM"
    },
    {
      "quarter": "2022-06 (Q2)",
      "signal": "OPERATING LEVERAGE",
      "detail": "Rev growth +36.1% vs OpEx growth +4.0% (leverage: 9.0x)",
      "severity": "MEDIUM"
    },
    {
      "quarter": "2022-06 (Q2)",
      "signal": "YoY REVENUE GROWTH ACCELERATION",
      "detail": "YoY growth: +103.2% vs prior quarter YoY: +80.5% (accel: +22.7%)",
      "severity": "HIGH"
    },
    {
      "quarter": "2022-06 (Q2)",
      "signal": "INCREMENTAL MARGIN (YoY)",
      "detail": "YoY Incr OPM: +89.4% vs year-ago OPM: +28.9%",
      "severity": "HIGH"
    },
    {
      "quarter": "2022-03 (Q1)",
      "signal": "OPERATING LEVERAGE",
      "detail": "Rev growth +9.8% vs OpEx growth +2.6% (leverage: 3.7x)",
      "severity": "MEDIUM"
    },
    {
      "quarter": "2022-03 (Q1)",
      "signal": "YoY REVENUE GROWTH DECELERATION",
      "detail": "YoY growth: +80.5% vs prior quarter YoY: +113.7% (decel: -33.2%)",
      "severity": "WARNING"
    },
    {
      "quarter": "2022-03 (Q1)",
      "signal": "INCREMENTAL MARGIN (YoY)",
      "detail": "YoY Incr OPM: +84.6% vs year-ago OPM: +17.7%",
      "severity": "HIGH"
    },
    {
      "quarter": "2021-12 (Q4)",
      "signal": "FCF MARGIN EXPANSION",
      "detail": "FCF margin: +53.2% -> +60.8% (+7.6%)",
      "severity": "MEDIUM"
    },
    {
      "quarter": "2021-12 (Q4)",
      "signal": "OP MARGIN TURNED POSITIVE (YoY)",
      "detail": "Op margin: -31.7% (year-ago) -> +54.8%",
      "severity": "HIGH"
    },
    {
      "quarter": "2021-09 (Q3)",
      "signal": "FCF MARGIN EXPANSION",
      "detail": "FCF margin: +46.1% -> +53.2% (+7.1%)",
      "severity": "MEDIUM"
    },
    {
      "quarter": "2021-09 (Q3)",
      "signal": "OPERATING LEVERAGE",
      "detail": "Rev growth +24.0% vs OpEx growth +12.0% (leverage: 2.0x)",
      "severity": "MEDIUM"
    },
    {
      "quarter": "2021-06 (Q2)",
      "signal": "FCF MARGIN EXPANSION",
      "detail": "FCF margin: +37.6% -> +46.1% (+8.5%)",
      "severity": "MEDIUM"
    },
    {
      "quarter": "2021-06 (Q2)",
      "signal": "OPERATING LEVERAGE",
      "detail": "Rev growth +20.9% vs OpEx growth +8.2% (leverage: 2.5x)",
      "severity": "MEDIUM"
    },
    {
      "quarter": "2021-03 (Q1)",
      "signal": "FCF MARGIN EXPANSION",
      "detail": "FCF margin: +27.8% -> +37.6% (+9.8%)",
      "severity": "MEDIUM"
    },
    {
      "quarter": "2021-03 (Q1)",
      "signal": "OP MARGIN TURNED POSITIVE (QoQ)",
      "detail": "Op margin: -31.7% -> +17.7%",
      "severity": "HIGH"
    }
  ],
  "data_quality": {
    "n_quarters": 20,
    "coverage": {
      "revenue": [
        20,
        20
      ],
      "gross_profit": [
        0,
        20
      ],
      "op_income": [
        20,
        20
      ],
      "fcf": [
        20,
        20
      ]
    },
    "gaps": [],
    "warnings": [
      "gross_profit: no data"
    ]
  },
  "market_cap": null,
  "source": "SEC EDGAR",
  "last_updated": "2026-02-02T20:34:21.222094"
}