{
  "ticker": "PRA",
  "name": "ProAssurance Corporation",
  "quarters": [
    {
      "date": "2020-12-31T00:00:00",
      "quarter_label": "2020-12 (Q4)",
      "revenue": 229602000,
      "gross_profit": null,
      "operating_income": null,
      "net_income": 14305000,
      "opex": null,
      "cogs": null,
      "rd": null,
      "sga": null,
      "fcf": 19170000,
      "ocf": 19170000,
      "capex": null,
      "gross_margin": null,
      "op_margin": null,
      "fcf_margin": 0.08349230407400632
    },
    {
      "date": "2021-03-31T00:00:00",
      "quarter_label": "2021-03 (Q1)",
      "revenue": 220017000,
      "gross_profit": null,
      "operating_income": null,
      "net_income": 7735000,
      "opex": null,
      "cogs": null,
      "rd": null,
      "sga": null,
      "fcf": 28700000,
      "ocf": 28700000,
      "capex": null,
      "gross_margin": null,
      "op_margin": null,
      "fcf_margin": 0.13044446565492668,
      "fcf_margin_change": 0.04695216158092036
    },
    {
      "date": "2021-06-30T00:00:00",
      "quarter_label": "2021-06 (Q2)",
      "revenue": 281628000,
      "gross_profit": null,
      "operating_income": null,
      "net_income": 92050000,
      "opex": null,
      "cogs": null,
      "rd": null,
      "sga": null,
      "fcf": 2315000,
      "ocf": 2315000,
      "capex": null,
      "gross_margin": null,
      "op_margin": null,
      "fcf_margin": 0.008220063345974122,
      "fcf_margin_change": -0.12222440230895255
    },
    {
      "date": "2021-09-30T00:00:00",
      "quarter_label": "2021-09 (Q3)",
      "revenue": 309700000,
      "gross_profit": null,
      "operating_income": null,
      "net_income": 12200000,
      "opex": null,
      "cogs": null,
      "rd": null,
      "sga": null,
      "fcf": 38348000,
      "ocf": 38348000,
      "capex": null,
      "gross_margin": null,
      "op_margin": null,
      "fcf_margin": 0.12382305456893768,
      "fcf_margin_change": 0.11560299122296355
    },
    {
      "date": "2021-12-31T00:00:00",
      "quarter_label": "2021-12 (Q4)",
      "revenue": 313066000,
      "gross_profit": null,
      "operating_income": null,
      "net_income": 32140000,
      "opex": null,
      "cogs": null,
      "rd": null,
      "sga": null,
      "fcf": 4607000,
      "ocf": 4607000,
      "capex": null,
      "gross_margin": null,
      "op_margin": null,
      "fcf_margin": 0.014715746839324615,
      "rev_growth_yoy": 0.36351599724741074,
      "fcf_margin_change": -0.10910730772961307
    },
    {
      "date": "2022-03-31T00:00:00",
      "quarter_label": "2022-03 (Q1)",
      "revenue": 283072000,
      "gross_profit": null,
      "operating_income": null,
      "net_income": -3560000,
      "opex": null,
      "cogs": null,
      "rd": null,
      "sga": null,
      "fcf": 14265000,
      "ocf": 14265000,
      "capex": null,
      "gross_margin": null,
      "op_margin": null,
      "fcf_margin": 0.05039353945286005,
      "rev_growth_yoy": 0.2865914906575401,
      "rev_growth_yoy_accel": -0.07692450658987066,
      "fcf_margin_change": 0.03567779261353543
    },
    {
      "date": "2022-06-30T00:00:00",
      "quarter_label": "2022-06 (Q2)",
      "revenue": 255825000,
      "gross_profit": null,
      "operating_income": null,
      "net_income": -1659000,
      "opex": null,
      "cogs": null,
      "rd": null,
      "sga": null,
      "fcf": -17936000,
      "ocf": -17936000,
      "capex": null,
      "gross_margin": null,
      "op_margin": null,
      "fcf_margin": -0.07011042704974103,
      "rev_growth_yoy": -0.09162086156206059,
      "rev_growth_yoy_accel": -0.3782123522196007,
      "fcf_margin_change": -0.12050396650260109
    },
    {
      "date": "2022-09-30T00:00:00",
      "quarter_label": "2022-09 (Q3)",
      "revenue": 273083000,
      "gross_profit": null,
      "operating_income": null,
      "net_income": -9125000,
      "opex": null,
      "cogs": null,
      "rd": null,
      "sga": null,
      "fcf": 10344000,
      "ocf": 10344000,
      "capex": null,
      "gross_margin": null,
      "op_margin": null,
      "fcf_margin": 0.03787859368763343,
      "rev_growth_yoy": -0.11823377462060058,
      "rev_growth_yoy_accel": -0.026612913058539994,
      "fcf_margin_change": 0.10798902073737446
    },
    {
      "date": "2022-12-31T00:00:00",
      "quarter_label": "2022-12 (Q4)",
      "revenue": 294708000,
      "gross_profit": null,
      "operating_income": null,
      "net_income": 13942000,
      "opex": null,
      "cogs": null,
      "rd": null,
      "sga": null,
      "fcf": -36514000,
      "ocf": -36514000,
      "capex": null,
      "gross_margin": null,
      "op_margin": null,
      "fcf_margin": -0.12389891010763196,
      "rev_growth_yoy": -0.05863939233260718,
      "rev_growth_yoy_accel": 0.0595943822879934,
      "fcf_margin_change": -0.1617775037952654
    },
    {
      "date": "2023-03-31T00:00:00",
      "quarter_label": "2023-03 (Q1)",
      "revenue": 272675000,
      "gross_profit": null,
      "operating_income": null,
      "net_income": -6174000,
      "opex": null,
      "cogs": null,
      "rd": null,
      "sga": null,
      "fcf": -29843000,
      "ocf": -29843000,
      "capex": null,
      "gross_margin": null,
      "op_margin": null,
      "fcf_margin": -0.10944531035115064,
      "rev_growth_yoy": -0.036729171376893514,
      "rev_growth_yoy_accel": 0.02191022095571367,
      "fcf_margin_change": 0.01445359975648132
    },
    {
      "date": "2023-06-30T00:00:00",
      "quarter_label": "2023-06 (Q2)",
      "revenue": 291831000,
      "gross_profit": null,
      "operating_income": null,
      "net_income": 10627000,
      "opex": null,
      "cogs": null,
      "rd": null,
      "sga": null,
      "fcf": -31999000,
      "ocf": -31999000,
      "capex": null,
      "gross_margin": null,
      "op_margin": null,
      "fcf_margin": -0.10964907771963911,
      "rev_growth_yoy": 0.14074464966285546,
      "rev_growth_yoy_accel": 0.17747382103974899,
      "fcf_margin_change": -0.00020376736848846944
    },
    {
      "date": "2023-09-30T00:00:00",
      "quarter_label": "2023-09 (Q3)",
      "revenue": 275747000,
      "gross_profit": null,
      "operating_income": null,
      "net_income": -49434000,
      "opex": null,
      "cogs": null,
      "rd": null,
      "sga": null,
      "fcf": 15201000,
      "ocf": 15201000,
      "capex": null,
      "gross_margin": null,
      "op_margin": null,
      "fcf_margin": 0.05512661969123871,
      "rev_growth_yoy": 0.009755275868508842,
      "rev_growth_yoy_accel": -0.1309893737943466,
      "fcf_margin_change": 0.16477569741087783
    },
    {
      "date": "2023-12-31T00:00:00",
      "quarter_label": "2023-12 (Q4)",
      "revenue": 296960000,
      "gross_profit": null,
      "operating_income": null,
      "net_income": 6377000,
      "opex": null,
      "cogs": null,
      "rd": null,
      "sga": null,
      "fcf": -3244000,
      "ocf": -3244000,
      "capex": null,
      "gross_margin": null,
      "op_margin": null,
      "fcf_margin": -0.010924030172413793,
      "rev_growth_yoy": 0.00764146205735847,
      "rev_growth_yoy_accel": -0.0021138138111503717,
      "fcf_margin_change": -0.0660506498636525
    },
    {
      "date": "2024-03-31T00:00:00",
      "quarter_label": "2024-03 (Q1)",
      "revenue": 284697000,
      "gross_profit": null,
      "operating_income": null,
      "net_income": 4626000,
      "opex": null,
      "cogs": null,
      "rd": null,
      "sga": null,
      "fcf": -11649000,
      "ocf": -11649000,
      "capex": null,
      "gross_margin": null,
      "op_margin": null,
      "fcf_margin": -0.04091718563946933,
      "rev_growth_yoy": 0.044089117080773815,
      "rev_growth_yoy_accel": 0.03644765502341535,
      "fcf_margin_change": -0.02999315546705554
    },
    {
      "date": "2024-06-30T00:00:00",
      "quarter_label": "2024-06 (Q2)",
      "revenue": 290355000,
      "gross_profit": null,
      "operating_income": null,
      "net_income": 15508000,
      "opex": null,
      "cogs": null,
      "rd": null,
      "sga": null,
      "fcf": -12850000,
      "ocf": -12850000,
      "capex": null,
      "gross_margin": null,
      "op_margin": null,
      "fcf_margin": -0.044256169172220215,
      "rev_growth_yoy": -0.005057721763623467,
      "rev_growth_yoy_accel": -0.04914683884439728,
      "fcf_margin_change": -0.003338983532750882
    },
    {
      "date": "2024-09-30T00:00:00",
      "quarter_label": "2024-09 (Q3)",
      "revenue": 285253000,
      "gross_profit": null,
      "operating_income": null,
      "net_income": 16441000,
      "opex": null,
      "cogs": null,
      "rd": null,
      "sga": null,
      "fcf": 14022000,
      "ocf": 14022000,
      "capex": null,
      "gross_margin": null,
      "op_margin": null,
      "fcf_margin": 0.049156362947979516,
      "rev_growth_yoy": 0.03447362981283568,
      "rev_growth_yoy_accel": 0.039531351576459144,
      "fcf_margin_change": 0.09341253212019973
    },
    {
      "date": "2024-12-31T00:00:00",
      "quarter_label": "2024-12 (Q4)",
      "revenue": 290100000,
      "gross_profit": null,
      "operating_income": null,
      "net_income": 16169000,
      "opex": null,
      "cogs": null,
      "rd": null,
      "sga": null,
      "fcf": -238000,
      "ocf": -238000,
      "capex": null,
      "gross_margin": null,
      "op_margin": null,
      "fcf_margin": -0.0008204067562909342,
      "rev_growth_yoy": -0.023100754310344827,
      "rev_growth_yoy_accel": -0.05757438412318051,
      "fcf_margin_change": -0.04997676970427045
    },
    {
      "date": "2025-03-31T00:00:00",
      "quarter_label": "2025-03 (Q1)",
      "revenue": 272079000,
      "gross_profit": null,
      "operating_income": null,
      "net_income": -5822000,
      "opex": null,
      "cogs": null,
      "rd": null,
      "sga": null,
      "fcf": -11609000,
      "ocf": -11609000,
      "capex": null,
      "gross_margin": null,
      "op_margin": null,
      "fcf_margin": -0.042667754585984215,
      "rev_growth_yoy": -0.04432080422343755,
      "rev_growth_yoy_accel": -0.021220049913092724,
      "fcf_margin_change": -0.04184734782969328
    },
    {
      "date": "2025-06-30T00:00:00",
      "quarter_label": "2025-06 (Q2)",
      "revenue": 276753000,
      "gross_profit": null,
      "operating_income": null,
      "net_income": 21921000,
      "opex": null,
      "cogs": null,
      "rd": null,
      "sga": null,
      "fcf": -28065000,
      "ocf": -28065000,
      "capex": null,
      "gross_margin": null,
      "op_margin": null,
      "fcf_margin": -0.10140811481718355,
      "rev_growth_yoy": -0.04684610218525598,
      "rev_growth_yoy_accel": -0.0025252979618184263,
      "fcf_margin_change": -0.058740360231199336
    },
    {
      "date": "2025-09-30T00:00:00",
      "quarter_label": "2025-09 (Q3)",
      "revenue": 279554000,
      "gross_profit": null,
      "operating_income": null,
      "net_income": 1446000,
      "opex": null,
      "cogs": null,
      "rd": null,
      "sga": null,
      "fcf": 27198000,
      "ocf": 27198000,
      "capex": null,
      "gross_margin": null,
      "op_margin": null,
      "fcf_margin": 0.09729068444736974,
      "rev_growth_yoy": -0.019978755701079393,
      "rev_growth_yoy_accel": 0.026867346484176585,
      "fcf_margin_change": 0.1986987992645533
    }
  ],
  "signals": [
    {
      "quarter": "2025-09 (Q3)",
      "signal": "FCF TURNED POSITIVE",
      "detail": "FCF margin: -10.1% -> +9.7%",
      "severity": "HIGH"
    },
    {
      "quarter": "2024-12 (Q4)",
      "signal": "YoY REVENUE GROWTH DECELERATION",
      "detail": "YoY growth: -2.3% vs prior quarter YoY: +3.4% (decel: -5.8%)",
      "severity": "WARNING"
    },
    {
      "quarter": "2024-09 (Q3)",
      "signal": "FCF TURNED POSITIVE",
      "detail": "FCF margin: -4.4% -> +4.9%",
      "severity": "HIGH"
    },
    {
      "quarter": "2023-09 (Q3)",
      "signal": "FCF TURNED POSITIVE",
      "detail": "FCF margin: -11.0% -> +5.5%",
      "severity": "HIGH"
    },
    {
      "quarter": "2023-09 (Q3)",
      "signal": "YoY REVENUE GROWTH DECELERATION",
      "detail": "YoY growth: +1.0% vs prior quarter YoY: +14.1% (decel: -13.1%)",
      "severity": "WARNING"
    },
    {
      "quarter": "2023-06 (Q2)",
      "signal": "YoY REVENUE GROWTH ACCELERATION",
      "detail": "YoY growth: +14.1% vs prior quarter YoY: -3.7% (accel: +17.7%)",
      "severity": "HIGH"
    },
    {
      "quarter": "2022-12 (Q4)",
      "signal": "YoY REVENUE GROWTH ACCELERATION",
      "detail": "YoY growth: -5.9% vs prior quarter YoY: -11.8% (accel: +6.0%)",
      "severity": "MEDIUM"
    },
    {
      "quarter": "2022-09 (Q3)",
      "signal": "FCF TURNED POSITIVE",
      "detail": "FCF margin: -7.0% -> +3.8%",
      "severity": "HIGH"
    },
    {
      "quarter": "2022-06 (Q2)",
      "signal": "YoY REVENUE GROWTH DECELERATION",
      "detail": "YoY growth: -9.2% vs prior quarter YoY: +28.7% (decel: -37.8%)",
      "severity": "WARNING"
    },
    {
      "quarter": "2022-03 (Q1)",
      "signal": "YoY REVENUE GROWTH DECELERATION",
      "detail": "YoY growth: +28.7% vs prior quarter YoY: +36.4% (decel: -7.7%)",
      "severity": "WARNING"
    },
    {
      "quarter": "2021-09 (Q3)",
      "signal": "FCF MARGIN EXPANSION",
      "detail": "FCF margin: +0.8% -> +12.4% (+11.6%)",
      "severity": "MEDIUM"
    }
  ],
  "data_quality": {
    "n_quarters": 20,
    "coverage": {
      "revenue": [
        20,
        20
      ],
      "gross_profit": [
        0,
        20
      ],
      "op_income": [
        0,
        20
      ],
      "fcf": [
        20,
        20
      ]
    },
    "gaps": [],
    "warnings": [
      "gross_profit: no data",
      "op_income: no data"
    ]
  },
  "market_cap": null,
  "source": "SEC EDGAR",
  "last_updated": "2026-02-02T21:55:00.902039"
}