{
  "ticker": "PRAA",
  "name": "PRA Group, Inc",
  "quarters": [
    {
      "date": "2020-12-31T00:00:00",
      "quarter_label": "2020-12 (Q4)",
      "revenue": 273856000,
      "gross_profit": null,
      "operating_income": 89215000,
      "net_income": 29798000,
      "opex": 184641000,
      "cogs": null,
      "rd": null,
      "sga": null,
      "fcf": 6021000,
      "ocf": 10345000,
      "capex": -4324000,
      "gross_margin": null,
      "op_margin": 0.3257733991586819,
      "fcf_margin": 0.021986007244683338
    },
    {
      "date": "2021-03-31T00:00:00",
      "quarter_label": "2021-03 (Q1)",
      "revenue": 289469000,
      "gross_profit": null,
      "operating_income": 110754000,
      "net_income": 58406000,
      "opex": 178715000,
      "cogs": null,
      "rd": null,
      "sga": null,
      "fcf": 17842000,
      "ocf": 20208000,
      "capex": -2366000,
      "gross_margin": null,
      "op_margin": 0.38261091861304664,
      "fcf_margin": 0.06163699739868518,
      "op_leverage_ratio": Infinity,
      "fcf_margin_change": 0.03965099015400184
    },
    {
      "date": "2021-06-30T00:00:00",
      "quarter_label": "2021-06 (Q2)",
      "revenue": 285629000,
      "gross_profit": null,
      "operating_income": 104214000,
      "net_income": 55996000,
      "opex": 181415000,
      "cogs": null,
      "rd": null,
      "sga": null,
      "fcf": -303000,
      "ocf": 1429000,
      "capex": -1732000,
      "gross_margin": null,
      "op_margin": 0.3648579100861607,
      "fcf_margin": -0.0010608166537711507,
      "fcf_margin_change": -0.06269781405245634
    },
    {
      "date": "2021-09-30T00:00:00",
      "quarter_label": "2021-09 (Q3)",
      "revenue": 263698000,
      "gross_profit": null,
      "operating_income": 77579000,
      "net_income": 34480000,
      "opex": 186119000,
      "cogs": null,
      "rd": null,
      "sga": null,
      "fcf": 13972000,
      "ocf": 16646000,
      "capex": -2674000,
      "gross_margin": null,
      "op_margin": 0.2941963913264416,
      "fcf_margin": 0.05298485388588461,
      "fcf_margin_change": 0.054045670539655755
    },
    {
      "date": "2021-12-31T00:00:00",
      "quarter_label": "2021-12 (Q4)",
      "revenue": 256936000,
      "gross_profit": null,
      "operating_income": 82449000,
      "net_income": 34276000,
      "opex": 174487000,
      "cogs": null,
      "rd": null,
      "sga": null,
      "fcf": 42202000,
      "ocf": 46642000,
      "capex": -4440000,
      "gross_margin": null,
      "op_margin": 0.3208931407042999,
      "fcf_margin": 0.1642510197091883,
      "incr_op_margin_yoy": 0.3998817966903073,
      "rev_growth_yoy": -0.06178429539612059,
      "fcf_margin_change": 0.11126616582330368
    },
    {
      "date": "2022-03-31T00:00:00",
      "quarter_label": "2022-03 (Q1)",
      "revenue": 240605000,
      "gross_profit": null,
      "operating_income": 71967000,
      "net_income": 39972000,
      "opex": 168638000,
      "cogs": null,
      "rd": null,
      "sga": null,
      "fcf": -26488000,
      "ocf": -22744000,
      "capex": -3744000,
      "gross_margin": null,
      "op_margin": 0.29910849732964817,
      "fcf_margin": -0.11008915026703518,
      "incr_op_margin_yoy": 0.793774557956778,
      "rev_growth_yoy": -0.16880564067309453,
      "rev_growth_yoy_accel": -0.10702134527697393,
      "fcf_margin_change": -0.27434016997622346
    },
    {
      "date": "2022-06-30T00:00:00",
      "quarter_label": "2022-06 (Q2)",
      "revenue": 258262000,
      "gross_profit": null,
      "operating_income": 83737000,
      "net_income": 36484000,
      "opex": 174525000,
      "cogs": null,
      "rd": null,
      "sga": null,
      "fcf": -23488000,
      "ocf": -19020000,
      "capex": -4468000,
      "gross_margin": null,
      "op_margin": 0.3242327558835601,
      "fcf_margin": -0.09094640326490154,
      "incr_op_margin_yoy": 0.7482369276866299,
      "rev_growth_yoy": -0.09581310021041281,
      "rev_growth_yoy_accel": 0.07299254046268172,
      "op_leverage_ratio": 2.1021982780109396,
      "fcf_margin_change": 0.019142747002133642
    },
    {
      "date": "2022-09-30T00:00:00",
      "quarter_label": "2022-09 (Q3)",
      "revenue": 244807000,
      "gross_profit": null,
      "operating_income": 70788000,
      "net_income": 24732000,
      "opex": 174019000,
      "cogs": null,
      "rd": null,
      "sga": null,
      "fcf": 35864000,
      "ocf": 38350000,
      "capex": -2486000,
      "gross_margin": null,
      "op_margin": 0.2891583982484161,
      "fcf_margin": 0.1464990788662089,
      "incr_op_margin_yoy": 0.35948335186067437,
      "rev_growth_yoy": -0.07163876859134313,
      "rev_growth_yoy_accel": 0.024174331619069678,
      "fcf_margin_change": 0.23744548213111044
    },
    {
      "date": "2022-12-31T00:00:00",
      "quarter_label": "2022-12 (Q4)",
      "revenue": 222850000,
      "gross_profit": null,
      "operating_income": 59310000,
      "net_income": 15959000,
      "opex": 163540000,
      "cogs": null,
      "rd": null,
      "sga": null,
      "fcf": 22453000,
      "ocf": 25006000,
      "capex": -2553000,
      "gross_margin": null,
      "op_margin": 0.26614314561364144,
      "fcf_margin": 0.1007538703163563,
      "incr_op_margin_yoy": 0.6788417532124625,
      "rev_growth_yoy": -0.132663386991313,
      "rev_growth_yoy_accel": -0.061024618399969865,
      "fcf_margin_change": -0.04574520854985259
    },
    {
      "date": "2023-03-31T00:00:00",
      "quarter_label": "2023-03 (Q1)",
      "revenue": 155470000,
      "gross_profit": null,
      "operating_income": -33644000,
      "net_income": -58629000,
      "opex": 189114000,
      "cogs": null,
      "rd": null,
      "sga": null,
      "fcf": -47926000,
      "ocf": -47521000,
      "capex": -405000,
      "gross_margin": null,
      "op_margin": -0.21640187817585385,
      "fcf_margin": -0.3082652601788126,
      "incr_op_margin_yoy": 1.2405121277970284,
      "rev_growth_yoy": -0.35383720205315766,
      "rev_growth_yoy_accel": -0.22117381506184466,
      "fcf_margin_change": -0.4090191304951689
    },
    {
      "date": "2023-06-30T00:00:00",
      "quarter_label": "2023-06 (Q2)",
      "revenue": 209236000,
      "gross_profit": null,
      "operating_income": 45561000,
      "net_income": -3804000,
      "opex": 163675000,
      "cogs": null,
      "rd": null,
      "sga": null,
      "fcf": -34004000,
      "ocf": -33318000,
      "capex": -686000,
      "gross_margin": null,
      "op_margin": 0.21774933567837274,
      "fcf_margin": -0.16251505477068956,
      "incr_op_margin_yoy": 0.7786888589727899,
      "rev_growth_yoy": -0.18983048222347848,
      "rev_growth_yoy_accel": 0.16400671982967918,
      "op_leverage_ratio": Infinity,
      "fcf_margin_change": 0.14575020540812306
    },
    {
      "date": "2023-09-30T00:00:00",
      "quarter_label": "2023-09 (Q3)",
      "revenue": 216430000,
      "gross_profit": null,
      "operating_income": 43046000,
      "net_income": -12262000,
      "opex": 173384000,
      "cogs": null,
      "rd": null,
      "sga": null,
      "fcf": -38648000,
      "ocf": -37433000,
      "capex": -1215000,
      "gross_margin": null,
      "op_margin": 0.1988910964284064,
      "fcf_margin": -0.17857043847895393,
      "incr_op_margin_yoy": 0.97762272262748,
      "rev_growth_yoy": -0.11591580306118697,
      "rev_growth_yoy_accel": 0.07391467916229151,
      "op_leverage_ratio": 0.5796180120640424,
      "fcf_margin_change": -0.01605538370826437
    },
    {
      "date": "2023-12-31T00:00:00",
      "quarter_label": "2023-12 (Q4)",
      "revenue": 221418000,
      "gross_profit": null,
      "operating_income": 45529000,
      "net_income": -8782000,
      "opex": 175889000,
      "cogs": null,
      "rd": null,
      "sga": null,
      "fcf": 20156000,
      "ocf": 20737000,
      "capex": -581000,
      "gross_margin": null,
      "op_margin": 0.20562465562872034,
      "fcf_margin": 0.0910314427914623,
      "incr_op_margin_yoy": 9.623603351955307,
      "rev_growth_yoy": -0.006425846982275073,
      "rev_growth_yoy_accel": 0.1094899560789119,
      "op_leverage_ratio": 1.595182120165712,
      "fcf_margin_change": 0.26960188127041623
    },
    {
      "date": "2024-03-31T00:00:00",
      "quarter_label": "2024-03 (Q1)",
      "revenue": 255586000,
      "gross_profit": null,
      "operating_income": 66396000,
      "net_income": 3475000,
      "opex": 189190000,
      "cogs": null,
      "rd": null,
      "sga": null,
      "fcf": -73494000,
      "ocf": -72999000,
      "capex": -495000,
      "gross_margin": null,
      "op_margin": 0.25977948713935817,
      "fcf_margin": -0.2875509613202601,
      "incr_op_margin_yoy": 0.9992408805785289,
      "rev_growth_yoy": 0.6439570335112883,
      "rev_growth_yoy_accel": 0.6503828804935634,
      "op_leverage_ratio": 2.0406147482503485,
      "fcf_margin_change": -0.3785824041117224
    },
    {
      "date": "2024-06-30T00:00:00",
      "quarter_label": "2024-06 (Q2)",
      "revenue": 284229000,
      "gross_profit": null,
      "operating_income": 89222000,
      "net_income": 21516000,
      "opex": 195007000,
      "cogs": null,
      "rd": null,
      "sga": null,
      "fcf": -30826000,
      "ocf": -29489000,
      "capex": -1337000,
      "gross_margin": null,
      "op_margin": 0.31390885518367234,
      "fcf_margin": -0.10845480228970301,
      "incr_op_margin_yoy": 0.5822010054271732,
      "rev_growth_yoy": 0.3584134661339349,
      "rev_growth_yoy_accel": -0.2855435673773534,
      "op_leverage_ratio": 3.6448575124406677,
      "fcf_margin_change": 0.1790961590305571
    },
    {
      "date": "2024-09-30T00:00:00",
      "quarter_label": "2024-09 (Q3)",
      "revenue": 281477000,
      "gross_profit": null,
      "operating_income": 89978000,
      "net_income": 27154000,
      "opex": 191499000,
      "cogs": null,
      "rd": null,
      "sga": null,
      "fcf": -36085000,
      "ocf": -35036000,
      "capex": -1049000,
      "gross_margin": null,
      "op_margin": 0.3196637735942901,
      "fcf_margin": -0.12819875158538707,
      "incr_op_margin_yoy": 0.721509062677756,
      "rev_growth_yoy": 0.3005452109227002,
      "rev_growth_yoy_accel": -0.057868255211234676,
      "fcf_margin_change": -0.019743949295684057
    },
    {
      "date": "2024-12-31T00:00:00",
      "quarter_label": "2024-12 (Q4)",
      "revenue": 293232000,
      "gross_profit": null,
      "operating_income": 94136000,
      "net_income": 18456000,
      "opex": 199096000,
      "cogs": null,
      "rd": null,
      "sga": null,
      "fcf": 41766000,
      "ocf": 42930000,
      "capex": -1164000,
      "gross_margin": null,
      "op_margin": 0.32102908277404923,
      "fcf_margin": 0.1424332951383205,
      "incr_op_margin_yoy": 0.6768457403848832,
      "rev_growth_yoy": 0.32433677478795764,
      "rev_growth_yoy_accel": 0.023791563865257437,
      "op_leverage_ratio": 1.0526987417926972,
      "fcf_margin_change": 0.27063204672370755
    },
    {
      "date": "2025-03-31T00:00:00",
      "quarter_label": "2025-03 (Q1)",
      "revenue": 269619000,
      "gross_profit": null,
      "operating_income": 74577000,
      "net_income": 3659000,
      "opex": 195042000,
      "cogs": null,
      "rd": null,
      "sga": null,
      "fcf": -53480000,
      "ocf": -52580000,
      "capex": -900000,
      "gross_margin": null,
      "op_margin": 0.27660142645733427,
      "fcf_margin": -0.1983539735701119,
      "incr_op_margin_yoy": 0.5829829687165966,
      "rev_growth_yoy": 0.0549051982502954,
      "rev_growth_yoy_accel": -0.26943157653766225,
      "fcf_margin_change": -0.3407872687084324
    },
    {
      "date": "2025-06-30T00:00:00",
      "quarter_label": "2025-06 (Q2)",
      "revenue": 287688000,
      "gross_profit": null,
      "operating_income": 85111000,
      "net_income": 42374000,
      "opex": 202577000,
      "cogs": null,
      "rd": null,
      "sga": null,
      "fcf": -14188000,
      "ocf": -12910000,
      "capex": -1278000,
      "gross_margin": null,
      "op_margin": 0.2958448040933233,
      "fcf_margin": -0.049317315981201856,
      "incr_op_margin_yoy": -1.1884937843307315,
      "rev_growth_yoy": 0.012169764520861699,
      "rev_growth_yoy_accel": -0.0427354337294337,
      "op_leverage_ratio": 1.7347164997136597,
      "fcf_margin_change": 0.14903665758891005
    },
    {
      "date": "2025-09-30T00:00:00",
      "quarter_label": "2025-09 (Q3)",
      "revenue": 311140000,
      "gross_profit": null,
      "operating_income": -315547000,
      "net_income": -407703000,
      "opex": 626687000,
      "cogs": null,
      "rd": null,
      "sga": null,
      "fcf": -11346000,
      "ocf": -10132000,
      "capex": -1214000,
      "gross_margin": null,
      "op_margin": -1.014164041910394,
      "fcf_margin": -0.036465899595037606,
      "incr_op_margin_yoy": -13.67107170549169,
      "rev_growth_yoy": 0.10538338834078806,
      "rev_growth_yoy_accel": 0.09321362381992636,
      "op_leverage_ratio": 0.03893765215251557,
      "fcf_margin_change": 0.01285141638616425
    }
  ],
  "signals": [
    {
      "quarter": "2025-09 (Q3)",
      "signal": "YoY REVENUE GROWTH ACCELERATION",
      "detail": "YoY growth: +10.5% vs prior quarter YoY: +1.2% (accel: +9.3%)",
      "severity": "MEDIUM"
    },
    {
      "quarter": "2025-06 (Q2)",
      "signal": "FCF MARGIN EXPANSION",
      "detail": "FCF margin: -19.8% -> -4.9% (+14.9%)",
      "severity": "MEDIUM"
    },
    {
      "quarter": "2025-06 (Q2)",
      "signal": "OPERATING LEVERAGE",
      "detail": "Rev growth +6.7% vs OpEx growth +3.9% (leverage: 1.7x)",
      "severity": "MEDIUM"
    },
    {
      "quarter": "2025-03 (Q1)",
      "signal": "YoY REVENUE GROWTH DECELERATION",
      "detail": "YoY growth: +5.5% vs prior quarter YoY: +32.4% (decel: -26.9%)",
      "severity": "WARNING"
    },
    {
      "quarter": "2025-03 (Q1)",
      "signal": "INCREMENTAL MARGIN (YoY)",
      "detail": "YoY Incr OPM: +58.3% vs year-ago OPM: +26.0%",
      "severity": "HIGH"
    },
    {
      "quarter": "2024-12 (Q4)",
      "signal": "FCF TURNED POSITIVE",
      "detail": "FCF margin: -12.8% -> +14.2%",
      "severity": "HIGH"
    },
    {
      "quarter": "2024-12 (Q4)",
      "signal": "INCREMENTAL MARGIN (YoY)",
      "detail": "YoY Incr OPM: +67.7% vs year-ago OPM: +20.6%",
      "severity": "HIGH"
    },
    {
      "quarter": "2024-09 (Q3)",
      "signal": "YoY REVENUE GROWTH DECELERATION",
      "detail": "YoY growth: +30.1% vs prior quarter YoY: +35.8% (decel: -5.8%)",
      "severity": "WARNING"
    },
    {
      "quarter": "2024-09 (Q3)",
      "signal": "INCREMENTAL MARGIN (YoY)",
      "detail": "YoY Incr OPM: +72.2% vs year-ago OPM: +19.9%",
      "severity": "HIGH"
    },
    {
      "quarter": "2024-06 (Q2)",
      "signal": "FCF MARGIN EXPANSION",
      "detail": "FCF margin: -28.8% -> -10.8% (+17.9%)",
      "severity": "MEDIUM"
    },
    {
      "quarter": "2024-06 (Q2)",
      "signal": "OPERATING LEVERAGE",
      "detail": "Rev growth +11.2% vs OpEx growth +3.1% (leverage: 3.6x)",
      "severity": "MEDIUM"
    },
    {
      "quarter": "2024-06 (Q2)",
      "signal": "YoY REVENUE GROWTH DECELERATION",
      "detail": "YoY growth: +35.8% vs prior quarter YoY: +64.4% (decel: -28.6%)",
      "severity": "WARNING"
    },
    {
      "quarter": "2024-06 (Q2)",
      "signal": "INCREMENTAL MARGIN (YoY)",
      "detail": "YoY Incr OPM: +58.2% vs year-ago OPM: +21.8%",
      "severity": "HIGH"
    },
    {
      "quarter": "2024-03 (Q1)",
      "signal": "OPERATING LEVERAGE",
      "detail": "Rev growth +15.4% vs OpEx growth +7.6% (leverage: 2.0x)",
      "severity": "MEDIUM"
    },
    {
      "quarter": "2024-03 (Q1)",
      "signal": "YoY REVENUE GROWTH ACCELERATION",
      "detail": "YoY growth: +64.4% vs prior quarter YoY: -0.6% (accel: +65.0%)",
      "severity": "HIGH"
    },
    {
      "quarter": "2024-03 (Q1)",
      "signal": "OP MARGIN TURNED POSITIVE (YoY)",
      "detail": "Op margin: -21.6% (year-ago) -> +26.0%",
      "severity": "HIGH"
    },
    {
      "quarter": "2023-12 (Q4)",
      "signal": "FCF TURNED POSITIVE",
      "detail": "FCF margin: -17.9% -> +9.1%",
      "severity": "HIGH"
    },
    {
      "quarter": "2023-12 (Q4)",
      "signal": "OPERATING LEVERAGE",
      "detail": "Rev growth +2.3% vs OpEx growth +1.4% (leverage: 1.6x)",
      "severity": "MEDIUM"
    },
    {
      "quarter": "2023-12 (Q4)",
      "signal": "YoY REVENUE GROWTH ACCELERATION",
      "detail": "YoY growth: -0.6% vs prior quarter YoY: -11.6% (accel: +10.9%)",
      "severity": "MEDIUM"
    },
    {
      "quarter": "2023-12 (Q4)",
      "signal": "INCREMENTAL MARGIN (YoY)",
      "detail": "YoY Incr OPM: +962.4% vs year-ago OPM: +26.6%",
      "severity": "HIGH"
    },
    {
      "quarter": "2023-09 (Q3)",
      "signal": "YoY REVENUE GROWTH ACCELERATION",
      "detail": "YoY growth: -11.6% vs prior quarter YoY: -19.0% (accel: +7.4%)",
      "severity": "MEDIUM"
    },
    {
      "quarter": "2023-09 (Q3)",
      "signal": "INCREMENTAL MARGIN (YoY)",
      "detail": "YoY Incr OPM: +97.8% vs year-ago OPM: +28.9%",
      "severity": "HIGH"
    },
    {
      "quarter": "2023-06 (Q2)",
      "signal": "FCF MARGIN EXPANSION",
      "detail": "FCF margin: -30.8% -> -16.3% (+14.6%)",
      "severity": "MEDIUM"
    },
    {
      "quarter": "2023-06 (Q2)",
      "signal": "YoY REVENUE GROWTH ACCELERATION",
      "detail": "YoY growth: -19.0% vs prior quarter YoY: -35.4% (accel: +16.4%)",
      "severity": "HIGH"
    },
    {
      "quarter": "2023-06 (Q2)",
      "signal": "INCREMENTAL MARGIN (YoY)",
      "detail": "YoY Incr OPM: +77.9% vs year-ago OPM: +32.4%",
      "severity": "HIGH"
    },
    {
      "quarter": "2023-06 (Q2)",
      "signal": "OP MARGIN TURNED POSITIVE (QoQ)",
      "detail": "Op margin: -21.6% -> +21.8%",
      "severity": "HIGH"
    },
    {
      "quarter": "2023-03 (Q1)",
      "signal": "YoY REVENUE GROWTH DECELERATION",
      "detail": "YoY growth: -35.4% vs prior quarter YoY: -13.3% (decel: -22.1%)",
      "severity": "WARNING"
    },
    {
      "quarter": "2022-12 (Q4)",
      "signal": "YoY REVENUE GROWTH DECELERATION",
      "detail": "YoY growth: -13.3% vs prior quarter YoY: -7.2% (decel: -6.1%)",
      "severity": "WARNING"
    },
    {
      "quarter": "2022-12 (Q4)",
      "signal": "INCREMENTAL MARGIN (YoY)",
      "detail": "YoY Incr OPM: +67.9% vs year-ago OPM: +32.1%",
      "severity": "HIGH"
    },
    {
      "quarter": "2022-09 (Q3)",
      "signal": "FCF TURNED POSITIVE",
      "detail": "FCF margin: -9.1% -> +14.6%",
      "severity": "HIGH"
    },
    {
      "quarter": "2022-06 (Q2)",
      "signal": "OPERATING LEVERAGE",
      "detail": "Rev growth +7.3% vs OpEx growth +3.5% (leverage: 2.1x)",
      "severity": "MEDIUM"
    },
    {
      "quarter": "2022-06 (Q2)",
      "signal": "YoY REVENUE GROWTH ACCELERATION",
      "detail": "YoY growth: -9.6% vs prior quarter YoY: -16.9% (accel: +7.3%)",
      "severity": "MEDIUM"
    },
    {
      "quarter": "2022-06 (Q2)",
      "signal": "INCREMENTAL MARGIN (YoY)",
      "detail": "YoY Incr OPM: +74.8% vs year-ago OPM: +36.5%",
      "severity": "HIGH"
    },
    {
      "quarter": "2022-03 (Q1)",
      "signal": "YoY REVENUE GROWTH DECELERATION",
      "detail": "YoY growth: -16.9% vs prior quarter YoY: -6.2% (decel: -10.7%)",
      "severity": "WARNING"
    },
    {
      "quarter": "2022-03 (Q1)",
      "signal": "INCREMENTAL MARGIN (YoY)",
      "detail": "YoY Incr OPM: +79.4% vs year-ago OPM: +38.3%",
      "severity": "HIGH"
    },
    {
      "quarter": "2021-12 (Q4)",
      "signal": "FCF MARGIN EXPANSION",
      "detail": "FCF margin: +5.3% -> +16.4% (+11.1%)",
      "severity": "MEDIUM"
    },
    {
      "quarter": "2021-09 (Q3)",
      "signal": "FCF TURNED POSITIVE",
      "detail": "FCF margin: -0.1% -> +5.3%",
      "severity": "HIGH"
    }
  ],
  "data_quality": {
    "n_quarters": 20,
    "coverage": {
      "revenue": [
        20,
        20
      ],
      "gross_profit": [
        0,
        20
      ],
      "op_income": [
        20,
        20
      ],
      "fcf": [
        20,
        20
      ]
    },
    "gaps": [],
    "warnings": [
      "gross_profit: no data"
    ]
  },
  "market_cap": null,
  "source": "SEC EDGAR",
  "last_updated": "2026-02-02T22:17:45.908815"
}