{
  "ticker": "PRDO",
  "name": "PERDOCEO EDUCATION CORP",
  "quarters": [
    {
      "date": "2020-12-31T00:00:00",
      "quarter_label": "2020-12 (Q4)",
      "revenue": 171159000,
      "gross_profit": null,
      "operating_income": 36189000,
      "net_income": 27051000,
      "opex": 134970000,
      "cogs": null,
      "rd": null,
      "sga": null,
      "fcf": 42203000,
      "ocf": 42203000,
      "capex": null,
      "gross_margin": null,
      "op_margin": 0.211434981508422,
      "fcf_margin": 0.2465719009809592
    },
    {
      "date": "2021-03-31T00:00:00",
      "quarter_label": "2021-03 (Q1)",
      "revenue": 183638000,
      "gross_profit": null,
      "operating_income": 40617000,
      "net_income": 30753000,
      "opex": 143021000,
      "cogs": null,
      "rd": null,
      "sga": null,
      "fcf": 44708000,
      "ocf": 44708000,
      "capex": null,
      "gross_margin": null,
      "op_margin": 0.22117971225998975,
      "fcf_margin": 0.24345723651967457,
      "op_leverage_ratio": 1.222270881350938,
      "fcf_margin_change": -0.0031146644612846386
    },
    {
      "date": "2021-06-30T00:00:00",
      "quarter_label": "2021-06 (Q2)",
      "revenue": 175539000,
      "gross_profit": null,
      "operating_income": 35962000,
      "net_income": 26649000,
      "opex": 139577000,
      "cogs": null,
      "rd": null,
      "sga": null,
      "fcf": 38037000,
      "ocf": 38037000,
      "capex": null,
      "gross_margin": null,
      "op_margin": 0.2048661550994366,
      "fcf_margin": 0.2166868900927999,
      "fcf_margin_change": -0.026770346426874675
    },
    {
      "date": "2021-09-30T00:00:00",
      "quarter_label": "2021-09 (Q3)",
      "revenue": 173998000,
      "gross_profit": null,
      "operating_income": 37861000,
      "net_income": 27769000,
      "opex": 136137000,
      "cogs": null,
      "rd": null,
      "sga": null,
      "fcf": 61461000,
      "ocf": 61461000,
      "capex": null,
      "gross_margin": null,
      "op_margin": 0.21759445510867942,
      "fcf_margin": 0.3532281980252647,
      "fcf_margin_change": 0.13654130793246477
    },
    {
      "date": "2021-12-31T00:00:00",
      "quarter_label": "2021-12 (Q4)",
      "revenue": 159859000,
      "gross_profit": null,
      "operating_income": 34576000,
      "net_income": 24466000,
      "opex": 125283000,
      "cogs": null,
      "rd": null,
      "sga": null,
      "fcf": 46910000,
      "ocf": 46910000,
      "capex": null,
      "gross_margin": null,
      "op_margin": 0.21629060609662265,
      "fcf_margin": 0.29344609937507427,
      "incr_op_margin_yoy": 0.1427433628318584,
      "rev_growth_yoy": -0.06602048387756414,
      "fcf_margin_change": -0.05978209865019041
    },
    {
      "date": "2022-03-31T00:00:00",
      "quarter_label": "2022-03 (Q1)",
      "revenue": 182959000,
      "gross_profit": null,
      "operating_income": 43693000,
      "net_income": 32078000,
      "opex": 139266000,
      "cogs": null,
      "rd": null,
      "sga": null,
      "fcf": 22154000,
      "ocf": 22154000,
      "capex": null,
      "gross_margin": null,
      "op_margin": 0.23881306740854508,
      "fcf_margin": 0.12108723812438853,
      "rev_growth_yoy": -0.0036974918045284745,
      "rev_growth_yoy_accel": 0.06232299207303566,
      "op_leverage_ratio": 1.2946926267015673,
      "fcf_margin_change": -0.17235886125068572
    },
    {
      "date": "2022-06-30T00:00:00",
      "quarter_label": "2022-06 (Q2)",
      "revenue": 167684000,
      "gross_profit": null,
      "operating_income": 33946000,
      "net_income": 25767000,
      "opex": 133738000,
      "cogs": null,
      "rd": null,
      "sga": null,
      "fcf": 32625000,
      "ocf": 32625000,
      "capex": null,
      "gross_margin": null,
      "op_margin": 0.20244030438205196,
      "fcf_margin": 0.1945623911643329,
      "incr_op_margin_yoy": 0.25665181413112664,
      "rev_growth_yoy": -0.0447478907821054,
      "rev_growth_yoy_accel": -0.041050398977576924,
      "fcf_margin_change": 0.07347515303994438
    },
    {
      "date": "2022-09-30T00:00:00",
      "quarter_label": "2022-09 (Q3)",
      "revenue": 168420000,
      "gross_profit": null,
      "operating_income": 29324000,
      "net_income": 22067000,
      "opex": 139096000,
      "cogs": null,
      "rd": null,
      "sga": null,
      "fcf": 52861000,
      "ocf": 52861000,
      "capex": null,
      "gross_margin": null,
      "op_margin": 0.17411233820211378,
      "fcf_margin": 0.3138641491509322,
      "incr_op_margin_yoy": 1.5304768734313374,
      "rev_growth_yoy": -0.03205783974528443,
      "rev_growth_yoy_accel": 0.01269005103682097,
      "fcf_margin_change": 0.11930175798659928
    },
    {
      "date": "2022-12-31T00:00:00",
      "quarter_label": "2022-12 (Q4)",
      "revenue": 176145000,
      "gross_profit": null,
      "operating_income": 22674000,
      "net_income": 15955000,
      "opex": 153471000,
      "cogs": null,
      "rd": null,
      "sga": null,
      "fcf": 40546000,
      "ocf": 40546000,
      "capex": null,
      "gross_margin": null,
      "op_margin": 0.12872349484799456,
      "fcf_margin": 0.23018535865338216,
      "incr_op_margin_yoy": -0.7308117401449098,
      "rev_growth_yoy": 0.10187727935242932,
      "rev_growth_yoy_accel": 0.13393511909771375,
      "op_leverage_ratio": 0.44382484781834236,
      "fcf_margin_change": -0.08367879049755003
    },
    {
      "date": "2023-03-31T00:00:00",
      "quarter_label": "2023-03 (Q1)",
      "revenue": 195598000,
      "gross_profit": null,
      "operating_income": 43336000,
      "net_income": 34484000,
      "opex": 152262000,
      "cogs": null,
      "rd": null,
      "sga": null,
      "fcf": 4572000,
      "ocf": 4572000,
      "capex": null,
      "gross_margin": null,
      "op_margin": 0.22155645763249113,
      "fcf_margin": 0.023374472131616888,
      "incr_op_margin_yoy": -0.028245905530500832,
      "rev_growth_yoy": 0.06908105094584033,
      "rev_growth_yoy_accel": -0.032796228406588995,
      "op_leverage_ratio": Infinity,
      "fcf_margin_change": -0.20681088652176527
    },
    {
      "date": "2023-06-30T00:00:00",
      "quarter_label": "2023-06 (Q2)",
      "revenue": 186564000,
      "gross_profit": null,
      "operating_income": 48094000,
      "net_income": 54673000,
      "opex": 138470000,
      "cogs": null,
      "rd": null,
      "sga": null,
      "fcf": 61648000,
      "ocf": 61648000,
      "capex": null,
      "gross_margin": null,
      "op_margin": 0.257788212088077,
      "fcf_margin": 0.3304388842434768,
      "incr_op_margin_yoy": 0.749364406779661,
      "rev_growth_yoy": 0.11259273395195725,
      "rev_growth_yoy_accel": 0.04351168300611692,
      "fcf_margin_change": 0.3070644121118599
    },
    {
      "date": "2023-09-30T00:00:00",
      "quarter_label": "2023-09 (Q3)",
      "revenue": 179923000,
      "gross_profit": null,
      "operating_income": 43073000,
      "net_income": 41307000,
      "opex": 136850000,
      "cogs": null,
      "rd": null,
      "sga": null,
      "fcf": 32613000,
      "ocf": 32613000,
      "capex": null,
      "gross_margin": null,
      "op_margin": 0.2393968530982698,
      "fcf_margin": 0.18126087270665786,
      "incr_op_margin_yoy": 1.1952534121533513,
      "rev_growth_yoy": 0.06829948937180857,
      "rev_growth_yoy_accel": -0.044293244580148675,
      "fcf_margin_change": -0.14917801153681892
    },
    {
      "date": "2023-12-31T00:00:00",
      "quarter_label": "2023-12 (Q4)",
      "revenue": 147919000,
      "gross_profit": null,
      "operating_income": 15943000,
      "net_income": 17188000,
      "opex": 131976000,
      "cogs": null,
      "rd": null,
      "sga": null,
      "fcf": 13192000,
      "ocf": 13192000,
      "capex": null,
      "gross_margin": null,
      "op_margin": 0.10778196174933578,
      "fcf_margin": 0.08918394526734226,
      "incr_op_margin_yoy": 0.23846807907602918,
      "rev_growth_yoy": -0.1602429816344489,
      "rev_growth_yoy_accel": -0.22854247100625746,
      "fcf_margin_change": -0.0920769274393156
    },
    {
      "date": "2024-03-31T00:00:00",
      "quarter_label": "2024-03 (Q1)",
      "revenue": 168264000,
      "gross_profit": null,
      "operating_income": 46278000,
      "net_income": 39442000,
      "opex": 121986000,
      "cogs": null,
      "rd": null,
      "sga": null,
      "fcf": 54492000,
      "ocf": 54492000,
      "capex": null,
      "gross_margin": null,
      "op_margin": 0.2750320924261874,
      "fcf_margin": 0.3238482384823848,
      "incr_op_margin_yoy": -0.10763152118241019,
      "rev_growth_yoy": -0.13974580517183202,
      "rev_growth_yoy_accel": 0.020497176462616867,
      "op_leverage_ratio": Infinity,
      "fcf_margin_change": 0.23466429321504256
    },
    {
      "date": "2024-06-30T00:00:00",
      "quarter_label": "2024-06 (Q2)",
      "revenue": 166740000,
      "gross_profit": null,
      "operating_income": 46006000,
      "net_income": 38429000,
      "opex": 120734000,
      "cogs": null,
      "rd": null,
      "sga": null,
      "fcf": 38525000,
      "ocf": 38525000,
      "capex": null,
      "gross_margin": null,
      "op_margin": 0.2759145975770661,
      "fcf_margin": 0.23104833873095837,
      "incr_op_margin_yoy": 0.1053268765133172,
      "rev_growth_yoy": -0.10625844214317876,
      "rev_growth_yoy_accel": 0.033487363028653266,
      "fcf_margin_change": -0.09279989975142644
    },
    {
      "date": "2024-09-30T00:00:00",
      "quarter_label": "2024-09 (Q3)",
      "revenue": 169828000,
      "gross_profit": null,
      "operating_income": 44794000,
      "net_income": 38255000,
      "opex": 125034000,
      "cogs": null,
      "rd": null,
      "sga": null,
      "fcf": 50978000,
      "ocf": 50978000,
      "capex": null,
      "gross_margin": null,
      "op_margin": 0.26376098169913087,
      "fcf_margin": 0.3001742939915679,
      "incr_op_margin_yoy": -0.1704804358593363,
      "rev_growth_yoy": -0.05610733480433296,
      "rev_growth_yoy_accel": 0.05015110733884579,
      "op_leverage_ratio": 0.5199943541120976,
      "fcf_margin_change": 0.06912595526060955
    },
    {
      "date": "2024-12-31T00:00:00",
      "quarter_label": "2024-12 (Q4)",
      "revenue": 176431000,
      "gross_profit": null,
      "operating_income": 37175000,
      "net_income": 31464000,
      "opex": 139256000,
      "cogs": null,
      "rd": null,
      "sga": null,
      "fcf": 17599000,
      "ocf": 17599000,
      "capex": null,
      "gross_margin": null,
      "op_margin": 0.2107056016232975,
      "fcf_margin": 0.09975004392652084,
      "incr_op_margin_yoy": 0.744668911335578,
      "rev_growth_yoy": 0.19275414246986528,
      "rev_growth_yoy_accel": 0.24886147727419825,
      "op_leverage_ratio": 0.3418215608100576,
      "fcf_margin_change": -0.20042425006504708
    },
    {
      "date": "2025-03-31T00:00:00",
      "quarter_label": "2025-03 (Q1)",
      "revenue": 213004000,
      "gross_profit": null,
      "operating_income": 51727000,
      "net_income": 43688000,
      "opex": 161277000,
      "cogs": null,
      "rd": null,
      "sga": null,
      "fcf": 65127000,
      "ocf": 65127000,
      "capex": null,
      "gross_margin": null,
      "op_margin": 0.24284520478488666,
      "fcf_margin": 0.30575482150569944,
      "incr_op_margin_yoy": 0.12179257934734018,
      "rev_growth_yoy": 0.26589169400465934,
      "rev_growth_yoy_accel": 0.07313755153479407,
      "op_leverage_ratio": 1.3108788897793533,
      "fcf_margin_change": 0.2060047775791786
    },
    {
      "date": "2025-06-30T00:00:00",
      "quarter_label": "2025-06 (Q2)",
      "revenue": 209581000,
      "gross_profit": null,
      "operating_income": 51399000,
      "net_income": 41028000,
      "opex": 158182000,
      "cogs": null,
      "rd": null,
      "sga": null,
      "fcf": 78778000,
      "ocf": 78778000,
      "capex": null,
      "gross_margin": null,
      "op_margin": 0.24524646795272473,
      "fcf_margin": 0.3758833100328751,
      "incr_op_margin_yoy": 0.12588408300459838,
      "rev_growth_yoy": 0.256932949502219,
      "rev_growth_yoy_accel": -0.00895874450244033,
      "fcf_margin_change": 0.07012848852717568
    },
    {
      "date": "2025-09-30T00:00:00",
      "quarter_label": "2025-09 (Q3)",
      "revenue": 211872000,
      "gross_profit": null,
      "operating_income": 50959000,
      "net_income": 39850000,
      "opex": 160913000,
      "cogs": null,
      "rd": null,
      "sga": null,
      "fcf": 41225000,
      "ocf": 41225000,
      "capex": null,
      "gross_margin": null,
      "op_margin": 0.24051785983990334,
      "fcf_margin": 0.1945750264310527,
      "incr_op_margin_yoy": 0.14663209970507088,
      "rev_growth_yoy": 0.24756812775278517,
      "rev_growth_yoy_accel": -0.009364821749433844,
      "op_leverage_ratio": 0.6331528165215333,
      "fcf_margin_change": -0.1813082836018224
    }
  ],
  "signals": [
    {
      "quarter": "2025-06 (Q2)",
      "signal": "FCF MARGIN EXPANSION",
      "detail": "FCF margin: +30.6% -> +37.6% (+7.0%)",
      "severity": "MEDIUM"
    },
    {
      "quarter": "2025-03 (Q1)",
      "signal": "FCF MARGIN EXPANSION",
      "detail": "FCF margin: +10.0% -> +30.6% (+20.6%)",
      "severity": "MEDIUM"
    },
    {
      "quarter": "2025-03 (Q1)",
      "signal": "YoY REVENUE GROWTH ACCELERATION",
      "detail": "YoY growth: +26.6% vs prior quarter YoY: +19.3% (accel: +7.3%)",
      "severity": "MEDIUM"
    },
    {
      "quarter": "2024-12 (Q4)",
      "signal": "YoY REVENUE GROWTH ACCELERATION",
      "detail": "YoY growth: +19.3% vs prior quarter YoY: -5.6% (accel: +24.9%)",
      "severity": "HIGH"
    },
    {
      "quarter": "2024-12 (Q4)",
      "signal": "INCREMENTAL MARGIN (YoY)",
      "detail": "YoY Incr OPM: +74.5% vs year-ago OPM: +10.8%",
      "severity": "HIGH"
    },
    {
      "quarter": "2024-09 (Q3)",
      "signal": "FCF MARGIN EXPANSION",
      "detail": "FCF margin: +23.1% -> +30.0% (+6.9%)",
      "severity": "MEDIUM"
    },
    {
      "quarter": "2024-09 (Q3)",
      "signal": "YoY REVENUE GROWTH ACCELERATION",
      "detail": "YoY growth: -5.6% vs prior quarter YoY: -10.6% (accel: +5.0%)",
      "severity": "MEDIUM"
    },
    {
      "quarter": "2024-03 (Q1)",
      "signal": "FCF MARGIN EXPANSION",
      "detail": "FCF margin: +8.9% -> +32.4% (+23.5%)",
      "severity": "MEDIUM"
    },
    {
      "quarter": "2023-12 (Q4)",
      "signal": "YoY REVENUE GROWTH DECELERATION",
      "detail": "YoY growth: -16.0% vs prior quarter YoY: +6.8% (decel: -22.9%)",
      "severity": "WARNING"
    },
    {
      "quarter": "2023-12 (Q4)",
      "signal": "INCREMENTAL MARGIN (YoY)",
      "detail": "YoY Incr OPM: +23.8% vs year-ago OPM: +12.9%",
      "severity": "MEDIUM"
    },
    {
      "quarter": "2023-09 (Q3)",
      "signal": "INCREMENTAL MARGIN (YoY)",
      "detail": "YoY Incr OPM: +119.5% vs year-ago OPM: +17.4%",
      "severity": "HIGH"
    },
    {
      "quarter": "2023-06 (Q2)",
      "signal": "FCF MARGIN EXPANSION",
      "detail": "FCF margin: +2.3% -> +33.0% (+30.7%)",
      "severity": "MEDIUM"
    },
    {
      "quarter": "2023-06 (Q2)",
      "signal": "INCREMENTAL MARGIN (YoY)",
      "detail": "YoY Incr OPM: +74.9% vs year-ago OPM: +20.2%",
      "severity": "HIGH"
    },
    {
      "quarter": "2022-12 (Q4)",
      "signal": "YoY REVENUE GROWTH ACCELERATION",
      "detail": "YoY growth: +10.2% vs prior quarter YoY: -3.2% (accel: +13.4%)",
      "severity": "MEDIUM"
    },
    {
      "quarter": "2022-09 (Q3)",
      "signal": "FCF MARGIN EXPANSION",
      "detail": "FCF margin: +19.5% -> +31.4% (+11.9%)",
      "severity": "MEDIUM"
    },
    {
      "quarter": "2022-09 (Q3)",
      "signal": "INCREMENTAL MARGIN (YoY)",
      "detail": "YoY Incr OPM: +153.0% vs year-ago OPM: +21.8%",
      "severity": "HIGH"
    },
    {
      "quarter": "2022-06 (Q2)",
      "signal": "FCF MARGIN EXPANSION",
      "detail": "FCF margin: +12.1% -> +19.5% (+7.3%)",
      "severity": "MEDIUM"
    },
    {
      "quarter": "2022-03 (Q1)",
      "signal": "YoY REVENUE GROWTH ACCELERATION",
      "detail": "YoY growth: -0.4% vs prior quarter YoY: -6.6% (accel: +6.2%)",
      "severity": "MEDIUM"
    },
    {
      "quarter": "2021-09 (Q3)",
      "signal": "FCF MARGIN EXPANSION",
      "detail": "FCF margin: +21.7% -> +35.3% (+13.7%)",
      "severity": "MEDIUM"
    }
  ],
  "data_quality": {
    "n_quarters": 20,
    "coverage": {
      "revenue": [
        20,
        20
      ],
      "gross_profit": [
        0,
        20
      ],
      "op_income": [
        20,
        20
      ],
      "fcf": [
        20,
        20
      ]
    },
    "gaps": [],
    "warnings": [
      "gross_profit: no data"
    ]
  },
  "market_cap": null,
  "source": "SEC EDGAR",
  "last_updated": "2026-02-02T21:35:55.953307"
}