{
  "ticker": "PREJF",
  "name": "PartnerRe Ltd.",
  "quarters": [
    {
      "date": "2011-06-30T00:00:00",
      "quarter_label": "2011-06 (Q2)",
      "revenue": 1345600000,
      "gross_profit": 64000000,
      "operating_income": null,
      "net_income": 124200000,
      "opex": null,
      "cogs": null,
      "rd": null,
      "sga": null,
      "fcf": 256024000,
      "ocf": 256024000,
      "capex": null,
      "gross_margin": 0.04756242568370987,
      "op_margin": null,
      "fcf_margin": 0.19026753864447088
    },
    {
      "date": "2011-09-30T00:00:00",
      "quarter_label": "2011-09 (Q3)",
      "revenue": 1485539000,
      "gross_profit": 150000000,
      "operating_income": null,
      "net_income": 180123000,
      "opex": null,
      "cogs": null,
      "rd": null,
      "sga": null,
      "fcf": null,
      "ocf": null,
      "capex": null,
      "gross_margin": 0.10097345138700499,
      "op_margin": null,
      "fcf_margin": null
    },
    {
      "date": "2011-12-31T00:00:00",
      "quarter_label": "2011-12 (Q4)",
      "revenue": 1414600000,
      "gross_profit": -126000000,
      "operating_income": null,
      "net_income": -17600000,
      "opex": null,
      "cogs": null,
      "rd": null,
      "sga": null,
      "fcf": null,
      "ocf": null,
      "capex": null,
      "gross_margin": -0.08907111550968472,
      "op_margin": null,
      "fcf_margin": null
    },
    {
      "date": "2012-03-31T00:00:00",
      "quarter_label": "2012-03 (Q1)",
      "revenue": 1332200000,
      "gross_profit": 202000000,
      "operating_income": null,
      "net_income": 360100000,
      "opex": null,
      "cogs": null,
      "rd": null,
      "sga": null,
      "fcf": null,
      "ocf": null,
      "capex": null,
      "gross_margin": 0.1516288845518691,
      "op_margin": null,
      "fcf_margin": null
    },
    {
      "date": "2012-06-30T00:00:00",
      "quarter_label": "2012-06 (Q2)",
      "revenue": 1285100000,
      "gross_profit": 152000000,
      "operating_income": null,
      "net_income": 176100000,
      "opex": null,
      "cogs": null,
      "rd": null,
      "sga": null,
      "fcf": null,
      "ocf": null,
      "capex": null,
      "gross_margin": 0.11827873317251576,
      "op_margin": null,
      "fcf_margin": null,
      "rev_growth_yoy": -0.04496135552913198
    },
    {
      "date": "2012-09-30T00:00:00",
      "quarter_label": "2012-09 (Q3)",
      "revenue": 1632530000,
      "gross_profit": 269000000,
      "operating_income": null,
      "net_income": 486706000,
      "opex": null,
      "cogs": null,
      "rd": null,
      "sga": null,
      "fcf": null,
      "ocf": null,
      "capex": null,
      "gross_margin": 0.16477491990958817,
      "op_margin": null,
      "fcf_margin": null,
      "rev_growth_yoy": 0.09894792395218166,
      "rev_growth_yoy_accel": 0.14390927948131366
    },
    {
      "date": "2012-12-31T00:00:00",
      "quarter_label": "2012-12 (Q4)",
      "revenue": 1312700000,
      "gross_profit": 121000000,
      "operating_income": null,
      "net_income": 111500000,
      "opex": null,
      "cogs": null,
      "rd": null,
      "sga": null,
      "fcf": null,
      "ocf": null,
      "capex": null,
      "gross_margin": 0.09217643025824636,
      "op_margin": null,
      "fcf_margin": null,
      "rev_growth_yoy": -0.07203449738441962,
      "rev_growth_yoy_accel": -0.1709824213366013
    },
    {
      "date": "2013-03-31T00:00:00",
      "quarter_label": "2013-03 (Q1)",
      "revenue": 1297254000,
      "gross_profit": 251000000,
      "operating_income": null,
      "net_income": 234370000,
      "opex": null,
      "cogs": null,
      "rd": null,
      "sga": null,
      "fcf": null,
      "ocf": null,
      "capex": null,
      "gross_margin": 0.193485624249376,
      "op_margin": null,
      "fcf_margin": null,
      "rev_growth_yoy": -0.02623179702747335,
      "rev_growth_yoy_accel": 0.04580270035694627
    },
    {
      "date": "2013-06-30T00:00:00",
      "quarter_label": "2013-06 (Q2)",
      "revenue": 1037802000,
      "gross_profit": 100000000,
      "operating_income": null,
      "net_income": -175571000,
      "opex": null,
      "cogs": null,
      "rd": null,
      "sga": null,
      "fcf": null,
      "ocf": null,
      "capex": null,
      "gross_margin": 0.09635749401138174,
      "op_margin": null,
      "fcf_margin": null,
      "rev_growth_yoy": -0.19243482997432107,
      "rev_growth_yoy_accel": -0.1662030329468477
    },
    {
      "date": "2013-09-30T00:00:00",
      "quarter_label": "2013-09 (Q3)",
      "revenue": 1564797000,
      "gross_profit": 387000000,
      "operating_income": null,
      "net_income": 333423000,
      "opex": null,
      "cogs": null,
      "rd": null,
      "sga": null,
      "fcf": null,
      "ocf": null,
      "capex": null,
      "gross_margin": 0.24731642506983334,
      "op_margin": null,
      "fcf_margin": null,
      "rev_growth_yoy": -0.0414895897778295,
      "rev_growth_yoy_accel": 0.15094524019649158
    },
    {
      "date": "2013-12-31T00:00:00",
      "quarter_label": "2013-12 (Q4)",
      "revenue": 1637000000,
      "gross_profit": 223000000,
      "operating_income": null,
      "net_income": 272000000,
      "opex": null,
      "cogs": null,
      "rd": null,
      "sga": null,
      "fcf": null,
      "ocf": null,
      "capex": null,
      "gross_margin": 0.13622480146609653,
      "op_margin": null,
      "fcf_margin": null,
      "rev_growth_yoy": 0.24704806886569666,
      "rev_growth_yoy_accel": 0.28853765864352615
    },
    {
      "date": "2014-03-31T00:00:00",
      "quarter_label": "2014-03 (Q1)",
      "revenue": 1513225000,
      "gross_profit": 240000000,
      "operating_income": null,
      "net_income": 309843000,
      "opex": null,
      "cogs": null,
      "rd": null,
      "sga": null,
      "fcf": null,
      "ocf": null,
      "capex": null,
      "gross_margin": 0.15860166201324985,
      "op_margin": null,
      "fcf_margin": null,
      "rev_growth_yoy": 0.1664832022102071,
      "rev_growth_yoy_accel": -0.08056486665548956
    },
    {
      "date": "2014-06-30T00:00:00",
      "quarter_label": "2014-06 (Q2)",
      "revenue": 1658018000,
      "gross_profit": 166000000,
      "operating_income": null,
      "net_income": 271841000,
      "opex": null,
      "cogs": null,
      "rd": null,
      "sga": null,
      "fcf": null,
      "ocf": null,
      "capex": null,
      "gross_margin": 0.10011954031862139,
      "op_margin": null,
      "fcf_margin": null,
      "rev_growth_yoy": 0.5976245950576314,
      "rev_growth_yoy_accel": 0.43114139284742437
    },
    {
      "date": "2014-09-30T00:00:00",
      "quarter_label": "2014-09 (Q3)",
      "revenue": 1642593000,
      "gross_profit": 275000000,
      "operating_income": null,
      "net_income": 196398000,
      "opex": null,
      "cogs": null,
      "rd": null,
      "sga": null,
      "fcf": null,
      "ocf": null,
      "capex": null,
      "gross_margin": 0.16741822228634848,
      "op_margin": null,
      "fcf_margin": null,
      "rev_growth_yoy": 0.04971635298380557,
      "rev_growth_yoy_accel": -0.5479082420738258
    },
    {
      "date": "2014-12-31T00:00:00",
      "quarter_label": "2014-12 (Q4)",
      "revenue": 1663000000,
      "gross_profit": 251000000,
      "operating_income": null,
      "net_income": 277000000,
      "opex": null,
      "cogs": null,
      "rd": null,
      "sga": null,
      "fcf": null,
      "ocf": null,
      "capex": null,
      "gross_margin": 0.15093205051112446,
      "op_margin": null,
      "fcf_margin": null,
      "rev_growth_yoy": 0.01588271227855834,
      "rev_growth_yoy_accel": -0.033833640705247234
    },
    {
      "date": "2015-03-31T00:00:00",
      "quarter_label": "2015-03 (Q1)",
      "revenue": 1459290000,
      "gross_profit": 238000000,
      "operating_income": null,
      "net_income": 245917000,
      "opex": null,
      "cogs": null,
      "rd": null,
      "sga": null,
      "fcf": null,
      "ocf": null,
      "capex": null,
      "gross_margin": 0.16309301098479398,
      "op_margin": null,
      "fcf_margin": null,
      "rev_growth_yoy": -0.03564241933618596,
      "rev_growth_yoy_accel": -0.0515251316147443
    },
    {
      "date": "2015-06-30T00:00:00",
      "quarter_label": "2015-06 (Q2)",
      "revenue": 1192520000,
      "gross_profit": 180000000,
      "operating_income": null,
      "net_income": -88909000,
      "opex": null,
      "cogs": null,
      "rd": null,
      "sga": null,
      "fcf": null,
      "ocf": null,
      "capex": null,
      "gross_margin": 0.15094086472344279,
      "op_margin": null,
      "fcf_margin": null,
      "rev_growth_yoy": -0.2807556974652869,
      "rev_growth_yoy_accel": -0.24511327812910094
    },
    {
      "date": "2015-09-30T00:00:00",
      "quarter_label": "2015-09 (Q3)",
      "revenue": 1399223000,
      "gross_profit": 261000000,
      "operating_income": null,
      "net_income": -229137000,
      "opex": null,
      "cogs": null,
      "rd": null,
      "sga": null,
      "fcf": null,
      "ocf": null,
      "capex": null,
      "gross_margin": 0.1865320967422634,
      "op_margin": null,
      "fcf_margin": null,
      "rev_growth_yoy": -0.14816208275574047,
      "rev_growth_yoy_accel": 0.13259361470954642
    },
    {
      "date": "2015-12-31T00:00:00",
      "quarter_label": "2015-12 (Q4)",
      "revenue": 1379000000,
      "gross_profit": 216000000,
      "operating_income": null,
      "net_income": 177000000,
      "opex": null,
      "cogs": null,
      "rd": null,
      "sga": null,
      "fcf": null,
      "ocf": null,
      "capex": null,
      "gross_margin": 0.15663524292965916,
      "op_margin": null,
      "fcf_margin": null,
      "rev_growth_yoy": -0.17077570655441973,
      "rev_growth_yoy_accel": -0.02261362379867926
    },
    {
      "date": "2016-03-31T00:00:00",
      "quarter_label": "2016-03 (Q1)",
      "revenue": 1416736000,
      "gross_profit": 145000000,
      "operating_income": null,
      "net_income": 215626000,
      "opex": null,
      "cogs": null,
      "rd": null,
      "sga": null,
      "fcf": null,
      "ocf": null,
      "capex": null,
      "gross_margin": 0.10234793214826192,
      "op_margin": null,
      "fcf_margin": null,
      "rev_growth_yoy": -0.029160756258180348,
      "rev_growth_yoy_accel": 0.14161495029623938
    }
  ],
  "signals": [
    {
      "quarter": "2016-03 (Q1)",
      "signal": "YoY REVENUE GROWTH ACCELERATION",
      "detail": "YoY growth: -2.9% vs prior quarter YoY: -17.1% (accel: +14.2%)",
      "severity": "MEDIUM"
    },
    {
      "quarter": "2015-09 (Q3)",
      "signal": "GROSS MARGIN INFLECTION",
      "detail": "GM: +16.3% -> +15.1% -> +18.7% (reversal +3.6%)",
      "severity": "MEDIUM"
    },
    {
      "quarter": "2015-09 (Q3)",
      "signal": "YoY REVENUE GROWTH ACCELERATION",
      "detail": "YoY growth: -14.8% vs prior quarter YoY: -28.1% (accel: +13.3%)",
      "severity": "MEDIUM"
    },
    {
      "quarter": "2015-06 (Q2)",
      "signal": "YoY REVENUE GROWTH DECELERATION",
      "detail": "YoY growth: -28.1% vs prior quarter YoY: -3.6% (decel: -24.5%)",
      "severity": "WARNING"
    },
    {
      "quarter": "2015-03 (Q1)",
      "signal": "YoY REVENUE GROWTH DECELERATION",
      "detail": "YoY growth: -3.6% vs prior quarter YoY: +1.6% (decel: -5.2%)",
      "severity": "WARNING"
    },
    {
      "quarter": "2014-09 (Q3)",
      "signal": "GROSS MARGIN INFLECTION",
      "detail": "GM: +15.9% -> +10.0% -> +16.7% (reversal +6.7%)",
      "severity": "HIGH"
    },
    {
      "quarter": "2014-09 (Q3)",
      "signal": "YoY REVENUE GROWTH DECELERATION",
      "detail": "YoY growth: +5.0% vs prior quarter YoY: +59.8% (decel: -54.8%)",
      "severity": "WARNING"
    },
    {
      "quarter": "2014-06 (Q2)",
      "signal": "YoY REVENUE GROWTH ACCELERATION",
      "detail": "YoY growth: +59.8% vs prior quarter YoY: +16.6% (accel: +43.1%)",
      "severity": "HIGH"
    },
    {
      "quarter": "2014-03 (Q1)",
      "signal": "GROSS MARGIN INFLECTION",
      "detail": "GM: +24.7% -> +13.6% -> +15.9% (reversal +2.2%)",
      "severity": "MEDIUM"
    },
    {
      "quarter": "2014-03 (Q1)",
      "signal": "YoY REVENUE GROWTH DECELERATION",
      "detail": "YoY growth: +16.6% vs prior quarter YoY: +24.7% (decel: -8.1%)",
      "severity": "WARNING"
    },
    {
      "quarter": "2013-12 (Q4)",
      "signal": "YoY REVENUE GROWTH ACCELERATION",
      "detail": "YoY growth: +24.7% vs prior quarter YoY: -4.1% (accel: +28.9%)",
      "severity": "HIGH"
    },
    {
      "quarter": "2013-09 (Q3)",
      "signal": "GROSS MARGIN INFLECTION",
      "detail": "GM: +19.3% -> +9.6% -> +24.7% (reversal +15.1%)",
      "severity": "HIGH"
    },
    {
      "quarter": "2013-09 (Q3)",
      "signal": "YoY REVENUE GROWTH ACCELERATION",
      "detail": "YoY growth: -4.1% vs prior quarter YoY: -19.2% (accel: +15.1%)",
      "severity": "HIGH"
    },
    {
      "quarter": "2013-06 (Q2)",
      "signal": "YoY REVENUE GROWTH DECELERATION",
      "detail": "YoY growth: -19.2% vs prior quarter YoY: -2.6% (decel: -16.6%)",
      "severity": "WARNING"
    },
    {
      "quarter": "2013-03 (Q1)",
      "signal": "GROSS MARGIN INFLECTION",
      "detail": "GM: +16.5% -> +9.2% -> +19.3% (reversal +10.1%)",
      "severity": "HIGH"
    },
    {
      "quarter": "2012-12 (Q4)",
      "signal": "YoY REVENUE GROWTH DECELERATION",
      "detail": "YoY growth: -7.2% vs prior quarter YoY: +9.9% (decel: -17.1%)",
      "severity": "WARNING"
    },
    {
      "quarter": "2012-09 (Q3)",
      "signal": "GROSS MARGIN INFLECTION",
      "detail": "GM: +15.2% -> +11.8% -> +16.5% (reversal +4.6%)",
      "severity": "MEDIUM"
    },
    {
      "quarter": "2012-09 (Q3)",
      "signal": "YoY REVENUE GROWTH ACCELERATION",
      "detail": "YoY growth: +9.9% vs prior quarter YoY: -4.5% (accel: +14.4%)",
      "severity": "MEDIUM"
    },
    {
      "quarter": "2012-03 (Q1)",
      "signal": "GROSS MARGIN INFLECTION",
      "detail": "GM: +10.1% -> -8.9% -> +15.2% (reversal +24.1%)",
      "severity": "HIGH"
    }
  ],
  "data_quality": {
    "n_quarters": 20,
    "coverage": {
      "revenue": [
        20,
        20
      ],
      "gross_profit": [
        20,
        20
      ],
      "op_income": [
        0,
        20
      ],
      "fcf": [
        1,
        20
      ]
    },
    "gaps": [],
    "warnings": [
      "op_income: no data",
      "fcf: 1/20Q"
    ]
  },
  "market_cap": null,
  "source": "SEC EDGAR",
  "last_updated": "2026-02-03T01:17:27.539276"
}