{
  "ticker": "PRG",
  "name": "PROG HOLDINGS, INC.",
  "quarters": [
    {
      "date": "2020-12-31T00:00:00",
      "quarter_label": "2020-12 (Q4)",
      "revenue": 605652000,
      "gross_profit": null,
      "operating_income": 445604000,
      "net_income": 40818000,
      "opex": 96525000,
      "cogs": null,
      "rd": null,
      "sga": null,
      "fcf": -109360000,
      "ocf": -95882000,
      "capex": -13478000,
      "gross_margin": null,
      "op_margin": 0.7357426376863281,
      "fcf_margin": -0.18056573742016868
    },
    {
      "date": "2021-03-31T00:00:00",
      "quarter_label": "2021-03 (Q1)",
      "revenue": 721001000,
      "gross_profit": null,
      "operating_income": 106108000,
      "net_income": 79488000,
      "opex": 91196000,
      "cogs": null,
      "rd": null,
      "sga": null,
      "fcf": 165224000,
      "ocf": 167068000,
      "capex": -1844000,
      "gross_margin": null,
      "op_margin": 0.14716761835281783,
      "fcf_margin": 0.2291591828582762,
      "op_leverage_ratio": Infinity,
      "fcf_margin_change": 0.40972492027844487
    },
    {
      "date": "2021-06-30T00:00:00",
      "quarter_label": "2021-06 (Q2)",
      "revenue": 659971000,
      "gross_profit": null,
      "operating_income": 92310000,
      "net_income": 68837000,
      "opex": 96745000,
      "cogs": null,
      "rd": null,
      "sga": null,
      "fcf": 68836000,
      "ocf": 71773000,
      "capex": -2937000,
      "gross_margin": null,
      "op_margin": 0.13986978215709478,
      "fcf_margin": 0.1043015526439798,
      "fcf_margin_change": -0.12485763021429638
    },
    {
      "date": "2021-09-30T00:00:00",
      "quarter_label": "2021-09 (Q3)",
      "revenue": 650405000,
      "gross_profit": null,
      "operating_income": 78321000,
      "net_income": 57413000,
      "opex": 102053000,
      "cogs": null,
      "rd": null,
      "sga": null,
      "fcf": 54015000,
      "ocf": 56049000,
      "capex": -2034000,
      "gross_margin": null,
      "op_margin": 0.12041881596851192,
      "fcf_margin": 0.08304825454908865,
      "fcf_margin_change": -0.021253298094891154
    },
    {
      "date": "2021-12-31T00:00:00",
      "quarter_label": "2021-12 (Q4)",
      "revenue": 646543000,
      "gross_profit": null,
      "operating_income": 56788000,
      "net_income": 37819000,
      "opex": 107405000,
      "cogs": null,
      "rd": null,
      "sga": null,
      "fcf": -51669000,
      "ocf": -48929000,
      "capex": -2740000,
      "gross_margin": null,
      "op_margin": 0.0878332918305511,
      "fcf_margin": -0.07991579833050547,
      "incr_op_margin_yoy": -9.508596023574869,
      "rev_growth_yoy": 0.067515669064083,
      "fcf_margin_change": -0.16296405287959412
    },
    {
      "date": "2022-03-31T00:00:00",
      "quarter_label": "2022-03 (Q1)",
      "revenue": 710464000,
      "gross_profit": null,
      "operating_income": 49465000,
      "net_income": 27135000,
      "opex": 113658000,
      "cogs": null,
      "rd": null,
      "sga": null,
      "fcf": 95971000,
      "ocf": 98299000,
      "capex": -2328000,
      "gross_margin": null,
      "op_margin": 0.06962351364741916,
      "fcf_margin": 0.13508214350058553,
      "incr_op_margin_yoy": 5.375628736832115,
      "rev_growth_yoy": -0.014614404140909651,
      "rev_growth_yoy_accel": -0.08213007320499266,
      "op_leverage_ratio": 1.6981741173558267,
      "fcf_margin_change": 0.214997941831091
    },
    {
      "date": "2022-06-30T00:00:00",
      "quarter_label": "2022-06 (Q2)",
      "revenue": 649444000,
      "gross_profit": null,
      "operating_income": 36937000,
      "net_income": 19484000,
      "opex": 111606000,
      "cogs": null,
      "rd": null,
      "sga": null,
      "fcf": 54277000,
      "ocf": 57443000,
      "capex": -3166000,
      "gross_margin": null,
      "op_margin": 0.056874803678223215,
      "fcf_margin": 0.08357456532048953,
      "incr_op_margin_yoy": 5.2600930939488935,
      "rev_growth_yoy": -0.015950700864128878,
      "rev_growth_yoy_accel": -0.0013362967232192265,
      "fcf_margin_change": -0.051507578180096006
    },
    {
      "date": "2022-09-30T00:00:00",
      "quarter_label": "2022-09 (Q3)",
      "revenue": 625821000,
      "gross_profit": null,
      "operating_income": 36811000,
      "net_income": 16005000,
      "opex": 589010000,
      "cogs": null,
      "rd": null,
      "sga": null,
      "fcf": 125414000,
      "ocf": 127408000,
      "capex": -1994000,
      "gross_margin": null,
      "op_margin": 0.05882033360977021,
      "fcf_margin": 0.20039915566911307,
      "incr_op_margin_yoy": 1.688496583143508,
      "rev_growth_yoy": -0.03779798740784588,
      "rev_growth_yoy_accel": -0.021847286543717002,
      "fcf_margin_change": 0.11682459034862354
    },
    {
      "date": "2022-12-31T00:00:00",
      "quarter_label": "2022-12 (Q4)",
      "revenue": 612097000,
      "gross_profit": null,
      "operating_income": 62432000,
      "net_income": 36085000,
      "opex": 549665000,
      "cogs": null,
      "rd": null,
      "sga": null,
      "fcf": -42857000,
      "ocf": -40671000,
      "capex": -2186000,
      "gross_margin": null,
      "op_margin": 0.10199690571919157,
      "fcf_margin": -0.07001668036275296,
      "incr_op_margin_yoy": -0.16385066480868607,
      "rev_growth_yoy": -0.05327719888700365,
      "rev_growth_yoy_accel": -0.015479211479157769,
      "fcf_margin_change": -0.27041583603186603
    },
    {
      "date": "2023-03-31T00:00:00",
      "quarter_label": "2023-03 (Q1)",
      "revenue": 655140000,
      "gross_profit": null,
      "operating_income": 76078000,
      "net_income": 48033000,
      "opex": 579062000,
      "cogs": null,
      "rd": null,
      "sga": null,
      "fcf": 155741000,
      "ocf": 157419000,
      "capex": -1678000,
      "gross_margin": null,
      "op_margin": 0.116124797753152,
      "fcf_margin": 0.2377217083371493,
      "incr_op_margin_yoy": -0.481038970428747,
      "rev_growth_yoy": -0.0778702369155932,
      "rev_growth_yoy_accel": -0.024593038028589545,
      "op_leverage_ratio": 1.314853460799702,
      "fcf_margin_change": 0.3077383886999023
    },
    {
      "date": "2023-06-30T00:00:00",
      "quarter_label": "2023-06 (Q2)",
      "revenue": 592846000,
      "gross_profit": null,
      "operating_income": 59297000,
      "net_income": 37218000,
      "opex": 533549000,
      "cogs": null,
      "rd": null,
      "sga": null,
      "fcf": 45251000,
      "ocf": 47961000,
      "capex": -2710000,
      "gross_margin": null,
      "op_margin": 0.10002091605577165,
      "fcf_margin": 0.07632842255830351,
      "incr_op_margin_yoy": -0.39506696349694337,
      "rev_growth_yoy": -0.08714839154723117,
      "rev_growth_yoy_accel": -0.009278154631637975,
      "fcf_margin_change": -0.16139328577884582
    },
    {
      "date": "2023-09-30T00:00:00",
      "quarter_label": "2023-09 (Q3)",
      "revenue": 582877000,
      "gross_profit": null,
      "operating_income": 54884000,
      "net_income": 35012000,
      "opex": 527993000,
      "cogs": null,
      "rd": null,
      "sga": null,
      "fcf": 84597000,
      "ocf": 87161000,
      "capex": -2564000,
      "gross_margin": null,
      "op_margin": 0.09416051757060237,
      "fcf_margin": 0.14513696714744276,
      "incr_op_margin_yoy": -0.4208504098360656,
      "rev_growth_yoy": -0.06862026042590454,
      "rev_growth_yoy_accel": 0.018528131121326633,
      "fcf_margin_change": 0.06880854458913925
    },
    {
      "date": "2023-12-31T00:00:00",
      "quarter_label": "2023-12 (Q4)",
      "revenue": 577401000,
      "gross_profit": null,
      "operating_income": 35368000,
      "net_income": 18575000,
      "opex": 542033000,
      "cogs": null,
      "rd": null,
      "sga": null,
      "fcf": -90969000,
      "ocf": -88305000,
      "capex": -2664000,
      "gross_margin": null,
      "op_margin": 0.06125379069312315,
      "fcf_margin": -0.15754908633687853,
      "incr_op_margin_yoy": 0.7800322803781415,
      "rev_growth_yoy": -0.05668382625629598,
      "rev_growth_yoy_accel": 0.011936434169608559,
      "fcf_margin_change": -0.3026860534843213
    },
    {
      "date": "2024-03-31T00:00:00",
      "quarter_label": "2024-03 (Q1)",
      "revenue": 641870000,
      "gross_profit": null,
      "operating_income": 39817000,
      "net_income": 21966000,
      "opex": 602053000,
      "cogs": null,
      "rd": null,
      "sga": 90260000,
      "fcf": 133637000,
      "ocf": 135733000,
      "capex": -2096000,
      "gross_margin": null,
      "op_margin": 0.06203281038216461,
      "fcf_margin": 0.20819947964541105,
      "incr_op_margin_yoy": 2.7325546345139413,
      "rev_growth_yoy": -0.02025521262630888,
      "rev_growth_yoy_accel": 0.036428613629987096,
      "op_leverage_ratio": 1.0083310457814902,
      "fcf_margin_change": 0.36574856598228955
    },
    {
      "date": "2024-06-30T00:00:00",
      "quarter_label": "2024-06 (Q2)",
      "revenue": 592161000,
      "gross_profit": null,
      "operating_income": 55678000,
      "net_income": 33774000,
      "opex": 536483000,
      "cogs": null,
      "rd": null,
      "sga": 86483000,
      "fcf": 53491000,
      "ocf": 55394000,
      "capex": -1903000,
      "gross_margin": null,
      "op_margin": 0.09402510465903699,
      "fcf_margin": 0.09033185231719076,
      "rev_growth_yoy": -0.0011554434035145722,
      "rev_growth_yoy_accel": 0.01909976922279431,
      "fcf_margin_change": -0.11786762732822029
    },
    {
      "date": "2024-09-30T00:00:00",
      "quarter_label": "2024-09 (Q3)",
      "revenue": 606145000,
      "gross_profit": null,
      "operating_income": 49231000,
      "net_income": 83962000,
      "opex": 556914000,
      "cogs": null,
      "rd": null,
      "sga": 89704000,
      "fcf": 29848000,
      "ocf": 31886000,
      "capex": -2038000,
      "gross_margin": null,
      "op_margin": 0.08121984013726088,
      "fcf_margin": 0.04924234300373673,
      "incr_op_margin_yoy": -0.24295169331270414,
      "rev_growth_yoy": 0.039919228241979014,
      "rev_growth_yoy_accel": 0.04107467164549359,
      "op_leverage_ratio": 0.6200946080195794,
      "fcf_margin_change": -0.04108950931345404
    },
    {
      "date": "2024-12-31T00:00:00",
      "quarter_label": "2024-12 (Q4)",
      "revenue": 623320000,
      "gross_profit": null,
      "operating_income": 50171000,
      "net_income": 57547000,
      "opex": 573149000,
      "cogs": null,
      "rd": null,
      "sga": 97095000,
      "fcf": -86767000,
      "ocf": -84488000,
      "capex": -2279000,
      "gross_margin": null,
      "op_margin": 0.0804899570044279,
      "fcf_margin": -0.1392013732914073,
      "incr_op_margin_yoy": 0.3223720028746271,
      "rev_growth_yoy": 0.07952705312252663,
      "rev_growth_yoy_accel": 0.039607824880547614,
      "op_leverage_ratio": 0.9719771632671724,
      "fcf_margin_change": -0.18844371629514403
    },
    {
      "date": "2025-03-31T00:00:00",
      "quarter_label": "2025-03 (Q1)",
      "revenue": 684088000,
      "gross_profit": null,
      "operating_income": 56321000,
      "net_income": 34718000,
      "opex": 627767000,
      "cogs": null,
      "rd": null,
      "sga": 98816000,
      "fcf": 207967000,
      "ocf": 209929000,
      "capex": -1962000,
      "gross_margin": null,
      "op_margin": 0.08233005110453626,
      "fcf_margin": 0.3040062097274035,
      "incr_op_margin_yoy": 0.39092330285660143,
      "rev_growth_yoy": 0.06577344322058984,
      "rev_growth_yoy_accel": -0.013753609901936789,
      "op_leverage_ratio": 1.0230470960627436,
      "fcf_margin_change": 0.4432075830188108
    },
    {
      "date": "2025-06-30T00:00:00",
      "quarter_label": "2025-06 (Q2)",
      "revenue": 604663000,
      "gross_profit": null,
      "operating_income": 60724000,
      "net_income": 38483000,
      "opex": 543939000,
      "cogs": null,
      "rd": null,
      "sga": 92795000,
      "fcf": 67957000,
      "ocf": 69891000,
      "capex": -1934000,
      "gross_margin": null,
      "op_margin": 0.10042618781040018,
      "fcf_margin": 0.11238822286132936,
      "incr_op_margin_yoy": 0.4036154215325548,
      "rev_growth_yoy": 0.021112501498747806,
      "rev_growth_yoy_accel": -0.04466094172184203,
      "fcf_margin_change": -0.19161798686607412
    },
    {
      "date": "2025-09-30T00:00:00",
      "quarter_label": "2025-09 (Q3)",
      "revenue": 595108000,
      "gross_profit": null,
      "operating_income": 53529000,
      "net_income": 33121000,
      "opex": 541579000,
      "cogs": null,
      "rd": null,
      "sga": 95256000,
      "fcf": 106492000,
      "ocf": 110045000,
      "capex": -3553000,
      "gross_margin": null,
      "op_margin": 0.08994837911773998,
      "fcf_margin": 0.17894567036571513,
      "incr_op_margin_yoy": -0.3894174141523965,
      "rev_growth_yoy": -0.018208514464360837,
      "rev_growth_yoy_accel": -0.03932101596310864,
      "fcf_margin_change": 0.06655744750438576
    }
  ],
  "signals": [
    {
      "quarter": "2025-09 (Q3)",
      "signal": "FCF MARGIN EXPANSION",
      "detail": "FCF margin: +11.2% -> +17.9% (+6.7%)",
      "severity": "MEDIUM"
    },
    {
      "quarter": "2025-06 (Q2)",
      "signal": "INCREMENTAL MARGIN (YoY)",
      "detail": "YoY Incr OPM: +40.4% vs year-ago OPM: +9.4%",
      "severity": "HIGH"
    },
    {
      "quarter": "2025-03 (Q1)",
      "signal": "FCF TURNED POSITIVE",
      "detail": "FCF margin: -13.9% -> +30.4%",
      "severity": "HIGH"
    },
    {
      "quarter": "2025-03 (Q1)",
      "signal": "INCREMENTAL MARGIN (YoY)",
      "detail": "YoY Incr OPM: +39.1% vs year-ago OPM: +6.2%",
      "severity": "HIGH"
    },
    {
      "quarter": "2024-12 (Q4)",
      "signal": "INCREMENTAL MARGIN (YoY)",
      "detail": "YoY Incr OPM: +32.2% vs year-ago OPM: +6.1%",
      "severity": "HIGH"
    },
    {
      "quarter": "2024-03 (Q1)",
      "signal": "FCF TURNED POSITIVE",
      "detail": "FCF margin: -15.8% -> +20.8%",
      "severity": "HIGH"
    },
    {
      "quarter": "2024-03 (Q1)",
      "signal": "INCREMENTAL MARGIN (YoY)",
      "detail": "YoY Incr OPM: +273.3% vs year-ago OPM: +11.6%",
      "severity": "HIGH"
    },
    {
      "quarter": "2023-12 (Q4)",
      "signal": "INCREMENTAL MARGIN (YoY)",
      "detail": "YoY Incr OPM: +78.0% vs year-ago OPM: +10.2%",
      "severity": "HIGH"
    },
    {
      "quarter": "2023-09 (Q3)",
      "signal": "FCF MARGIN EXPANSION",
      "detail": "FCF margin: +7.6% -> +14.5% (+6.9%)",
      "severity": "MEDIUM"
    },
    {
      "quarter": "2023-03 (Q1)",
      "signal": "FCF TURNED POSITIVE",
      "detail": "FCF margin: -7.0% -> +23.8%",
      "severity": "HIGH"
    },
    {
      "quarter": "2022-09 (Q3)",
      "signal": "FCF MARGIN EXPANSION",
      "detail": "FCF margin: +8.4% -> +20.0% (+11.7%)",
      "severity": "MEDIUM"
    },
    {
      "quarter": "2022-09 (Q3)",
      "signal": "INCREMENTAL MARGIN (YoY)",
      "detail": "YoY Incr OPM: +168.8% vs year-ago OPM: +12.0%",
      "severity": "HIGH"
    },
    {
      "quarter": "2022-06 (Q2)",
      "signal": "INCREMENTAL MARGIN (YoY)",
      "detail": "YoY Incr OPM: +526.0% vs year-ago OPM: +14.0%",
      "severity": "HIGH"
    },
    {
      "quarter": "2022-03 (Q1)",
      "signal": "FCF TURNED POSITIVE",
      "detail": "FCF margin: -8.0% -> +13.5%",
      "severity": "HIGH"
    },
    {
      "quarter": "2022-03 (Q1)",
      "signal": "OPERATING LEVERAGE",
      "detail": "Rev growth +9.9% vs OpEx growth +5.8% (leverage: 1.7x)",
      "severity": "MEDIUM"
    },
    {
      "quarter": "2022-03 (Q1)",
      "signal": "YoY REVENUE GROWTH DECELERATION",
      "detail": "YoY growth: -1.5% vs prior quarter YoY: +6.8% (decel: -8.2%)",
      "severity": "WARNING"
    },
    {
      "quarter": "2022-03 (Q1)",
      "signal": "INCREMENTAL MARGIN (YoY)",
      "detail": "YoY Incr OPM: +537.6% vs year-ago OPM: +14.7%",
      "severity": "HIGH"
    },
    {
      "quarter": "2021-03 (Q1)",
      "signal": "FCF TURNED POSITIVE",
      "detail": "FCF margin: -18.1% -> +22.9%",
      "severity": "HIGH"
    }
  ],
  "data_quality": {
    "n_quarters": 20,
    "coverage": {
      "revenue": [
        20,
        20
      ],
      "gross_profit": [
        0,
        20
      ],
      "op_income": [
        20,
        20
      ],
      "fcf": [
        20,
        20
      ]
    },
    "gaps": [],
    "warnings": [
      "gross_profit: no data"
    ]
  },
  "market_cap": null,
  "source": "SEC EDGAR",
  "last_updated": "2026-02-02T21:53:44.689203"
}