{
  "ticker": "PRHI",
  "name": "Presurance Holdings, Inc.",
  "quarters": [
    {
      "date": "2020-12-31T00:00:00",
      "quarter_label": "2020-12 (Q4)",
      "revenue": 29997000,
      "gross_profit": null,
      "operating_income": -2709000,
      "net_income": null,
      "opex": 4027000,
      "cogs": null,
      "rd": null,
      "sga": null,
      "fcf": 5961000,
      "ocf": 5977000,
      "capex": -16000,
      "gross_margin": null,
      "op_margin": -0.09030903090309031,
      "fcf_margin": 0.19871987198719873
    },
    {
      "date": "2021-03-31T00:00:00",
      "quarter_label": "2021-03 (Q1)",
      "revenue": 26307000,
      "gross_profit": null,
      "operating_income": -7070000,
      "net_income": null,
      "opex": 4349000,
      "cogs": null,
      "rd": null,
      "sga": null,
      "fcf": -3513000,
      "ocf": -3493000,
      "capex": -20000,
      "gross_margin": null,
      "op_margin": -0.2687497624206485,
      "fcf_margin": -0.13353860189303227,
      "fcf_margin_change": -0.332258473880231
    },
    {
      "date": "2021-06-30T00:00:00",
      "quarter_label": "2021-06 (Q2)",
      "revenue": 35452000,
      "gross_profit": null,
      "operating_income": -3660000,
      "net_income": null,
      "opex": 4342000,
      "cogs": null,
      "rd": null,
      "sga": null,
      "fcf": -967000,
      "ocf": -967000,
      "capex": null,
      "gross_margin": null,
      "op_margin": -0.10323818120275302,
      "fcf_margin": -0.027276317274060703,
      "op_leverage_ratio": Infinity,
      "fcf_margin_change": 0.10626228461897157
    },
    {
      "date": "2021-09-30T00:00:00",
      "quarter_label": "2021-09 (Q3)",
      "revenue": 26715000,
      "gross_profit": null,
      "operating_income": -1716000,
      "net_income": null,
      "opex": 4077000,
      "cogs": null,
      "rd": null,
      "sga": null,
      "fcf": 2472000,
      "ocf": 2472000,
      "capex": null,
      "gross_margin": null,
      "op_margin": -0.06423357664233577,
      "fcf_margin": 0.09253228523301515,
      "fcf_margin_change": 0.11980860250707585
    },
    {
      "date": "2021-12-31T00:00:00",
      "quarter_label": "2021-12 (Q4)",
      "revenue": 27489000,
      "gross_profit": null,
      "operating_income": -902000,
      "net_income": null,
      "opex": 3741000,
      "cogs": null,
      "rd": null,
      "sga": null,
      "fcf": 7343000,
      "ocf": 7343000,
      "capex": null,
      "gross_margin": null,
      "op_margin": -0.03281312525010004,
      "fcf_margin": 0.2671250318309142,
      "incr_op_margin_yoy": -0.720494417862839,
      "rev_growth_yoy": -0.08360836083608361,
      "op_leverage_ratio": Infinity,
      "fcf_margin_change": 0.17459274659789903
    },
    {
      "date": "2022-03-31T00:00:00",
      "quarter_label": "2022-03 (Q1)",
      "revenue": 25366000,
      "gross_profit": null,
      "operating_income": -2989000,
      "net_income": null,
      "opex": 4160000,
      "cogs": null,
      "rd": null,
      "sga": null,
      "fcf": -8527000,
      "ocf": -8527000,
      "capex": null,
      "gross_margin": null,
      "op_margin": -0.11783489710636284,
      "fcf_margin": -0.33615863754632186,
      "rev_growth_yoy": -0.035769947162352225,
      "rev_growth_yoy_accel": 0.047838413673731386,
      "fcf_margin_change": -0.6032836693772361
    },
    {
      "date": "2022-06-30T00:00:00",
      "quarter_label": "2022-06 (Q2)",
      "revenue": 24683000,
      "gross_profit": null,
      "operating_income": -7207000,
      "net_income": null,
      "opex": 4470000,
      "cogs": null,
      "rd": null,
      "sga": null,
      "fcf": -6947000,
      "ocf": -6947000,
      "capex": null,
      "gross_margin": null,
      "op_margin": -0.291982336020743,
      "fcf_margin": -0.28144877040878336,
      "incr_op_margin_yoy": 0.3293713436716501,
      "rev_growth_yoy": -0.303762834254767,
      "rev_growth_yoy_accel": -0.2679928870924148,
      "fcf_margin_change": 0.054709867137538504
    },
    {
      "date": "2022-09-30T00:00:00",
      "quarter_label": "2022-09 (Q3)",
      "revenue": 26336000,
      "gross_profit": null,
      "operating_income": -1720000,
      "net_income": null,
      "opex": 4380000,
      "cogs": null,
      "rd": null,
      "sga": null,
      "fcf": 1383000,
      "ocf": 1383000,
      "capex": null,
      "gross_margin": null,
      "op_margin": -0.06530984204131227,
      "fcf_margin": 0.0525136695018226,
      "rev_growth_yoy": -0.014186786449560172,
      "rev_growth_yoy_accel": 0.28957604780520685,
      "op_leverage_ratio": Infinity,
      "fcf_margin_change": 0.333962439910606
    },
    {
      "date": "2022-12-31T00:00:00",
      "quarter_label": "2022-12 (Q4)",
      "revenue": 28504000,
      "gross_profit": null,
      "operating_income": -16413000,
      "net_income": null,
      "opex": 5779000,
      "cogs": null,
      "rd": null,
      "sga": null,
      "fcf": -26383000,
      "ocf": -26383000,
      "capex": null,
      "gross_margin": null,
      "op_margin": -0.5758139208532136,
      "fcf_margin": -0.9255893909626719,
      "incr_op_margin_yoy": -15.281773399014778,
      "rev_growth_yoy": 0.03692386045327222,
      "rev_growth_yoy_accel": 0.051110646902832395,
      "op_leverage_ratio": 0.2577305261439129,
      "fcf_margin_change": -0.9781030604644945
    },
    {
      "date": "2023-03-31T00:00:00",
      "quarter_label": "2023-03 (Q1)",
      "revenue": 24579000,
      "gross_profit": null,
      "operating_income": -135000,
      "net_income": 1001000,
      "opex": 4279000,
      "cogs": null,
      "rd": null,
      "sga": null,
      "fcf": -6018000,
      "ocf": -6018000,
      "capex": null,
      "gross_margin": null,
      "op_margin": -0.005492493592090809,
      "fcf_margin": -0.24484315879409252,
      "rev_growth_yoy": -0.03102578254356225,
      "rev_growth_yoy_accel": -0.06794964299683447,
      "fcf_margin_change": 0.6807462321685793
    },
    {
      "date": "2023-06-30T00:00:00",
      "quarter_label": "2023-06 (Q2)",
      "revenue": 24923000,
      "gross_profit": null,
      "operating_income": -5265000,
      "net_income": -4739000,
      "opex": 5114000,
      "cogs": null,
      "rd": null,
      "sga": null,
      "fcf": 4571000,
      "ocf": 4571000,
      "capex": null,
      "gross_margin": null,
      "op_margin": -0.2112506520081852,
      "fcf_margin": 0.18340488705212052,
      "rev_growth_yoy": 0.0097232913341166,
      "rev_growth_yoy_accel": 0.04074907387767885,
      "op_leverage_ratio": 0.07172161231059179,
      "fcf_margin_change": 0.428248045846213
    },
    {
      "date": "2023-09-30T00:00:00",
      "quarter_label": "2023-09 (Q3)",
      "revenue": 28116000,
      "gross_profit": null,
      "operating_income": -5621000,
      "net_income": -2706000,
      "opex": 4403000,
      "cogs": null,
      "rd": null,
      "sga": null,
      "fcf": 718000,
      "ocf": 718000,
      "capex": null,
      "gross_margin": null,
      "op_margin": -0.19992175273865415,
      "fcf_margin": 0.025537060748328354,
      "incr_op_margin_yoy": -2.1915730337078654,
      "rev_growth_yoy": 0.06758809234507898,
      "rev_growth_yoy_accel": 0.057864801010962384,
      "op_leverage_ratio": Infinity,
      "fcf_margin_change": -0.15786782630379217
    },
    {
      "date": "2023-12-31T00:00:00",
      "quarter_label": "2023-12 (Q4)",
      "revenue": 21140000,
      "gross_profit": null,
      "operating_income": -19866000,
      "net_income": -19479000,
      "opex": 4095000,
      "cogs": null,
      "rd": null,
      "sga": null,
      "fcf": -12663000,
      "ocf": -12663000,
      "capex": null,
      "gross_margin": null,
      "op_margin": -0.9397350993377483,
      "fcf_margin": -0.5990066225165563,
      "incr_op_margin_yoy": 0.4689027702335687,
      "rev_growth_yoy": -0.2583497053045187,
      "rev_growth_yoy_accel": -0.3259377976495976,
      "fcf_margin_change": -0.6245436832648847
    },
    {
      "date": "2024-03-31T00:00:00",
      "quarter_label": "2024-03 (Q1)",
      "revenue": 23078000,
      "gross_profit": null,
      "operating_income": -545000,
      "net_income": 74000,
      "opex": 4495000,
      "cogs": null,
      "rd": null,
      "sga": null,
      "fcf": 8175000,
      "ocf": 8175000,
      "capex": null,
      "gross_margin": null,
      "op_margin": -0.023615564606985006,
      "fcf_margin": 0.3542334691047751,
      "incr_op_margin_yoy": 0.2731512325116589,
      "rev_growth_yoy": -0.06106839171650596,
      "rev_growth_yoy_accel": 0.1972813135880127,
      "op_leverage_ratio": 0.9385182119205298,
      "fcf_margin_change": 0.9532400916213315
    },
    {
      "date": "2024-06-30T00:00:00",
      "quarter_label": "2024-06 (Q2)",
      "revenue": 26848000,
      "gross_profit": null,
      "operating_income": -4360000,
      "net_income": -3950000,
      "opex": 4256000,
      "cogs": null,
      "rd": null,
      "sga": null,
      "fcf": -10127000,
      "ocf": -10127000,
      "capex": null,
      "gross_margin": null,
      "op_margin": -0.16239570917759238,
      "fcf_margin": -0.37719755661501786,
      "incr_op_margin_yoy": 0.4701298701298701,
      "rev_growth_yoy": 0.0772378927095454,
      "rev_growth_yoy_accel": 0.13830628442605136,
      "op_leverage_ratio": Infinity,
      "fcf_margin_change": -0.7314310257197929
    },
    {
      "date": "2024-09-30T00:00:00",
      "quarter_label": "2024-09 (Q3)",
      "revenue": 16017000,
      "gross_profit": null,
      "operating_income": -7333000,
      "net_income": 52788000,
      "opex": 3594000,
      "cogs": null,
      "rd": null,
      "sga": null,
      "fcf": null,
      "ocf": null,
      "capex": null,
      "gross_margin": null,
      "op_margin": -0.45782605981145036,
      "fcf_margin": null,
      "incr_op_margin_yoy": 0.1414992974626002,
      "rev_growth_yoy": -0.43032437046521554,
      "rev_growth_yoy_accel": -0.5075622631747609
    },
    {
      "date": "2024-12-31T00:00:00",
      "quarter_label": "2024-12 (Q4)",
      "revenue": 14726000,
      "gross_profit": null,
      "operating_income": -26300000,
      "net_income": null,
      "opex": 3165000,
      "cogs": null,
      "rd": null,
      "sga": null,
      "fcf": null,
      "ocf": null,
      "capex": null,
      "gross_margin": null,
      "op_margin": -1.7859568110824393,
      "fcf_margin": null,
      "incr_op_margin_yoy": 1.0031181789834736,
      "rev_growth_yoy": -0.3034058656575213,
      "rev_growth_yoy_accel": 0.12691850480769423
    },
    {
      "date": "2025-03-31T00:00:00",
      "quarter_label": "2025-03 (Q1)",
      "revenue": 15875000,
      "gross_profit": null,
      "operating_income": -4432000,
      "net_income": null,
      "opex": 2861000,
      "cogs": null,
      "rd": null,
      "sga": null,
      "fcf": null,
      "ocf": null,
      "capex": null,
      "gross_margin": null,
      "op_margin": -0.2791811023622047,
      "fcf_margin": null,
      "incr_op_margin_yoy": 0.5396362626683326,
      "rev_growth_yoy": -0.3121154346130514,
      "rev_growth_yoy_accel": -0.0087095689555301,
      "op_leverage_ratio": Infinity
    },
    {
      "date": "2025-06-30T00:00:00",
      "quarter_label": "2025-06 (Q2)",
      "revenue": 16134000,
      "gross_profit": null,
      "operating_income": -3645000,
      "net_income": null,
      "opex": 4368000,
      "cogs": null,
      "rd": null,
      "sga": null,
      "fcf": null,
      "ocf": null,
      "capex": null,
      "gross_margin": null,
      "op_margin": -0.22592041651171438,
      "fcf_margin": null,
      "incr_op_margin_yoy": -0.06673511293634497,
      "rev_growth_yoy": -0.39906138259833135,
      "rev_growth_yoy_accel": -0.08694594798527994,
      "op_leverage_ratio": 0.030973525124223442
    },
    {
      "date": "2025-09-30T00:00:00",
      "quarter_label": "2025-09 (Q3)",
      "revenue": 6679000,
      "gross_profit": null,
      "operating_income": -2914000,
      "net_income": null,
      "opex": 1491000,
      "cogs": null,
      "rd": null,
      "sga": null,
      "fcf": null,
      "ocf": null,
      "capex": null,
      "gross_margin": null,
      "op_margin": -0.43629285821230723,
      "fcf_margin": null,
      "incr_op_margin_yoy": -0.4732276718783465,
      "rev_growth_yoy": -0.5830055565961166,
      "rev_growth_yoy_accel": -0.1839441739977853
    }
  ],
  "signals": [
    {
      "quarter": "2025-09 (Q3)",
      "signal": "YoY REVENUE GROWTH DECELERATION",
      "detail": "YoY growth: -58.3% vs prior quarter YoY: -39.9% (decel: -18.4%)",
      "severity": "WARNING"
    },
    {
      "quarter": "2025-06 (Q2)",
      "signal": "YoY REVENUE GROWTH DECELERATION",
      "detail": "YoY growth: -39.9% vs prior quarter YoY: -31.2% (decel: -8.7%)",
      "severity": "WARNING"
    },
    {
      "quarter": "2024-12 (Q4)",
      "signal": "YoY REVENUE GROWTH ACCELERATION",
      "detail": "YoY growth: -30.3% vs prior quarter YoY: -43.0% (accel: +12.7%)",
      "severity": "MEDIUM"
    },
    {
      "quarter": "2024-09 (Q3)",
      "signal": "YoY REVENUE GROWTH DECELERATION",
      "detail": "YoY growth: -43.0% vs prior quarter YoY: +7.7% (decel: -50.8%)",
      "severity": "WARNING"
    },
    {
      "quarter": "2024-06 (Q2)",
      "signal": "YoY REVENUE GROWTH ACCELERATION",
      "detail": "YoY growth: +7.7% vs prior quarter YoY: -6.1% (accel: +13.8%)",
      "severity": "MEDIUM"
    },
    {
      "quarter": "2024-03 (Q1)",
      "signal": "FCF TURNED POSITIVE",
      "detail": "FCF margin: -59.9% -> +35.4%",
      "severity": "HIGH"
    },
    {
      "quarter": "2024-03 (Q1)",
      "signal": "YoY REVENUE GROWTH ACCELERATION",
      "detail": "YoY growth: -6.1% vs prior quarter YoY: -25.8% (accel: +19.7%)",
      "severity": "HIGH"
    },
    {
      "quarter": "2023-12 (Q4)",
      "signal": "YoY REVENUE GROWTH DECELERATION",
      "detail": "YoY growth: -25.8% vs prior quarter YoY: +6.8% (decel: -32.6%)",
      "severity": "WARNING"
    },
    {
      "quarter": "2023-09 (Q3)",
      "signal": "YoY REVENUE GROWTH ACCELERATION",
      "detail": "YoY growth: +6.8% vs prior quarter YoY: +1.0% (accel: +5.8%)",
      "severity": "MEDIUM"
    },
    {
      "quarter": "2023-06 (Q2)",
      "signal": "FCF TURNED POSITIVE",
      "detail": "FCF margin: -24.5% -> +18.3%",
      "severity": "HIGH"
    },
    {
      "quarter": "2023-03 (Q1)",
      "signal": "FCF MARGIN EXPANSION",
      "detail": "FCF margin: -92.6% -> -24.5% (+68.1%)",
      "severity": "MEDIUM"
    },
    {
      "quarter": "2023-03 (Q1)",
      "signal": "YoY REVENUE GROWTH DECELERATION",
      "detail": "YoY growth: -3.1% vs prior quarter YoY: +3.7% (decel: -6.8%)",
      "severity": "WARNING"
    },
    {
      "quarter": "2022-12 (Q4)",
      "signal": "YoY REVENUE GROWTH ACCELERATION",
      "detail": "YoY growth: +3.7% vs prior quarter YoY: -1.4% (accel: +5.1%)",
      "severity": "MEDIUM"
    },
    {
      "quarter": "2022-09 (Q3)",
      "signal": "FCF TURNED POSITIVE",
      "detail": "FCF margin: -28.1% -> +5.3%",
      "severity": "HIGH"
    },
    {
      "quarter": "2022-09 (Q3)",
      "signal": "YoY REVENUE GROWTH ACCELERATION",
      "detail": "YoY growth: -1.4% vs prior quarter YoY: -30.4% (accel: +29.0%)",
      "severity": "HIGH"
    },
    {
      "quarter": "2022-06 (Q2)",
      "signal": "FCF MARGIN EXPANSION",
      "detail": "FCF margin: -33.6% -> -28.1% (+5.5%)",
      "severity": "MEDIUM"
    },
    {
      "quarter": "2022-06 (Q2)",
      "signal": "YoY REVENUE GROWTH DECELERATION",
      "detail": "YoY growth: -30.4% vs prior quarter YoY: -3.6% (decel: -26.8%)",
      "severity": "WARNING"
    },
    {
      "quarter": "2021-12 (Q4)",
      "signal": "FCF MARGIN EXPANSION",
      "detail": "FCF margin: +9.3% -> +26.7% (+17.5%)",
      "severity": "MEDIUM"
    },
    {
      "quarter": "2021-09 (Q3)",
      "signal": "FCF TURNED POSITIVE",
      "detail": "FCF margin: -2.7% -> +9.3%",
      "severity": "HIGH"
    },
    {
      "quarter": "2021-06 (Q2)",
      "signal": "FCF MARGIN EXPANSION",
      "detail": "FCF margin: -13.4% -> -2.7% (+10.6%)",
      "severity": "MEDIUM"
    }
  ],
  "data_quality": {
    "n_quarters": 20,
    "coverage": {
      "revenue": [
        20,
        20
      ],
      "gross_profit": [
        0,
        20
      ],
      "op_income": [
        20,
        20
      ],
      "fcf": [
        15,
        20
      ]
    },
    "gaps": [],
    "warnings": [
      "gross_profit: no data",
      "fcf: 15/20Q"
    ]
  },
  "market_cap": null,
  "source": "SEC EDGAR",
  "last_updated": "2026-02-03T00:13:18.156640"
}