{
  "ticker": "PRI",
  "name": "Primerica, Inc.",
  "quarters": [
    {
      "date": "2020-12-31T00:00:00",
      "quarter_label": "2020-12 (Q4)",
      "revenue": 598328000,
      "gross_profit": null,
      "operating_income": null,
      "net_income": 100084000,
      "opex": null,
      "cogs": null,
      "rd": null,
      "sga": null,
      "fcf": 239464000,
      "ocf": 239464000,
      "capex": null,
      "gross_margin": null,
      "op_margin": null,
      "fcf_margin": 0.400221951839125
    },
    {
      "date": "2021-03-31T00:00:00",
      "quarter_label": "2021-03 (Q1)",
      "revenue": 637711000,
      "gross_profit": null,
      "operating_income": null,
      "net_income": 97872000,
      "opex": null,
      "cogs": null,
      "rd": null,
      "sga": null,
      "fcf": 119458000,
      "ocf": 119458000,
      "capex": null,
      "gross_margin": null,
      "op_margin": null,
      "fcf_margin": 0.18732309776685677,
      "fcf_margin_change": -0.21289885407226825
    },
    {
      "date": "2021-06-30T00:00:00",
      "quarter_label": "2021-06 (Q2)",
      "revenue": 654686000,
      "gross_profit": null,
      "operating_income": null,
      "net_income": 128162000,
      "opex": null,
      "cogs": null,
      "rd": null,
      "sga": null,
      "fcf": 155335000,
      "ocf": 155335000,
      "capex": null,
      "gross_margin": null,
      "op_margin": null,
      "fcf_margin": 0.2372664147392796,
      "fcf_margin_change": 0.049943316972422824
    },
    {
      "date": "2021-09-30T00:00:00",
      "quarter_label": "2021-09 (Q3)",
      "revenue": 693239000,
      "gross_profit": 669715000,
      "operating_income": null,
      "net_income": 112456000,
      "opex": null,
      "cogs": 23524000,
      "rd": null,
      "sga": null,
      "fcf": 160328000,
      "ocf": 160328000,
      "capex": null,
      "gross_margin": 0.9660665369374776,
      "op_margin": null,
      "fcf_margin": 0.23127377426832593,
      "fcf_margin_change": -0.0059926404709536585
    },
    {
      "date": "2021-12-31T00:00:00",
      "quarter_label": "2021-12 (Q4)",
      "revenue": 724094000,
      "gross_profit": 694830000,
      "operating_income": null,
      "net_income": 34868000,
      "opex": null,
      "cogs": 29264000,
      "rd": null,
      "sga": null,
      "fcf": 221835000,
      "ocf": 221835000,
      "capex": null,
      "gross_margin": 0.9595853577021768,
      "op_margin": null,
      "fcf_margin": 0.30636215739945366,
      "rev_growth_yoy": 0.210195745477397,
      "fcf_margin_change": 0.07508838313112773
    },
    {
      "date": "2022-03-31T00:00:00",
      "quarter_label": "2022-03 (Q1)",
      "revenue": 691226000,
      "gross_profit": 670577000,
      "operating_income": null,
      "net_income": 81419000,
      "opex": null,
      "cogs": 20649000,
      "rd": null,
      "sga": null,
      "fcf": 214299000,
      "ocf": 214299000,
      "capex": null,
      "gross_margin": 0.970126991750889,
      "op_margin": null,
      "fcf_margin": 0.31002740058967687,
      "rev_growth_yoy": 0.08391732305072361,
      "rev_growth_yoy_accel": -0.1262784224266734,
      "fcf_margin_change": 0.0036652431902232108
    },
    {
      "date": "2022-06-30T00:00:00",
      "quarter_label": "2022-06 (Q2)",
      "revenue": 668682000,
      "gross_profit": 649298000,
      "operating_income": null,
      "net_income": 107947000,
      "opex": null,
      "cogs": 19384000,
      "rd": null,
      "sga": null,
      "fcf": 170183000,
      "ocf": 170183000,
      "capex": null,
      "gross_margin": 0.9710116318369569,
      "op_margin": null,
      "fcf_margin": 0.25450513098902017,
      "rev_growth_yoy": 0.021378187405870906,
      "rev_growth_yoy_accel": -0.0625391356448527,
      "fcf_margin_change": -0.055522269600656704
    },
    {
      "date": "2022-09-30T00:00:00",
      "quarter_label": "2022-09 (Q3)",
      "revenue": 673289000,
      "gross_profit": 659843000,
      "operating_income": null,
      "net_income": 51807000,
      "opex": null,
      "cogs": 13446000,
      "rd": null,
      "sga": null,
      "fcf": 166796000,
      "ocf": 166796000,
      "capex": null,
      "gross_margin": 0.9800293781719291,
      "op_margin": null,
      "fcf_margin": 0.2477331428257405,
      "rev_growth_yoy": -0.028777953923538636,
      "rev_growth_yoy_accel": -0.05015614132940954,
      "fcf_margin_change": -0.006771988163279674
    },
    {
      "date": "2022-12-31T00:00:00",
      "quarter_label": "2022-12 (Q4)",
      "revenue": 686939000,
      "gross_profit": 671987000,
      "operating_income": null,
      "net_income": 131840000,
      "opex": null,
      "cogs": 14952000,
      "rd": null,
      "sga": null,
      "fcf": 206387000,
      "ocf": 206387000,
      "capex": null,
      "gross_margin": 0.9782338752058043,
      "op_margin": null,
      "fcf_margin": 0.30044443538654814,
      "rev_growth_yoy": -0.05131239866647148,
      "rev_growth_yoy_accel": -0.02253444474293284,
      "fcf_margin_change": 0.05271129256080764
    },
    {
      "date": "2023-03-31T00:00:00",
      "quarter_label": "2023-03 (Q1)",
      "revenue": 690036000,
      "gross_profit": 675052000,
      "operating_income": null,
      "net_income": 125106000,
      "opex": null,
      "cogs": 14984000,
      "rd": null,
      "sga": null,
      "fcf": 175946000,
      "ocf": 175946000,
      "capex": null,
      "gross_margin": 0.9782851909175753,
      "op_margin": null,
      "fcf_margin": 0.25498089954727,
      "rev_growth_yoy": -0.0017215787600582155,
      "rev_growth_yoy_accel": 0.049590819906413265,
      "fcf_margin_change": -0.045463535839278146
    },
    {
      "date": "2023-06-30T00:00:00",
      "quarter_label": "2023-06 (Q2)",
      "revenue": 688385000,
      "gross_profit": 675783000,
      "operating_income": null,
      "net_income": 144504000,
      "opex": null,
      "cogs": 12602000,
      "rd": null,
      "sga": null,
      "fcf": 135746000,
      "ocf": 135746000,
      "capex": null,
      "gross_margin": 0.9816933837895945,
      "op_margin": null,
      "fcf_margin": 0.19719488367701213,
      "rev_growth_yoy": 0.029465426017150156,
      "rev_growth_yoy_accel": 0.03118700477720837,
      "fcf_margin_change": -0.05778601587025786
    },
    {
      "date": "2023-09-30T00:00:00",
      "quarter_label": "2023-09 (Q3)",
      "revenue": 710932000,
      "gross_profit": 698364000,
      "operating_income": null,
      "net_income": 152063000,
      "opex": null,
      "cogs": 12568000,
      "rd": null,
      "sga": null,
      "fcf": 139767000,
      "ocf": 139767000,
      "capex": null,
      "gross_margin": 0.9823217973026956,
      "op_margin": null,
      "fcf_margin": 0.1965968615845116,
      "rev_growth_yoy": 0.05590912669002464,
      "rev_growth_yoy_accel": 0.026443700672874482,
      "fcf_margin_change": -0.0005980220925005386
    },
    {
      "date": "2023-12-31T00:00:00",
      "quarter_label": "2023-12 (Q4)",
      "revenue": 706190000,
      "gross_profit": 691111000,
      "operating_income": null,
      "net_income": 151935000,
      "opex": null,
      "cogs": 15079000,
      "rd": null,
      "sga": null,
      "fcf": 241058000,
      "ocf": 241058000,
      "capex": null,
      "gross_margin": 0.9786473895127373,
      "op_margin": null,
      "fcf_margin": 0.34135006159815345,
      "rev_growth_yoy": 0.02802432239252685,
      "rev_growth_yoy_accel": -0.02788480429749779,
      "fcf_margin_change": 0.14475320001364186
    },
    {
      "date": "2024-03-31T00:00:00",
      "quarter_label": "2024-03 (Q1)",
      "revenue": 742830000,
      "gross_profit": 729297000,
      "operating_income": null,
      "net_income": 137904000,
      "opex": null,
      "cogs": 13533000,
      "rd": null,
      "sga": null,
      "fcf": 210898000,
      "ocf": 210898000,
      "capex": null,
      "gross_margin": 0.9817818343362545,
      "op_margin": null,
      "fcf_margin": 0.28391152753658305,
      "rev_growth_yoy": 0.07650905170165034,
      "rev_growth_yoy_accel": 0.048484729309123495,
      "fcf_margin_change": -0.0574385340615704
    },
    {
      "date": "2024-06-30T00:00:00",
      "quarter_label": "2024-06 (Q2)",
      "revenue": 803375000,
      "gross_profit": 787651000,
      "operating_income": null,
      "net_income": 1171000,
      "opex": null,
      "cogs": 15724000,
      "rd": null,
      "sga": null,
      "fcf": 173284000,
      "ocf": 173284000,
      "capex": null,
      "gross_margin": 0.9804275711840672,
      "op_margin": null,
      "fcf_margin": 0.21569503656449354,
      "rev_growth_yoy": 0.16704315172468895,
      "rev_growth_yoy_accel": 0.0905341000230386,
      "fcf_margin_change": -0.06821649097208951
    },
    {
      "date": "2024-09-30T00:00:00",
      "quarter_label": "2024-09 (Q3)",
      "revenue": 774129000,
      "gross_profit": null,
      "operating_income": null,
      "net_income": null,
      "opex": null,
      "cogs": null,
      "rd": null,
      "sga": null,
      "fcf": 207266000,
      "ocf": 207266000,
      "capex": null,
      "gross_margin": null,
      "op_margin": null,
      "fcf_margin": 0.26774090623139035,
      "rev_growth_yoy": 0.08889317121750041,
      "rev_growth_yoy_accel": -0.07814998050718854,
      "fcf_margin_change": 0.05204586966689681
    },
    {
      "date": "2024-12-31T00:00:00",
      "quarter_label": "2024-12 (Q4)",
      "revenue": 788109000,
      "gross_profit": null,
      "operating_income": null,
      "net_income": null,
      "opex": null,
      "cogs": null,
      "rd": null,
      "sga": null,
      "fcf": 270640000,
      "ocf": 270640000,
      "capex": null,
      "gross_margin": null,
      "op_margin": null,
      "fcf_margin": 0.34340427529694495,
      "rev_growth_yoy": 0.11600135940752489,
      "rev_growth_yoy_accel": 0.027108188190024474,
      "fcf_margin_change": 0.0756633690655546
    },
    {
      "date": "2025-03-31T00:00:00",
      "quarter_label": "2025-03 (Q1)",
      "revenue": 804843000,
      "gross_profit": null,
      "operating_income": null,
      "net_income": null,
      "opex": null,
      "cogs": null,
      "rd": null,
      "sga": null,
      "fcf": 197466000,
      "ocf": 197466000,
      "capex": null,
      "gross_margin": null,
      "op_margin": null,
      "fcf_margin": 0.24534722921116292,
      "rev_growth_yoy": 0.08348208876862809,
      "rev_growth_yoy_accel": -0.0325192706388968,
      "fcf_margin_change": -0.09805704608578203
    },
    {
      "date": "2025-06-30T00:00:00",
      "quarter_label": "2025-06 (Q2)",
      "revenue": 793334000,
      "gross_profit": null,
      "operating_income": null,
      "net_income": null,
      "opex": null,
      "cogs": null,
      "rd": null,
      "sga": null,
      "fcf": 162576000,
      "ocf": 162576000,
      "capex": null,
      "gross_margin": null,
      "op_margin": null,
      "fcf_margin": 0.2049275588844043,
      "rev_growth_yoy": -0.012498521860899331,
      "rev_growth_yoy_accel": -0.09598061062952742,
      "fcf_margin_change": -0.04041967032675861
    },
    {
      "date": "2025-09-30T00:00:00",
      "quarter_label": "2025-09 (Q3)",
      "revenue": 839852000,
      "gross_profit": null,
      "operating_income": null,
      "net_income": null,
      "opex": null,
      "cogs": null,
      "rd": null,
      "sga": null,
      "fcf": 202892000,
      "ocf": 202892000,
      "capex": null,
      "gross_margin": null,
      "op_margin": null,
      "fcf_margin": 0.24158065944952206,
      "rev_growth_yoy": 0.08489928681137122,
      "rev_growth_yoy_accel": 0.09739780867227056,
      "fcf_margin_change": 0.03665310056511775
    }
  ],
  "signals": [
    {
      "quarter": "2025-09 (Q3)",
      "signal": "YoY REVENUE GROWTH ACCELERATION",
      "detail": "YoY growth: +8.5% vs prior quarter YoY: -1.2% (accel: +9.7%)",
      "severity": "MEDIUM"
    },
    {
      "quarter": "2025-06 (Q2)",
      "signal": "YoY REVENUE GROWTH DECELERATION",
      "detail": "YoY growth: -1.2% vs prior quarter YoY: +8.3% (decel: -9.6%)",
      "severity": "WARNING"
    },
    {
      "quarter": "2024-12 (Q4)",
      "signal": "FCF MARGIN EXPANSION",
      "detail": "FCF margin: +26.8% -> +34.3% (+7.6%)",
      "severity": "MEDIUM"
    },
    {
      "quarter": "2024-09 (Q3)",
      "signal": "FCF MARGIN EXPANSION",
      "detail": "FCF margin: +21.6% -> +26.8% (+5.2%)",
      "severity": "MEDIUM"
    },
    {
      "quarter": "2024-09 (Q3)",
      "signal": "YoY REVENUE GROWTH DECELERATION",
      "detail": "YoY growth: +8.9% vs prior quarter YoY: +16.7% (decel: -7.8%)",
      "severity": "WARNING"
    },
    {
      "quarter": "2024-06 (Q2)",
      "signal": "YoY REVENUE GROWTH ACCELERATION",
      "detail": "YoY growth: +16.7% vs prior quarter YoY: +7.7% (accel: +9.1%)",
      "severity": "MEDIUM"
    },
    {
      "quarter": "2023-12 (Q4)",
      "signal": "FCF MARGIN EXPANSION",
      "detail": "FCF margin: +19.7% -> +34.1% (+14.5%)",
      "severity": "MEDIUM"
    },
    {
      "quarter": "2022-12 (Q4)",
      "signal": "FCF MARGIN EXPANSION",
      "detail": "FCF margin: +24.8% -> +30.0% (+5.3%)",
      "severity": "MEDIUM"
    },
    {
      "quarter": "2022-09 (Q3)",
      "signal": "YoY REVENUE GROWTH DECELERATION",
      "detail": "YoY growth: -2.9% vs prior quarter YoY: +2.1% (decel: -5.0%)",
      "severity": "WARNING"
    },
    {
      "quarter": "2022-06 (Q2)",
      "signal": "YoY REVENUE GROWTH DECELERATION",
      "detail": "YoY growth: +2.1% vs prior quarter YoY: +8.4% (decel: -6.3%)",
      "severity": "WARNING"
    },
    {
      "quarter": "2022-03 (Q1)",
      "signal": "YoY REVENUE GROWTH DECELERATION",
      "detail": "YoY growth: +8.4% vs prior quarter YoY: +21.0% (decel: -12.6%)",
      "severity": "WARNING"
    },
    {
      "quarter": "2021-12 (Q4)",
      "signal": "FCF MARGIN EXPANSION",
      "detail": "FCF margin: +23.1% -> +30.6% (+7.5%)",
      "severity": "MEDIUM"
    }
  ],
  "data_quality": {
    "n_quarters": 20,
    "coverage": {
      "revenue": [
        20,
        20
      ],
      "gross_profit": [
        12,
        20
      ],
      "op_income": [
        0,
        20
      ],
      "fcf": [
        20,
        20
      ]
    },
    "gaps": [],
    "warnings": [
      "gross_profit: 12/20Q",
      "op_income: no data"
    ]
  },
  "market_cap": null,
  "source": "SEC EDGAR",
  "last_updated": "2026-02-02T20:44:27.405985"
}