{
  "ticker": "PRKS",
  "name": "United Parks & Resorts Inc.",
  "quarters": [
    {
      "date": "2020-12-31T00:00:00",
      "quarter_label": "2020-12 (Q4)",
      "revenue": 154075000,
      "gross_profit": null,
      "operating_income": -23373000,
      "net_income": -45536000,
      "opex": 177448000,
      "cogs": null,
      "rd": null,
      "sga": 22492000,
      "fcf": -46540000,
      "ocf": -13080000,
      "capex": -33460000,
      "gross_margin": null,
      "op_margin": -0.15169884796365407,
      "fcf_margin": -0.30206068473146197
    },
    {
      "date": "2021-03-31T00:00:00",
      "quarter_label": "2021-03 (Q1)",
      "revenue": 171920000,
      "gross_profit": null,
      "operating_income": -18902000,
      "net_income": -44884000,
      "opex": 190822000,
      "cogs": null,
      "rd": null,
      "sga": 31464000,
      "fcf": 3095000,
      "ocf": 18393000,
      "capex": -15298000,
      "gross_margin": null,
      "op_margin": -0.10994648673801768,
      "fcf_margin": 0.018002559329920894,
      "op_leverage_ratio": 1.5367179558779278,
      "fcf_margin_change": 0.32006324406138287
    },
    {
      "date": "2021-06-30T00:00:00",
      "quarter_label": "2021-06 (Q2)",
      "revenue": 439784000,
      "gross_profit": null,
      "operating_income": 167371000,
      "net_income": 127762000,
      "opex": 272413000,
      "cogs": null,
      "rd": null,
      "sga": 43190000,
      "fcf": 200002000,
      "ocf": 229685000,
      "capex": -29683000,
      "gross_margin": null,
      "op_margin": 0.3805754643188474,
      "fcf_margin": 0.45477325232386806,
      "op_leverage_ratio": 3.6439644779889004,
      "fcf_margin_change": 0.43677069299394716
    },
    {
      "date": "2021-09-30T00:00:00",
      "quarter_label": "2021-09 (Q3)",
      "revenue": 521206000,
      "gross_profit": null,
      "operating_income": 198193000,
      "net_income": 102097000,
      "opex": 323013000,
      "cogs": null,
      "rd": null,
      "sga": 53617000,
      "fcf": 139749000,
      "ocf": 168359000,
      "capex": -28610000,
      "gross_margin": null,
      "op_margin": 0.380258477454212,
      "fcf_margin": 0.26812623031968164,
      "op_leverage_ratio": 0.9967348724156285,
      "fcf_margin_change": -0.18664702200418642
    },
    {
      "date": "2021-12-31T00:00:00",
      "quarter_label": "2021-12 (Q4)",
      "revenue": 370820000,
      "gross_profit": null,
      "operating_income": 85300000,
      "net_income": 71538000,
      "opex": 285520000,
      "cogs": null,
      "rd": null,
      "sga": 56600000,
      "fcf": 31312000,
      "ocf": 86575000,
      "capex": -55263000,
      "gross_margin": null,
      "op_margin": 0.23003074267838844,
      "fcf_margin": 0.08443988997357209,
      "incr_op_margin_yoy": 0.5013864218321068,
      "rev_growth_yoy": 1.4067499594353399,
      "fcf_margin_change": -0.18368634034610953
    },
    {
      "date": "2022-03-31T00:00:00",
      "quarter_label": "2022-03 (Q1)",
      "revenue": 270693000,
      "gross_profit": null,
      "operating_income": 10027000,
      "net_income": -8987000,
      "opex": 260666000,
      "cogs": null,
      "rd": null,
      "sga": 46059000,
      "fcf": 35684000,
      "ocf": 70794000,
      "capex": -35110000,
      "gross_margin": null,
      "op_margin": 0.037041962666193806,
      "fcf_margin": 0.13182461312261493,
      "incr_op_margin_yoy": 0.2928836827878064,
      "rev_growth_yoy": 0.5745288506281991,
      "rev_growth_yoy_accel": -0.8322211088071407,
      "fcf_margin_change": 0.04738472314904284
    },
    {
      "date": "2022-06-30T00:00:00",
      "quarter_label": "2022-06 (Q2)",
      "revenue": 504817000,
      "gross_profit": null,
      "operating_income": 178011000,
      "net_income": 116610000,
      "opex": 326806000,
      "cogs": null,
      "rd": null,
      "sga": 56158000,
      "fcf": 162902000,
      "ocf": 228840000,
      "capex": -65938000,
      "gross_margin": null,
      "op_margin": 0.35262481255583705,
      "fcf_margin": 0.32269515487790623,
      "incr_op_margin_yoy": 0.1636092445373887,
      "rev_growth_yoy": 0.14787486584323215,
      "rev_growth_yoy_accel": -0.42665398478496697,
      "op_leverage_ratio": 3.408702563240702,
      "fcf_margin_change": 0.1908705417552913
    },
    {
      "date": "2022-09-30T00:00:00",
      "quarter_label": "2022-09 (Q3)",
      "revenue": 565207000,
      "gross_profit": null,
      "operating_income": 217625000,
      "net_income": 134557000,
      "opex": 347582000,
      "cogs": null,
      "rd": null,
      "sga": 53082000,
      "fcf": 119559000,
      "ocf": 169240000,
      "capex": -49681000,
      "gross_margin": null,
      "op_margin": 0.38503592489123456,
      "fcf_margin": 0.21153135046098157,
      "incr_op_margin_yoy": 0.4416263266743938,
      "rev_growth_yoy": 0.08442151471778912,
      "rev_growth_yoy_accel": -0.06345335112544302,
      "op_leverage_ratio": 1.8817379461760204,
      "fcf_margin_change": -0.11116380441692467
    },
    {
      "date": "2022-12-31T00:00:00",
      "quarter_label": "2022-12 (Q4)",
      "revenue": 390520000,
      "gross_profit": null,
      "operating_income": 101868000,
      "net_income": 49010000,
      "opex": 288652000,
      "cogs": null,
      "rd": null,
      "sga": 44775000,
      "fcf": 45738000,
      "ocf": 95714000,
      "capex": -49976000,
      "gross_margin": null,
      "op_margin": 0.26085219707057256,
      "fcf_margin": 0.11712076206084196,
      "incr_op_margin_yoy": 0.841015228426396,
      "rev_growth_yoy": 0.053125505636157706,
      "rev_growth_yoy_accel": -0.03129600908163142,
      "fcf_margin_change": -0.0944105884001396
    },
    {
      "date": "2023-03-31T00:00:00",
      "quarter_label": "2023-03 (Q1)",
      "revenue": 293346000,
      "gross_profit": null,
      "operating_income": 11772000,
      "net_income": -16467000,
      "opex": 281574000,
      "cogs": null,
      "rd": null,
      "sga": 48281000,
      "fcf": -19462000,
      "ocf": 50296000,
      "capex": -69758000,
      "gross_margin": null,
      "op_margin": 0.04013008529177149,
      "fcf_margin": -0.06634486238094264,
      "incr_op_margin_yoy": 0.07703173972542268,
      "rev_growth_yoy": 0.08368520796622003,
      "rev_growth_yoy_accel": 0.030559702330062326,
      "fcf_margin_change": -0.1834656244417846
    },
    {
      "date": "2023-06-30T00:00:00",
      "quarter_label": "2023-06 (Q2)",
      "revenue": 496029000,
      "gross_profit": null,
      "operating_income": 155438000,
      "net_income": 87055000,
      "opex": 340591000,
      "cogs": null,
      "rd": null,
      "sga": 68166000,
      "fcf": 108776000,
      "ocf": 184605000,
      "capex": -75829000,
      "gross_margin": null,
      "op_margin": 0.31336474278721604,
      "fcf_margin": 0.21929363000953572,
      "incr_op_margin_yoy": 2.568616294947656,
      "rev_growth_yoy": -0.01740828854812734,
      "rev_growth_yoy_accel": -0.10109349651434738,
      "op_leverage_ratio": 3.2964961608148142,
      "fcf_margin_change": 0.28563849239047834
    },
    {
      "date": "2023-09-30T00:00:00",
      "quarter_label": "2023-09 (Q3)",
      "revenue": 548247000,
      "gross_profit": null,
      "operating_income": 203271000,
      "net_income": 123555000,
      "opex": 344976000,
      "cogs": null,
      "rd": null,
      "sga": 59705000,
      "fcf": 74925000,
      "ocf": 163556000,
      "capex": -88631000,
      "gross_margin": null,
      "op_margin": 0.370765366705153,
      "fcf_margin": 0.13666285451630378,
      "incr_op_margin_yoy": 0.8463443396226416,
      "rev_growth_yoy": -0.03000670550789357,
      "rev_growth_yoy_accel": -0.01259841695976623,
      "op_leverage_ratio": 8.176674996838576,
      "fcf_margin_change": -0.08263077549323194
    },
    {
      "date": "2023-12-31T00:00:00",
      "quarter_label": "2023-12 (Q4)",
      "revenue": 388965000,
      "gross_profit": null,
      "operating_income": 89274000,
      "net_income": 40053000,
      "opex": 299691000,
      "cogs": null,
      "rd": null,
      "sga": 45085000,
      "fcf": 35841000,
      "ocf": 106459000,
      "capex": -70618000,
      "gross_margin": null,
      "op_margin": 0.22951679457020555,
      "fcf_margin": 0.09214453742624658,
      "incr_op_margin_yoy": 8.099035369774919,
      "rev_growth_yoy": -0.003981870326743828,
      "rev_growth_yoy_accel": 0.02602483518114974,
      "fcf_margin_change": -0.0445183170900572
    },
    {
      "date": "2024-03-31T00:00:00",
      "quarter_label": "2024-03 (Q1)",
      "revenue": 297423000,
      "gross_profit": null,
      "operating_income": 22141000,
      "net_income": -11201000,
      "opex": 275282000,
      "cogs": null,
      "rd": null,
      "sga": 47877000,
      "fcf": -15840000,
      "ocf": 71446000,
      "capex": -87286000,
      "gross_margin": null,
      "op_margin": 0.07444279695921298,
      "fcf_margin": -0.05325748176839047,
      "incr_op_margin_yoy": 2.5432916360068676,
      "rev_growth_yoy": 0.013898263484076825,
      "rev_growth_yoy_accel": 0.017880133810820653,
      "fcf_margin_change": -0.14540201919463705
    },
    {
      "date": "2024-06-30T00:00:00",
      "quarter_label": "2024-06 (Q2)",
      "revenue": 497593000,
      "gross_profit": null,
      "operating_income": 164384000,
      "net_income": 91124000,
      "opex": 333209000,
      "cogs": null,
      "rd": null,
      "sga": 63788000,
      "fcf": 93699000,
      "ocf": 173227000,
      "capex": -79528000,
      "gross_margin": null,
      "op_margin": 0.3303583450731823,
      "fcf_margin": 0.1883044978526627,
      "incr_op_margin_yoy": 5.719948849104859,
      "rev_growth_yoy": 0.0031530414552374962,
      "rev_growth_yoy_accel": -0.010745222028839329,
      "op_leverage_ratio": 3.198314867551821,
      "fcf_margin_change": 0.2415619796210532
    },
    {
      "date": "2024-09-30T00:00:00",
      "quarter_label": "2024-09 (Q3)",
      "revenue": 545901000,
      "gross_profit": null,
      "operating_income": 201010000,
      "net_income": 119677000,
      "opex": 344891000,
      "cogs": null,
      "rd": null,
      "sga": 55361000,
      "fcf": 67605000,
      "ocf": 122998000,
      "capex": -55393000,
      "gross_margin": null,
      "op_margin": 0.3682169477615905,
      "fcf_margin": 0.12384113603015931,
      "incr_op_margin_yoy": 0.9637681159420289,
      "rev_growth_yoy": -0.0042790931824524345,
      "rev_growth_yoy_accel": -0.00743213463768993,
      "op_leverage_ratio": 2.769136198100044,
      "fcf_margin_change": -0.0644633618225034
    },
    {
      "date": "2024-12-31T00:00:00",
      "quarter_label": "2024-12 (Q4)",
      "revenue": 384384000,
      "gross_profit": null,
      "operating_income": 75756000,
      "net_income": 27897000,
      "opex": 308628000,
      "cogs": null,
      "rd": null,
      "sga": 49872000,
      "fcf": 86245000,
      "ocf": 112468000,
      "capex": -26223000,
      "gross_margin": null,
      "op_margin": 0.19708416583416583,
      "fcf_margin": 0.22437198218448218,
      "incr_op_margin_yoy": 2.950884086444008,
      "rev_growth_yoy": -0.011777409278469785,
      "rev_growth_yoy_accel": -0.00749831609601735,
      "fcf_margin_change": 0.10053084615432287
    },
    {
      "date": "2025-03-31T00:00:00",
      "quarter_label": "2025-03 (Q1)",
      "revenue": 286949000,
      "gross_profit": null,
      "operating_income": 16888000,
      "net_income": -16133000,
      "opex": 270061000,
      "cogs": null,
      "rd": null,
      "sga": 44137000,
      "fcf": -31188000,
      "ocf": 25715000,
      "capex": -56903000,
      "gross_margin": null,
      "op_margin": 0.058853663891492915,
      "fcf_margin": -0.10868830349644014,
      "incr_op_margin_yoy": 0.5015275921329005,
      "rev_growth_yoy": -0.03521583737639658,
      "rev_growth_yoy_accel": -0.023438428097926796,
      "fcf_margin_change": -0.33306028568092233
    },
    {
      "date": "2025-06-30T00:00:00",
      "quarter_label": "2025-06 (Q2)",
      "revenue": 490212000,
      "gross_profit": null,
      "operating_income": 140466000,
      "net_income": 80108000,
      "opex": 349746000,
      "cogs": null,
      "rd": null,
      "sga": 64402000,
      "fcf": 127635000,
      "ocf": 181196000,
      "capex": -53561000,
      "gross_margin": null,
      "op_margin": 0.2865413331374997,
      "fcf_margin": 0.2603669432816822,
      "incr_op_margin_yoy": 3.2404823194689065,
      "rev_growth_yoy": -0.014833408026238311,
      "rev_growth_yoy_accel": 0.02038242935015827,
      "op_leverage_ratio": 2.4007056248531526,
      "fcf_margin_change": 0.36905524677812235
    },
    {
      "date": "2025-09-30T00:00:00",
      "quarter_label": "2025-09 (Q3)",
      "revenue": 511851000,
      "gross_profit": null,
      "operating_income": 151678000,
      "net_income": 89325000,
      "opex": 360173000,
      "cogs": null,
      "rd": null,
      "sga": 60657000,
      "fcf": 38015000,
      "ocf": 94778000,
      "capex": -56763000,
      "gross_margin": null,
      "op_margin": 0.29633233108853946,
      "fcf_margin": 0.07426966050667089,
      "incr_op_margin_yoy": 1.4488105726872247,
      "rev_growth_yoy": -0.06237394692444234,
      "rev_growth_yoy_accel": -0.04754053889820403,
      "op_leverage_ratio": 1.4806302956015769,
      "fcf_margin_change": -0.1860972827750113
    }
  ],
  "signals": [
    {
      "quarter": "2025-09 (Q3)",
      "signal": "INCREMENTAL MARGIN (YoY)",
      "detail": "YoY Incr OPM: +144.9% vs year-ago OPM: +36.8%",
      "severity": "HIGH"
    },
    {
      "quarter": "2025-06 (Q2)",
      "signal": "FCF TURNED POSITIVE",
      "detail": "FCF margin: -10.9% -> +26.0%",
      "severity": "HIGH"
    },
    {
      "quarter": "2025-06 (Q2)",
      "signal": "OPERATING LEVERAGE",
      "detail": "Rev growth +70.8% vs OpEx growth +29.5% (leverage: 2.4x)",
      "severity": "MEDIUM"
    },
    {
      "quarter": "2025-06 (Q2)",
      "signal": "INCREMENTAL MARGIN (YoY)",
      "detail": "YoY Incr OPM: +324.0% vs year-ago OPM: +33.0%",
      "severity": "HIGH"
    },
    {
      "quarter": "2025-03 (Q1)",
      "signal": "INCREMENTAL MARGIN (YoY)",
      "detail": "YoY Incr OPM: +50.2% vs year-ago OPM: +7.4%",
      "severity": "HIGH"
    },
    {
      "quarter": "2024-12 (Q4)",
      "signal": "FCF MARGIN EXPANSION",
      "detail": "FCF margin: +12.4% -> +22.4% (+10.1%)",
      "severity": "MEDIUM"
    },
    {
      "quarter": "2024-12 (Q4)",
      "signal": "INCREMENTAL MARGIN (YoY)",
      "detail": "YoY Incr OPM: +295.1% vs year-ago OPM: +23.0%",
      "severity": "HIGH"
    },
    {
      "quarter": "2024-09 (Q3)",
      "signal": "OPERATING LEVERAGE",
      "detail": "Rev growth +9.7% vs OpEx growth +3.5% (leverage: 2.8x)",
      "severity": "MEDIUM"
    },
    {
      "quarter": "2024-09 (Q3)",
      "signal": "INCREMENTAL MARGIN (YoY)",
      "detail": "YoY Incr OPM: +96.4% vs year-ago OPM: +37.1%",
      "severity": "HIGH"
    },
    {
      "quarter": "2024-06 (Q2)",
      "signal": "FCF TURNED POSITIVE",
      "detail": "FCF margin: -5.3% -> +18.8%",
      "severity": "HIGH"
    },
    {
      "quarter": "2024-06 (Q2)",
      "signal": "OPERATING LEVERAGE",
      "detail": "Rev growth +67.3% vs OpEx growth +21.0% (leverage: 3.2x)",
      "severity": "MEDIUM"
    },
    {
      "quarter": "2024-06 (Q2)",
      "signal": "INCREMENTAL MARGIN (YoY)",
      "detail": "YoY Incr OPM: +572.0% vs year-ago OPM: +31.3%",
      "severity": "HIGH"
    },
    {
      "quarter": "2024-03 (Q1)",
      "signal": "INCREMENTAL MARGIN (YoY)",
      "detail": "YoY Incr OPM: +254.3% vs year-ago OPM: +4.0%",
      "severity": "HIGH"
    },
    {
      "quarter": "2023-12 (Q4)",
      "signal": "INCREMENTAL MARGIN (YoY)",
      "detail": "YoY Incr OPM: +809.9% vs year-ago OPM: +26.1%",
      "severity": "HIGH"
    },
    {
      "quarter": "2023-09 (Q3)",
      "signal": "OPERATING LEVERAGE",
      "detail": "Rev growth +10.5% vs OpEx growth +1.3% (leverage: 8.2x)",
      "severity": "MEDIUM"
    },
    {
      "quarter": "2023-09 (Q3)",
      "signal": "INCREMENTAL MARGIN (YoY)",
      "detail": "YoY Incr OPM: +84.6% vs year-ago OPM: +38.5%",
      "severity": "HIGH"
    },
    {
      "quarter": "2023-06 (Q2)",
      "signal": "FCF TURNED POSITIVE",
      "detail": "FCF margin: -6.6% -> +21.9%",
      "severity": "HIGH"
    },
    {
      "quarter": "2023-06 (Q2)",
      "signal": "OPERATING LEVERAGE",
      "detail": "Rev growth +69.1% vs OpEx growth +21.0% (leverage: 3.3x)",
      "severity": "MEDIUM"
    },
    {
      "quarter": "2023-06 (Q2)",
      "signal": "YoY REVENUE GROWTH DECELERATION",
      "detail": "YoY growth: -1.7% vs prior quarter YoY: +8.4% (decel: -10.1%)",
      "severity": "WARNING"
    },
    {
      "quarter": "2023-06 (Q2)",
      "signal": "INCREMENTAL MARGIN (YoY)",
      "detail": "YoY Incr OPM: +256.9% vs year-ago OPM: +35.3%",
      "severity": "HIGH"
    },
    {
      "quarter": "2022-12 (Q4)",
      "signal": "INCREMENTAL MARGIN (YoY)",
      "detail": "YoY Incr OPM: +84.1% vs year-ago OPM: +23.0%",
      "severity": "HIGH"
    },
    {
      "quarter": "2022-09 (Q3)",
      "signal": "OPERATING LEVERAGE",
      "detail": "Rev growth +12.0% vs OpEx growth +6.4% (leverage: 1.9x)",
      "severity": "MEDIUM"
    },
    {
      "quarter": "2022-09 (Q3)",
      "signal": "YoY REVENUE GROWTH DECELERATION",
      "detail": "YoY growth: +8.4% vs prior quarter YoY: +14.8% (decel: -6.3%)",
      "severity": "WARNING"
    },
    {
      "quarter": "2022-06 (Q2)",
      "signal": "FCF MARGIN EXPANSION",
      "detail": "FCF margin: +13.2% -> +32.3% (+19.1%)",
      "severity": "MEDIUM"
    },
    {
      "quarter": "2022-06 (Q2)",
      "signal": "OPERATING LEVERAGE",
      "detail": "Rev growth +86.5% vs OpEx growth +25.4% (leverage: 3.4x)",
      "severity": "MEDIUM"
    },
    {
      "quarter": "2022-06 (Q2)",
      "signal": "YoY REVENUE GROWTH DECELERATION",
      "detail": "YoY growth: +14.8% vs prior quarter YoY: +57.5% (decel: -42.7%)",
      "severity": "WARNING"
    },
    {
      "quarter": "2022-03 (Q1)",
      "signal": "YoY REVENUE GROWTH DECELERATION",
      "detail": "YoY growth: +57.5% vs prior quarter YoY: +140.7% (decel: -83.2%)",
      "severity": "WARNING"
    },
    {
      "quarter": "2022-03 (Q1)",
      "signal": "OP MARGIN TURNED POSITIVE (YoY)",
      "detail": "Op margin: -11.0% (year-ago) -> +3.7%",
      "severity": "HIGH"
    },
    {
      "quarter": "2021-12 (Q4)",
      "signal": "OP MARGIN TURNED POSITIVE (YoY)",
      "detail": "Op margin: -15.2% (year-ago) -> +23.0%",
      "severity": "HIGH"
    },
    {
      "quarter": "2021-06 (Q2)",
      "signal": "FCF MARGIN EXPANSION",
      "detail": "FCF margin: +1.8% -> +45.5% (+43.7%)",
      "severity": "MEDIUM"
    },
    {
      "quarter": "2021-06 (Q2)",
      "signal": "OPERATING LEVERAGE",
      "detail": "Rev growth +155.8% vs OpEx growth +42.8% (leverage: 3.6x)",
      "severity": "MEDIUM"
    },
    {
      "quarter": "2021-06 (Q2)",
      "signal": "OP MARGIN TURNED POSITIVE (QoQ)",
      "detail": "Op margin: -11.0% -> +38.1%",
      "severity": "HIGH"
    },
    {
      "quarter": "2021-03 (Q1)",
      "signal": "FCF TURNED POSITIVE",
      "detail": "FCF margin: -30.2% -> +1.8%",
      "severity": "HIGH"
    },
    {
      "quarter": "2021-03 (Q1)",
      "signal": "OPERATING LEVERAGE",
      "detail": "Rev growth +11.6% vs OpEx growth +7.5% (leverage: 1.5x)",
      "severity": "MEDIUM"
    }
  ],
  "data_quality": {
    "n_quarters": 20,
    "coverage": {
      "revenue": [
        20,
        20
      ],
      "gross_profit": [
        0,
        20
      ],
      "op_income": [
        20,
        20
      ],
      "fcf": [
        20,
        20
      ]
    },
    "gaps": [],
    "warnings": [
      "gross_profit: no data"
    ]
  },
  "market_cap": null,
  "source": "SEC EDGAR",
  "last_updated": "2026-02-02T21:36:07.702221"
}