{
  "ticker": "PROP",
  "name": "Prairie Operating Co.",
  "quarters": [
    {
      "date": "2020-03-31T00:00:00",
      "quarter_label": "2020-03 (Q1)",
      "revenue": 2602419,
      "gross_profit": 578137,
      "operating_income": null,
      "net_income": null,
      "opex": null,
      "cogs": 2024282,
      "rd": null,
      "sga": null,
      "fcf": null,
      "ocf": null,
      "capex": -665,
      "gross_margin": 0.22215369623415754,
      "op_margin": null,
      "fcf_margin": null
    },
    {
      "date": "2020-06-30T00:00:00",
      "quarter_label": "2020-06 (Q2)",
      "revenue": 816416,
      "gross_profit": 335378,
      "operating_income": null,
      "net_income": null,
      "opex": null,
      "cogs": 481038,
      "rd": null,
      "sga": null,
      "fcf": null,
      "ocf": null,
      "capex": -18662,
      "gross_margin": 0.41079302708423154,
      "op_margin": null,
      "fcf_margin": null
    },
    {
      "date": "2020-09-30T00:00:00",
      "quarter_label": "2020-09 (Q3)",
      "revenue": 601042,
      "gross_profit": 326524,
      "operating_income": null,
      "net_income": null,
      "opex": null,
      "cogs": 274518,
      "rd": null,
      "sga": null,
      "fcf": null,
      "ocf": null,
      "capex": -5264,
      "gross_margin": 0.5432631995767351,
      "op_margin": null,
      "fcf_margin": null
    },
    {
      "date": "2020-12-31T00:00:00",
      "quarter_label": "2020-12 (Q4)",
      "revenue": 498286,
      "gross_profit": 271549,
      "operating_income": -445970,
      "net_income": -569900,
      "opex": 717519,
      "cogs": 226737,
      "rd": null,
      "sga": null,
      "fcf": -200173,
      "ocf": -200031,
      "capex": -142,
      "gross_margin": 0.5449661439414313,
      "op_margin": -0.8950080877247203,
      "fcf_margin": -0.40172310681014517
    },
    {
      "date": "2021-03-31T00:00:00",
      "quarter_label": "2021-03 (Q1)",
      "revenue": 379174,
      "gross_profit": 81628,
      "operating_income": -3073299,
      "net_income": -2411977,
      "opex": 3154927,
      "cogs": 297546,
      "rd": null,
      "sga": null,
      "fcf": -1185040,
      "ocf": -1185040,
      "capex": null,
      "gross_margin": 0.21527847373501346,
      "op_margin": -8.105247195219082,
      "fcf_margin": -3.1253197740351397,
      "rev_growth_yoy": -0.8542994037470523,
      "fcf_margin_change": -2.7235966672249945
    },
    {
      "date": "2021-06-30T00:00:00",
      "quarter_label": "2021-06 (Q2)",
      "revenue": 226726,
      "gross_profit": 60995,
      "operating_income": -1614410,
      "net_income": -1853205,
      "opex": 1675405,
      "cogs": 165731,
      "rd": null,
      "sga": null,
      "fcf": -1561220,
      "ocf": -1561220,
      "capex": null,
      "gross_margin": 0.2690251669415947,
      "op_margin": -7.120533154556601,
      "fcf_margin": -6.885932799943544,
      "rev_growth_yoy": -0.7222910868968762,
      "rev_growth_yoy_accel": 0.1320083168501761,
      "fcf_margin_change": -3.760613025908404
    },
    {
      "date": "2021-09-30T00:00:00",
      "quarter_label": "2021-09 (Q3)",
      "revenue": 148397,
      "gross_profit": -28418,
      "operating_income": -2192776,
      "net_income": -602077,
      "opex": 2164358,
      "cogs": 176815,
      "rd": null,
      "sga": null,
      "fcf": -4374893,
      "ocf": -3269430,
      "capex": -1105463,
      "gross_margin": -0.1914998281636421,
      "op_margin": -14.776417313018458,
      "fcf_margin": -29.481007028443972,
      "rev_growth_yoy": -0.7531004488870994,
      "rev_growth_yoy_accel": -0.030809361990223216,
      "fcf_margin_change": -22.59507422850043
    },
    {
      "date": "2021-12-31T00:00:00",
      "quarter_label": "2021-12 (Q4)",
      "revenue": 53280,
      "gross_profit": null,
      "operating_income": -11206592,
      "net_income": -12346546,
      "opex": 11899964,
      "cogs": null,
      "rd": null,
      "sga": null,
      "fcf": -2140163,
      "ocf": -954033,
      "capex": -1186130,
      "gross_margin": null,
      "op_margin": -210.33393393393393,
      "fcf_margin": -40.16822447447448,
      "rev_growth_yoy": -0.8930734558065047,
      "rev_growth_yoy_accel": -0.13997300691940529,
      "fcf_margin_change": -10.687217446030505
    },
    {
      "date": "2022-03-31T00:00:00",
      "quarter_label": "2022-03 (Q1)",
      "revenue": 385114,
      "gross_profit": null,
      "operating_income": -3145297,
      "net_income": -3089095,
      "opex": 3530411,
      "cogs": null,
      "rd": null,
      "sga": null,
      "fcf": -3257066,
      "ocf": -1145134,
      "capex": -2111932,
      "gross_margin": null,
      "op_margin": -8.167184262322325,
      "fcf_margin": -8.45740741702457,
      "rev_growth_yoy": 0.015665631082299947,
      "rev_growth_yoy_accel": 0.9087390868888046,
      "op_leverage_ratio": Infinity,
      "fcf_margin_change": 31.71081705744991
    },
    {
      "date": "2022-06-30T00:00:00",
      "quarter_label": "2022-06 (Q2)",
      "revenue": 166592,
      "gross_profit": null,
      "operating_income": -1629422,
      "net_income": -2052044,
      "opex": 1796014,
      "cogs": null,
      "rd": null,
      "sga": null,
      "fcf": -3476698,
      "ocf": -293152,
      "capex": -3183546,
      "gross_margin": null,
      "op_margin": -9.780913849404532,
      "fcf_margin": -20.869537552823665,
      "rev_growth_yoy": -0.26522763159055424,
      "rev_growth_yoy_accel": -0.2808932626728542,
      "fcf_margin_change": -12.412130135799096
    },
    {
      "date": "2022-09-30T00:00:00",
      "quarter_label": "2022-09 (Q3)",
      "revenue": 7955,
      "gross_profit": null,
      "operating_income": -1725993,
      "net_income": -1790138,
      "opex": 1733948,
      "cogs": null,
      "rd": null,
      "sga": null,
      "fcf": -448264,
      "ocf": -448264,
      "capex": null,
      "gross_margin": null,
      "op_margin": -216.9695788812068,
      "fcf_margin": -56.34996857322439,
      "rev_growth_yoy": -0.9463937950228104,
      "rev_growth_yoy_accel": -0.6811661634322561,
      "fcf_margin_change": -35.48043102040072
    },
    {
      "date": "2022-12-31T00:00:00",
      "quarter_label": "2022-12 (Q4)",
      "revenue": 0,
      "gross_profit": null,
      "operating_income": -1081540,
      "net_income": -6487537,
      "opex": 1081540,
      "cogs": null,
      "rd": null,
      "sga": null,
      "fcf": -306057,
      "ocf": -306057,
      "capex": null,
      "gross_margin": null,
      "op_margin": null,
      "fcf_margin": null,
      "rev_growth_yoy": -1.0,
      "rev_growth_yoy_accel": -0.0536062049771896
    },
    {
      "date": "2023-06-30T00:00:00",
      "quarter_label": "2023-06 (Q2)",
      "revenue": 179318,
      "gross_profit": null,
      "operating_income": -19698936,
      "net_income": -21146803,
      "opex": 19878254,
      "cogs": null,
      "rd": null,
      "sga": null,
      "fcf": -5060292,
      "ocf": -5060292,
      "capex": null,
      "gross_margin": null,
      "op_margin": -109.85476081598055,
      "fcf_margin": -28.219654468597685,
      "rev_growth_yoy": 0.07639022281982329,
      "rev_growth_yoy_accel": 1.0763902228198232
    },
    {
      "date": "2023-09-30T00:00:00",
      "quarter_label": "2023-09 (Q3)",
      "revenue": 457951,
      "gross_profit": null,
      "operating_income": -6492397,
      "net_income": -34415741,
      "opex": 6950348,
      "cogs": null,
      "rd": null,
      "sga": null,
      "fcf": -2877551,
      "ocf": -2877551,
      "capex": null,
      "gross_margin": null,
      "op_margin": -14.1770560605829,
      "fcf_margin": -6.283534701310839,
      "rev_growth_yoy": 56.56769327467002,
      "rev_growth_yoy_accel": 56.491303051850196,
      "op_leverage_ratio": Infinity,
      "fcf_margin_change": 21.936119767286847
    },
    {
      "date": "2023-12-31T00:00:00",
      "quarter_label": "2023-12 (Q4)",
      "revenue": 908523,
      "gross_profit": null,
      "operating_income": -7335705,
      "net_income": -23451923,
      "opex": 8244228,
      "cogs": null,
      "rd": null,
      "sga": null,
      "fcf": -4003074,
      "ocf": -4003074,
      "capex": null,
      "gross_margin": null,
      "op_margin": -8.074319527408772,
      "fcf_margin": -4.406133911854735,
      "op_leverage_ratio": 5.285155117421213,
      "fcf_margin_change": 1.8774007894561038
    },
    {
      "date": "2024-09-30T00:00:00",
      "quarter_label": "2024-09 (Q3)",
      "revenue": 0,
      "gross_profit": null,
      "operating_income": -8816399,
      "net_income": -11424153,
      "opex": 8816399,
      "cogs": null,
      "rd": null,
      "sga": null,
      "fcf": 2790000,
      "ocf": 2790000,
      "capex": null,
      "gross_margin": null,
      "op_margin": null,
      "fcf_margin": null,
      "rev_growth_yoy": -1.0
    },
    {
      "date": "2024-12-31T00:00:00",
      "quarter_label": "2024-12 (Q4)",
      "revenue": 7939000,
      "gross_profit": null,
      "operating_income": -1083163,
      "net_income": -11936904,
      "opex": 9022163,
      "cogs": null,
      "rd": null,
      "sga": null,
      "fcf": -3690000,
      "ocf": -3690000,
      "capex": null,
      "gross_margin": null,
      "op_margin": -0.136435697191082,
      "fcf_margin": -0.4647940546668346,
      "incr_op_margin_yoy": 0.8893481907415386,
      "rev_growth_yoy": 7.738358852775328,
      "rev_growth_yoy_accel": 8.738358852775328
    },
    {
      "date": "2025-03-31T00:00:00",
      "quarter_label": "2025-03 (Q1)",
      "revenue": 13590000,
      "gross_profit": null,
      "operating_income": 1753000,
      "net_income": -2617000,
      "opex": 11837000,
      "cogs": null,
      "rd": null,
      "sga": null,
      "fcf": 16932000,
      "ocf": 16932000,
      "capex": null,
      "gross_margin": null,
      "op_margin": 0.12899190581309786,
      "fcf_margin": 1.245916114790287,
      "op_leverage_ratio": 2.281481352144655,
      "fcf_margin_change": 1.7107101694571216
    },
    {
      "date": "2025-06-30T00:00:00",
      "quarter_label": "2025-06 (Q2)",
      "revenue": 68100000,
      "gross_profit": null,
      "operating_income": 18936000,
      "net_income": 35683000,
      "opex": 49164000,
      "cogs": null,
      "rd": null,
      "sga": null,
      "fcf": -7210000,
      "ocf": -7210000,
      "capex": null,
      "gross_margin": null,
      "op_margin": 0.2780616740088106,
      "fcf_margin": -0.10587371512481644,
      "op_leverage_ratio": 1.2719653659315786,
      "fcf_margin_change": -1.3517898299151034
    },
    {
      "date": "2025-09-30T00:00:00",
      "quarter_label": "2025-09 (Q3)",
      "revenue": 77721000,
      "gross_profit": null,
      "operating_income": 27048000,
      "net_income": 1287000,
      "opex": 50673000,
      "cogs": null,
      "rd": null,
      "sga": null,
      "fcf": 57662000,
      "ocf": 57662000,
      "capex": null,
      "gross_margin": null,
      "op_margin": 0.34801405025668736,
      "fcf_margin": 0.7419101658496416,
      "incr_op_margin_yoy": 0.4614505603376179,
      "op_leverage_ratio": 4.602895052591937,
      "fcf_margin_change": 0.8477838809744581
    }
  ],
  "signals": [
    {
      "quarter": "2025-09 (Q3)",
      "signal": "FCF TURNED POSITIVE",
      "detail": "FCF margin: -10.6% -> +74.2%",
      "severity": "HIGH"
    },
    {
      "quarter": "2025-09 (Q3)",
      "signal": "OPERATING LEVERAGE",
      "detail": "Rev growth +14.1% vs OpEx growth +3.1% (leverage: 4.6x)",
      "severity": "MEDIUM"
    },
    {
      "quarter": "2025-03 (Q1)",
      "signal": "FCF TURNED POSITIVE",
      "detail": "FCF margin: -46.5% -> +124.6%",
      "severity": "HIGH"
    },
    {
      "quarter": "2025-03 (Q1)",
      "signal": "OPERATING LEVERAGE",
      "detail": "Rev growth +71.2% vs OpEx growth +31.2% (leverage: 2.3x)",
      "severity": "MEDIUM"
    },
    {
      "quarter": "2025-03 (Q1)",
      "signal": "OP MARGIN TURNED POSITIVE (QoQ)",
      "detail": "Op margin: -13.6% -> +12.9%",
      "severity": "HIGH"
    },
    {
      "quarter": "2024-12 (Q4)",
      "signal": "YoY REVENUE GROWTH ACCELERATION",
      "detail": "YoY growth: +773.8% vs prior quarter YoY: -100.0% (accel: +873.8%)",
      "severity": "HIGH"
    },
    {
      "quarter": "2023-12 (Q4)",
      "signal": "FCF MARGIN EXPANSION",
      "detail": "FCF margin: -628.4% -> -440.6% (+187.7%)",
      "severity": "MEDIUM"
    },
    {
      "quarter": "2023-12 (Q4)",
      "signal": "OPERATING LEVERAGE",
      "detail": "Rev growth +98.4% vs OpEx growth +18.6% (leverage: 5.3x)",
      "severity": "MEDIUM"
    },
    {
      "quarter": "2023-09 (Q3)",
      "signal": "FCF MARGIN EXPANSION",
      "detail": "FCF margin: -2822.0% -> -628.4% (+2193.6%)",
      "severity": "MEDIUM"
    },
    {
      "quarter": "2023-09 (Q3)",
      "signal": "YoY REVENUE GROWTH ACCELERATION",
      "detail": "YoY growth: +5656.8% vs prior quarter YoY: +7.6% (accel: +5649.1%)",
      "severity": "HIGH"
    },
    {
      "quarter": "2023-06 (Q2)",
      "signal": "YoY REVENUE GROWTH ACCELERATION",
      "detail": "YoY growth: +7.6% vs prior quarter YoY: -100.0% (accel: +107.6%)",
      "severity": "HIGH"
    },
    {
      "quarter": "2022-12 (Q4)",
      "signal": "YoY REVENUE GROWTH DECELERATION",
      "detail": "YoY growth: -100.0% vs prior quarter YoY: -94.6% (decel: -5.4%)",
      "severity": "WARNING"
    },
    {
      "quarter": "2022-09 (Q3)",
      "signal": "YoY REVENUE GROWTH DECELERATION",
      "detail": "YoY growth: -94.6% vs prior quarter YoY: -26.5% (decel: -68.1%)",
      "severity": "WARNING"
    },
    {
      "quarter": "2022-06 (Q2)",
      "signal": "YoY REVENUE GROWTH DECELERATION",
      "detail": "YoY growth: -26.5% vs prior quarter YoY: +1.6% (decel: -28.1%)",
      "severity": "WARNING"
    },
    {
      "quarter": "2022-03 (Q1)",
      "signal": "FCF MARGIN EXPANSION",
      "detail": "FCF margin: -4016.8% -> -845.7% (+3171.1%)",
      "severity": "MEDIUM"
    },
    {
      "quarter": "2022-03 (Q1)",
      "signal": "YoY REVENUE GROWTH ACCELERATION",
      "detail": "YoY growth: +1.6% vs prior quarter YoY: -89.3% (accel: +90.9%)",
      "severity": "HIGH"
    },
    {
      "quarter": "2021-12 (Q4)",
      "signal": "YoY REVENUE GROWTH DECELERATION",
      "detail": "YoY growth: -89.3% vs prior quarter YoY: -75.3% (decel: -14.0%)",
      "severity": "WARNING"
    },
    {
      "quarter": "2021-06 (Q2)",
      "signal": "GROSS MARGIN INFLECTION",
      "detail": "GM: +54.5% -> +21.5% -> +26.9% (reversal +5.4%)",
      "severity": "HIGH"
    },
    {
      "quarter": "2021-06 (Q2)",
      "signal": "YoY REVENUE GROWTH ACCELERATION",
      "detail": "YoY growth: -72.2% vs prior quarter YoY: -85.4% (accel: +13.2%)",
      "severity": "MEDIUM"
    }
  ],
  "data_quality": {
    "n_quarters": 20,
    "coverage": {
      "revenue": [
        20,
        20
      ],
      "gross_profit": [
        7,
        20
      ],
      "op_income": [
        17,
        20
      ],
      "fcf": [
        17,
        20
      ]
    },
    "gaps": [
      [
        "2022-12 (Q4)",
        "2023-06 (Q2)",
        181
      ],
      [
        "2023-12 (Q4)",
        "2024-09 (Q3)",
        274
      ]
    ],
    "warnings": [
      "gross_profit: 7/20Q",
      "gap: 1Q missing between 2022-12 (Q4) and 2023-06 (Q2)",
      "gap: 2Q missing between 2023-12 (Q4) and 2024-09 (Q3)"
    ]
  },
  "market_cap": null,
  "source": "SEC EDGAR",
  "last_updated": "2026-02-02T23:18:25.528158"
}