{
  "ticker": "PRPO",
  "name": "PRECIPIO,\u00a0INC.",
  "quarters": [
    {
      "date": "2020-12-31T00:00:00",
      "quarter_label": "2020-12 (Q4)",
      "revenue": 1941000,
      "gross_profit": 477000,
      "operating_income": -2252000,
      "net_income": null,
      "opex": 2729000,
      "cogs": 1464000,
      "rd": null,
      "sga": null,
      "fcf": -1481000,
      "ocf": -1451000,
      "capex": -30000,
      "gross_margin": 0.24574961360123648,
      "op_margin": -1.1602266872746008,
      "fcf_margin": -0.7630087583719732
    },
    {
      "date": "2021-03-31T00:00:00",
      "quarter_label": "2021-03 (Q1)",
      "revenue": 1824000,
      "gross_profit": 468000,
      "operating_income": -2137000,
      "net_income": null,
      "opex": 2605000,
      "cogs": 1356000,
      "rd": null,
      "sga": null,
      "fcf": -1445000,
      "ocf": -1260000,
      "capex": -185000,
      "gross_margin": 0.2565789473684211,
      "op_margin": -1.1716008771929824,
      "fcf_margin": -0.7922149122807017,
      "fcf_margin_change": -0.029206153908728494
    },
    {
      "date": "2021-06-30T00:00:00",
      "quarter_label": "2021-06 (Q2)",
      "revenue": 2344000,
      "gross_profit": 751000,
      "operating_income": -2132000,
      "net_income": null,
      "opex": 2883000,
      "cogs": 1593000,
      "rd": null,
      "sga": null,
      "fcf": -1889000,
      "ocf": -1753000,
      "capex": -136000,
      "gross_margin": 0.3203924914675768,
      "op_margin": -0.909556313993174,
      "fcf_margin": -0.8058873720136519,
      "op_leverage_ratio": 2.6714154991796035,
      "fcf_margin_change": -0.01367245973295017
    },
    {
      "date": "2021-09-30T00:00:00",
      "quarter_label": "2021-09 (Q3)",
      "revenue": 2246000,
      "gross_profit": 528000,
      "operating_income": -2439000,
      "net_income": null,
      "opex": 2967000,
      "cogs": 1718000,
      "rd": null,
      "sga": null,
      "fcf": -2426000,
      "ocf": -2123000,
      "capex": -303000,
      "gross_margin": 0.2350845948352627,
      "op_margin": -1.0859305431878896,
      "fcf_margin": -1.0801424755120215,
      "fcf_margin_change": -0.27425510349836957
    },
    {
      "date": "2021-12-31T00:00:00",
      "quarter_label": "2021-12 (Q4)",
      "revenue": 2435000,
      "gross_profit": 645000,
      "operating_income": -2905000,
      "net_income": null,
      "opex": 3550000,
      "cogs": 1790000,
      "rd": null,
      "sga": null,
      "fcf": -1499000,
      "ocf": -1441000,
      "capex": -58000,
      "gross_margin": 0.2648870636550308,
      "op_margin": -1.1930184804928132,
      "fcf_margin": -0.615605749486653,
      "rev_growth_yoy": 0.25450798557444615,
      "op_leverage_ratio": 0.42825362107440107,
      "fcf_margin_change": 0.46453672602536844
    },
    {
      "date": "2022-03-31T00:00:00",
      "quarter_label": "2022-03 (Q1)",
      "revenue": 2447000,
      "gross_profit": 703000,
      "operating_income": -4809000,
      "net_income": null,
      "opex": 5512000,
      "cogs": 1744000,
      "rd": null,
      "sga": null,
      "fcf": -2344000,
      "ocf": -2334000,
      "capex": -10000,
      "gross_margin": 0.28729055986922764,
      "op_margin": -1.9652635880670208,
      "fcf_margin": -0.9579076420106253,
      "rev_growth_yoy": 0.34155701754385964,
      "rev_growth_yoy_accel": 0.08704903196941349,
      "fcf_margin_change": -0.34230189252397225
    },
    {
      "date": "2022-06-30T00:00:00",
      "quarter_label": "2022-06 (Q2)",
      "revenue": 2359000,
      "gross_profit": 773000,
      "operating_income": -2433000,
      "net_income": null,
      "opex": 3206000,
      "cogs": 1586000,
      "rd": null,
      "sga": null,
      "fcf": -1742000,
      "ocf": -1646000,
      "capex": -96000,
      "gross_margin": 0.32768122085629503,
      "op_margin": -1.0313692242475625,
      "fcf_margin": -0.738448495125053,
      "rev_growth_yoy": 0.0063993174061433445,
      "rev_growth_yoy_accel": -0.3351577001377163,
      "fcf_margin_change": 0.21945914688557233
    },
    {
      "date": "2022-09-30T00:00:00",
      "quarter_label": "2022-09 (Q3)",
      "revenue": 2215000,
      "gross_profit": 436000,
      "operating_income": -3229000,
      "net_income": null,
      "opex": 3665000,
      "cogs": 1779000,
      "rd": null,
      "sga": null,
      "fcf": -2360000,
      "ocf": -2241000,
      "capex": -119000,
      "gross_margin": 0.19683972911963882,
      "op_margin": -1.4577878103837472,
      "fcf_margin": -1.0654627539503385,
      "rev_growth_yoy": -0.013802315227070348,
      "rev_growth_yoy_accel": -0.020201632633213694,
      "fcf_margin_change": -0.32701425882528556
    },
    {
      "date": "2022-12-31T00:00:00",
      "quarter_label": "2022-12 (Q4)",
      "revenue": 2391000,
      "gross_profit": 598000,
      "operating_income": -2326000,
      "net_income": null,
      "opex": 2924000,
      "cogs": 1793000,
      "rd": null,
      "sga": null,
      "fcf": -1552000,
      "ocf": -1500000,
      "capex": -52000,
      "gross_margin": 0.25010455876202425,
      "op_margin": -0.972814721873693,
      "fcf_margin": -0.6491007946465914,
      "rev_growth_yoy": -0.018069815195071868,
      "rev_growth_yoy_accel": -0.00426749996800152,
      "op_leverage_ratio": Infinity,
      "fcf_margin_change": 0.4163619593037471
    },
    {
      "date": "2023-03-31T00:00:00",
      "quarter_label": "2023-03 (Q1)",
      "revenue": 2817000,
      "gross_profit": 749000,
      "operating_income": -3026000,
      "net_income": null,
      "opex": 3775000,
      "cogs": 2068000,
      "rd": null,
      "sga": null,
      "fcf": -1597000,
      "ocf": -1575000,
      "capex": -22000,
      "gross_margin": 0.26588569400071,
      "op_margin": -1.0741924032658856,
      "fcf_margin": -0.5669151579694711,
      "rev_growth_yoy": 0.15120555782590928,
      "rev_growth_yoy_accel": 0.16927537302098114,
      "op_leverage_ratio": 0.6121781592841545,
      "fcf_margin_change": 0.08218563667712031
    },
    {
      "date": "2023-06-30T00:00:00",
      "quarter_label": "2023-06 (Q2)",
      "revenue": 3533000,
      "gross_profit": 1371000,
      "operating_income": -2292000,
      "net_income": null,
      "opex": 3663000,
      "cogs": 2162000,
      "rd": null,
      "sga": null,
      "fcf": -1234000,
      "ocf": -1202000,
      "capex": -32000,
      "gross_margin": 0.388055476931786,
      "op_margin": -0.6487404472120011,
      "fcf_margin": -0.3492782337956411,
      "incr_op_margin_yoy": 0.1201022146507666,
      "rev_growth_yoy": 0.4976685036032217,
      "rev_growth_yoy_accel": 0.3464629457773124,
      "op_leverage_ratio": Infinity,
      "fcf_margin_change": 0.21763692417383002
    },
    {
      "date": "2023-09-30T00:00:00",
      "quarter_label": "2023-09 (Q3)",
      "revenue": 4518000,
      "gross_profit": 1885000,
      "operating_income": -1448000,
      "net_income": null,
      "opex": 3333000,
      "cogs": 2633000,
      "rd": null,
      "sga": null,
      "fcf": -919000,
      "ocf": -896000,
      "capex": -23000,
      "gross_margin": 0.417220008853475,
      "op_margin": -0.32049579459938027,
      "fcf_margin": -0.20340858787073926,
      "incr_op_margin_yoy": 0.7733391228831958,
      "rev_growth_yoy": 1.039729119638826,
      "rev_growth_yoy_accel": 0.5420606160356044,
      "op_leverage_ratio": Infinity,
      "fcf_margin_change": 0.14586964592490184
    },
    {
      "date": "2023-12-31T00:00:00",
      "quarter_label": "2023-12 (Q4)",
      "revenue": 4329000,
      "gross_profit": 2013000,
      "operating_income": -854000,
      "net_income": null,
      "opex": 2867000,
      "cogs": 2316000,
      "rd": null,
      "sga": null,
      "fcf": 65000,
      "ocf": 114000,
      "capex": -49000,
      "gross_margin": 0.465003465003465,
      "op_margin": -0.19727419727419726,
      "fcf_margin": 0.015015015015015015,
      "incr_op_margin_yoy": 0.759545923632611,
      "rev_growth_yoy": 0.8105395232120451,
      "rev_growth_yoy_accel": -0.22918959642678094,
      "fcf_margin_change": 0.21842360288575427
    },
    {
      "date": "2024-03-31T00:00:00",
      "quarter_label": "2024-03 (Q1)",
      "revenue": 3432000,
      "gross_profit": 920000,
      "operating_income": -2074000,
      "net_income": null,
      "opex": 2994000,
      "cogs": 2512000,
      "rd": null,
      "sga": null,
      "fcf": -667000,
      "ocf": -667000,
      "capex": null,
      "gross_margin": 0.2680652680652681,
      "op_margin": -0.6043123543123543,
      "fcf_margin": -0.19434731934731936,
      "rev_growth_yoy": 0.21831735889243875,
      "rev_growth_yoy_accel": -0.5922221643196064,
      "fcf_margin_change": -0.20936233436233437
    },
    {
      "date": "2024-06-30T00:00:00",
      "quarter_label": "2024-06 (Q2)",
      "revenue": 4441000,
      "gross_profit": 1716000,
      "operating_income": -1209000,
      "net_income": null,
      "opex": 2925000,
      "cogs": 2725000,
      "rd": null,
      "sga": null,
      "fcf": 500000,
      "ocf": 500000,
      "capex": null,
      "gross_margin": 0.3863994595811754,
      "op_margin": -0.2722359828867372,
      "fcf_margin": 0.11258725512272011,
      "rev_growth_yoy": 0.2570053778658364,
      "rev_growth_yoy_accel": 0.03868801897339763,
      "op_leverage_ratio": Infinity,
      "fcf_margin_change": 0.30693457447003947
    },
    {
      "date": "2024-09-30T00:00:00",
      "quarter_label": "2024-09 (Q3)",
      "revenue": 5209000,
      "gross_profit": 2277000,
      "operating_income": -597000,
      "net_income": null,
      "opex": 2874000,
      "cogs": 2932000,
      "rd": null,
      "sga": null,
      "fcf": -68000,
      "ocf": 41000,
      "capex": -109000,
      "gross_margin": 0.4371280476099059,
      "op_margin": -0.11460933000575926,
      "fcf_margin": -0.013054329045882128,
      "rev_growth_yoy": 0.1529437804338203,
      "rev_growth_yoy_accel": -0.1040615974320161,
      "op_leverage_ratio": Infinity,
      "fcf_margin_change": -0.12564158416860224
    },
    {
      "date": "2024-12-31T00:00:00",
      "quarter_label": "2024-12 (Q4)",
      "revenue": 5450000,
      "gross_profit": 2646000,
      "operating_income": -336000,
      "net_income": null,
      "opex": 2982000,
      "cogs": 2804000,
      "rd": null,
      "sga": null,
      "fcf": 521000,
      "ocf": 565000,
      "capex": -44000,
      "gross_margin": 0.4855045871559633,
      "op_margin": -0.06165137614678899,
      "fcf_margin": 0.09559633027522936,
      "incr_op_margin_yoy": 0.4620874219446922,
      "rev_growth_yoy": 0.258951258951259,
      "rev_growth_yoy_accel": 0.10600747851743869,
      "op_leverage_ratio": 1.2311917407905122,
      "fcf_margin_change": 0.10865065932111148
    },
    {
      "date": "2025-03-31T00:00:00",
      "quarter_label": "2025-03 (Q1)",
      "revenue": 4929000,
      "gross_profit": 2140000,
      "operating_income": -859000,
      "net_income": null,
      "opex": 2999000,
      "cogs": 2789000,
      "rd": null,
      "sga": null,
      "fcf": -182000,
      "ocf": -44000,
      "capex": -138000,
      "gross_margin": 0.4341651450598499,
      "op_margin": -0.17427470075065937,
      "fcf_margin": -0.036924325420977885,
      "incr_op_margin_yoy": 0.811623246492986,
      "rev_growth_yoy": 0.4361888111888112,
      "rev_growth_yoy_accel": 0.17723755223755222,
      "fcf_margin_change": -0.13252065569620725
    },
    {
      "date": "2025-06-30T00:00:00",
      "quarter_label": "2025-06 (Q2)",
      "revenue": 5654000,
      "gross_profit": 2429000,
      "operating_income": -824000,
      "net_income": null,
      "opex": 3253000,
      "cogs": 3225000,
      "rd": null,
      "sga": null,
      "fcf": 294000,
      "ocf": 353000,
      "capex": -59000,
      "gross_margin": 0.42960735762292185,
      "op_margin": -0.14573753095153874,
      "fcf_margin": 0.051998585072515036,
      "incr_op_margin_yoy": 0.3173948887056884,
      "rev_growth_yoy": 0.273136680927719,
      "rev_growth_yoy_accel": -0.16305213026109222,
      "op_leverage_ratio": 1.736688536270154,
      "fcf_margin_change": 0.08892291049349292
    },
    {
      "date": "2025-09-30T00:00:00",
      "quarter_label": "2025-09 (Q3)",
      "revenue": 6767000,
      "gross_profit": 3005000,
      "operating_income": -61000,
      "net_income": null,
      "opex": 3066000,
      "cogs": 3762000,
      "rd": null,
      "sga": null,
      "fcf": -44000,
      "ocf": 10000,
      "capex": -54000,
      "gross_margin": 0.44406679473917543,
      "op_margin": -0.00901433426924782,
      "fcf_margin": -0.0065021427515885915,
      "incr_op_margin_yoy": 0.34403080872913994,
      "rev_growth_yoy": 0.299097715492417,
      "rev_growth_yoy_accel": 0.025961034564698005,
      "op_leverage_ratio": Infinity,
      "fcf_margin_change": -0.05850072782410363
    }
  ],
  "signals": [
    {
      "quarter": "2025-06 (Q2)",
      "signal": "FCF TURNED POSITIVE",
      "detail": "FCF margin: -3.7% -> +5.2%",
      "severity": "HIGH"
    },
    {
      "quarter": "2025-06 (Q2)",
      "signal": "OPERATING LEVERAGE",
      "detail": "Rev growth +14.7% vs OpEx growth +8.5% (leverage: 1.7x)",
      "severity": "MEDIUM"
    },
    {
      "quarter": "2025-06 (Q2)",
      "signal": "YoY REVENUE GROWTH DECELERATION",
      "detail": "YoY growth: +27.3% vs prior quarter YoY: +43.6% (decel: -16.3%)",
      "severity": "WARNING"
    },
    {
      "quarter": "2025-03 (Q1)",
      "signal": "YoY REVENUE GROWTH ACCELERATION",
      "detail": "YoY growth: +43.6% vs prior quarter YoY: +25.9% (accel: +17.7%)",
      "severity": "HIGH"
    },
    {
      "quarter": "2024-12 (Q4)",
      "signal": "FCF TURNED POSITIVE",
      "detail": "FCF margin: -1.3% -> +9.6%",
      "severity": "HIGH"
    },
    {
      "quarter": "2024-12 (Q4)",
      "signal": "YoY REVENUE GROWTH ACCELERATION",
      "detail": "YoY growth: +25.9% vs prior quarter YoY: +15.3% (accel: +10.6%)",
      "severity": "MEDIUM"
    },
    {
      "quarter": "2024-09 (Q3)",
      "signal": "YoY REVENUE GROWTH DECELERATION",
      "detail": "YoY growth: +15.3% vs prior quarter YoY: +25.7% (decel: -10.4%)",
      "severity": "WARNING"
    },
    {
      "quarter": "2024-06 (Q2)",
      "signal": "FCF TURNED POSITIVE",
      "detail": "FCF margin: -19.4% -> +11.3%",
      "severity": "HIGH"
    },
    {
      "quarter": "2024-06 (Q2)",
      "signal": "GROSS MARGIN INFLECTION",
      "detail": "GM: +46.5% -> +26.8% -> +38.6% (reversal +11.8%)",
      "severity": "HIGH"
    },
    {
      "quarter": "2024-03 (Q1)",
      "signal": "YoY REVENUE GROWTH DECELERATION",
      "detail": "YoY growth: +21.8% vs prior quarter YoY: +81.1% (decel: -59.2%)",
      "severity": "WARNING"
    },
    {
      "quarter": "2023-12 (Q4)",
      "signal": "FCF TURNED POSITIVE",
      "detail": "FCF margin: -20.3% -> +1.5%",
      "severity": "HIGH"
    },
    {
      "quarter": "2023-12 (Q4)",
      "signal": "YoY REVENUE GROWTH DECELERATION",
      "detail": "YoY growth: +81.1% vs prior quarter YoY: +104.0% (decel: -22.9%)",
      "severity": "WARNING"
    },
    {
      "quarter": "2023-09 (Q3)",
      "signal": "FCF MARGIN EXPANSION",
      "detail": "FCF margin: -34.9% -> -20.3% (+14.6%)",
      "severity": "MEDIUM"
    },
    {
      "quarter": "2023-09 (Q3)",
      "signal": "YoY REVENUE GROWTH ACCELERATION",
      "detail": "YoY growth: +104.0% vs prior quarter YoY: +49.8% (accel: +54.2%)",
      "severity": "HIGH"
    },
    {
      "quarter": "2023-06 (Q2)",
      "signal": "FCF MARGIN EXPANSION",
      "detail": "FCF margin: -56.7% -> -34.9% (+21.8%)",
      "severity": "MEDIUM"
    },
    {
      "quarter": "2023-06 (Q2)",
      "signal": "YoY REVENUE GROWTH ACCELERATION",
      "detail": "YoY growth: +49.8% vs prior quarter YoY: +15.1% (accel: +34.6%)",
      "severity": "HIGH"
    },
    {
      "quarter": "2023-03 (Q1)",
      "signal": "FCF MARGIN EXPANSION",
      "detail": "FCF margin: -64.9% -> -56.7% (+8.2%)",
      "severity": "MEDIUM"
    },
    {
      "quarter": "2023-03 (Q1)",
      "signal": "YoY REVENUE GROWTH ACCELERATION",
      "detail": "YoY growth: +15.1% vs prior quarter YoY: -1.8% (accel: +16.9%)",
      "severity": "HIGH"
    },
    {
      "quarter": "2022-12 (Q4)",
      "signal": "FCF MARGIN EXPANSION",
      "detail": "FCF margin: -106.5% -> -64.9% (+41.6%)",
      "severity": "MEDIUM"
    },
    {
      "quarter": "2022-12 (Q4)",
      "signal": "GROSS MARGIN INFLECTION",
      "detail": "GM: +32.8% -> +19.7% -> +25.0% (reversal +5.3%)",
      "severity": "HIGH"
    },
    {
      "quarter": "2022-06 (Q2)",
      "signal": "FCF MARGIN EXPANSION",
      "detail": "FCF margin: -95.8% -> -73.8% (+21.9%)",
      "severity": "MEDIUM"
    },
    {
      "quarter": "2022-06 (Q2)",
      "signal": "YoY REVENUE GROWTH DECELERATION",
      "detail": "YoY growth: +0.6% vs prior quarter YoY: +34.2% (decel: -33.5%)",
      "severity": "WARNING"
    },
    {
      "quarter": "2022-03 (Q1)",
      "signal": "YoY REVENUE GROWTH ACCELERATION",
      "detail": "YoY growth: +34.2% vs prior quarter YoY: +25.5% (accel: +8.7%)",
      "severity": "MEDIUM"
    },
    {
      "quarter": "2021-12 (Q4)",
      "signal": "FCF MARGIN EXPANSION",
      "detail": "FCF margin: -108.0% -> -61.6% (+46.5%)",
      "severity": "MEDIUM"
    },
    {
      "quarter": "2021-12 (Q4)",
      "signal": "GROSS MARGIN INFLECTION",
      "detail": "GM: +32.0% -> +23.5% -> +26.5% (reversal +3.0%)",
      "severity": "MEDIUM"
    },
    {
      "quarter": "2021-06 (Q2)",
      "signal": "OPERATING LEVERAGE",
      "detail": "Rev growth +28.5% vs OpEx growth +10.7% (leverage: 2.7x)",
      "severity": "MEDIUM"
    }
  ],
  "data_quality": {
    "n_quarters": 20,
    "coverage": {
      "revenue": [
        20,
        20
      ],
      "gross_profit": [
        20,
        20
      ],
      "op_income": [
        20,
        20
      ],
      "fcf": [
        20,
        20
      ]
    },
    "gaps": [],
    "warnings": []
  },
  "market_cap": null,
  "source": "SEC EDGAR",
  "last_updated": "2026-02-02T23:43:03.993236"
}