{
  "ticker": "PRSU",
  "name": "Pursuit Attractions and Hospitality, Inc.",
  "quarters": [
    {
      "date": "2020-12-31T00:00:00",
      "quarter_label": "2020-12 (Q4)",
      "revenue": 25572000,
      "gross_profit": null,
      "operating_income": -53059000,
      "net_income": -50473000,
      "opex": 83427000,
      "cogs": null,
      "rd": null,
      "sga": null,
      "fcf": -36729000,
      "ocf": -36729000,
      "capex": null,
      "gross_margin": null,
      "op_margin": -2.074886594712967,
      "fcf_margin": -1.4362975129047395
    },
    {
      "date": "2021-03-31T00:00:00",
      "quarter_label": "2021-03 (Q1)",
      "revenue": 28935000,
      "gross_profit": null,
      "operating_income": -40213000,
      "net_income": -43152000,
      "opex": 77419000,
      "cogs": null,
      "rd": null,
      "sga": null,
      "fcf": -32719000,
      "ocf": -32719000,
      "capex": null,
      "gross_margin": null,
      "op_margin": -1.3897701745291169,
      "fcf_margin": -1.1307758769656127,
      "op_leverage_ratio": Infinity,
      "fcf_margin_change": 0.30552163593912685
    },
    {
      "date": "2021-06-30T00:00:00",
      "quarter_label": "2021-06 (Q2)",
      "revenue": 61233000,
      "gross_profit": null,
      "operating_income": -37982000,
      "net_income": -42026000,
      "opex": 106304000,
      "cogs": null,
      "rd": null,
      "sga": null,
      "fcf": -6830000,
      "ocf": -6830000,
      "capex": null,
      "gross_margin": null,
      "op_margin": -0.6202864468505545,
      "fcf_margin": -0.1115411624450868,
      "op_leverage_ratio": 2.9917639792340753,
      "fcf_margin_change": 1.0192347145205258
    },
    {
      "date": "2021-09-30T00:00:00",
      "quarter_label": "2021-09 (Q3)",
      "revenue": 233599000,
      "gross_profit": null,
      "operating_income": null,
      "net_income": 15067000,
      "opex": 208743000,
      "cogs": null,
      "rd": null,
      "sga": null,
      "fcf": 36836000,
      "ocf": 36836000,
      "capex": null,
      "gross_margin": null,
      "op_margin": null,
      "fcf_margin": 0.15768903120304453,
      "op_leverage_ratio": 2.9211263483560828,
      "fcf_margin_change": 0.26923019364813133
    },
    {
      "date": "2021-12-31T00:00:00",
      "quarter_label": "2021-12 (Q4)",
      "revenue": 183573000,
      "gross_profit": null,
      "operating_income": null,
      "net_income": -22544000,
      "opex": 209955000,
      "cogs": null,
      "rd": null,
      "sga": null,
      "fcf": -35139000,
      "ocf": -35139000,
      "capex": null,
      "gross_margin": null,
      "op_margin": null,
      "fcf_margin": -0.19141703845336733,
      "rev_growth_yoy": 6.178671984983576,
      "fcf_margin_change": -0.3491060696564119
    },
    {
      "date": "2022-03-31T00:00:00",
      "quarter_label": "2022-03 (Q1)",
      "revenue": 177360000,
      "gross_profit": null,
      "operating_income": null,
      "net_income": -29001000,
      "opex": 210560000,
      "cogs": null,
      "rd": null,
      "sga": null,
      "fcf": 17923000,
      "ocf": 17923000,
      "capex": null,
      "gross_margin": null,
      "op_margin": null,
      "fcf_margin": 0.10105435272891294,
      "rev_growth_yoy": 5.129600829445309,
      "rev_growth_yoy_accel": -1.0490711555382672,
      "fcf_margin_change": 0.29247139118228027
    },
    {
      "date": "2022-06-30T00:00:00",
      "quarter_label": "2022-06 (Q2)",
      "revenue": 319203000,
      "gross_profit": null,
      "operating_income": null,
      "net_income": 19839000,
      "opex": 295734000,
      "cogs": null,
      "rd": null,
      "sga": null,
      "fcf": 26095000,
      "ocf": 26095000,
      "capex": null,
      "gross_margin": null,
      "op_margin": null,
      "fcf_margin": 0.08175048480120801,
      "rev_growth_yoy": 4.2129244035079125,
      "rev_growth_yoy_accel": -0.9166764259373963,
      "op_leverage_ratio": 1.9770654948067306,
      "fcf_margin_change": -0.01930386792770493
    },
    {
      "date": "2022-09-30T00:00:00",
      "quarter_label": "2022-09 (Q3)",
      "revenue": 382721000,
      "gross_profit": null,
      "operating_income": null,
      "net_income": 40145000,
      "opex": 327091000,
      "cogs": null,
      "rd": null,
      "sga": null,
      "fcf": 61467000,
      "ocf": 61467000,
      "capex": null,
      "gross_margin": null,
      "op_margin": null,
      "fcf_margin": 0.1606052450740879,
      "rev_growth_yoy": 0.6383674587648064,
      "rev_growth_yoy_accel": -3.5745569447431063,
      "op_leverage_ratio": 1.876707553661448,
      "fcf_margin_change": 0.0788547602728799
    },
    {
      "date": "2022-12-31T00:00:00",
      "quarter_label": "2022-12 (Q4)",
      "revenue": 248027000,
      "gross_profit": null,
      "operating_income": null,
      "net_income": -7763000,
      "opex": 259306000,
      "cogs": null,
      "rd": null,
      "sga": null,
      "fcf": -32054000,
      "ocf": -32054000,
      "capex": null,
      "gross_margin": null,
      "op_margin": null,
      "fcf_margin": -0.1292359299592383,
      "rev_growth_yoy": 0.35110827845053466,
      "rev_growth_yoy_accel": -0.2872591803142717,
      "fcf_margin_change": -0.2898411750333262
    },
    {
      "date": "2023-03-31T00:00:00",
      "quarter_label": "2023-03 (Q1)",
      "revenue": 260791000,
      "gross_profit": null,
      "operating_income": -5528000,
      "net_income": -20869000,
      "opex": 282701000,
      "cogs": null,
      "rd": null,
      "sga": null,
      "fcf": 10069000,
      "ocf": 10069000,
      "capex": null,
      "gross_margin": null,
      "op_margin": -0.021197050511712445,
      "fcf_margin": 0.03860946121606957,
      "rev_growth_yoy": 0.47040482634190345,
      "rev_growth_yoy_accel": 0.11929654789136879,
      "op_leverage_ratio": 0.5703971561472954,
      "fcf_margin_change": 0.16784539117530786
    },
    {
      "date": "2023-06-30T00:00:00",
      "quarter_label": "2023-06 (Q2)",
      "revenue": 320311000,
      "gross_profit": null,
      "operating_income": 33444000,
      "net_income": 10961000,
      "opex": 303562000,
      "cogs": null,
      "rd": null,
      "sga": null,
      "fcf": 28731000,
      "ocf": 28731000,
      "capex": null,
      "gross_margin": null,
      "op_margin": 0.1044110255345586,
      "fcf_margin": 0.08969720053323177,
      "rev_growth_yoy": 0.0034711453213159024,
      "rev_growth_yoy_accel": -0.4669336810205875,
      "op_leverage_ratio": 3.092876256238016,
      "fcf_margin_change": 0.0510877393171622
    },
    {
      "date": "2023-09-30T00:00:00",
      "quarter_label": "2023-09 (Q3)",
      "revenue": 365899000,
      "gross_profit": null,
      "operating_income": 76025000,
      "net_income": 41271000,
      "opex": 306946000,
      "cogs": null,
      "rd": null,
      "sga": null,
      "fcf": 77754000,
      "ocf": 77754000,
      "capex": null,
      "gross_margin": null,
      "op_margin": 0.20777591630477263,
      "fcf_margin": 0.21250126401001368,
      "rev_growth_yoy": -0.043953689502274504,
      "rev_growth_yoy_accel": -0.0474248348235904,
      "op_leverage_ratio": 12.767202225514383,
      "fcf_margin_change": 0.12280406347678191
    },
    {
      "date": "2023-12-31T00:00:00",
      "quarter_label": "2023-12 (Q4)",
      "revenue": 291679000,
      "gross_profit": null,
      "operating_income": 4502000,
      "net_income": -15346000,
      "opex": 302398000,
      "cogs": null,
      "rd": null,
      "sga": null,
      "fcf": -11876000,
      "ocf": -11876000,
      "capex": null,
      "gross_margin": null,
      "op_margin": 0.015434775900904762,
      "fcf_margin": -0.04071599258088515,
      "rev_growth_yoy": 0.17599696807202442,
      "rev_growth_yoy_accel": 0.21995065757429894,
      "fcf_margin_change": -0.25321725659089883
    },
    {
      "date": "2024-03-31T00:00:00",
      "quarter_label": "2024-03 (Q1)",
      "revenue": 273497000,
      "gross_profit": null,
      "operating_income": -8473000,
      "net_income": -25117000,
      "opex": 298786000,
      "cogs": null,
      "rd": null,
      "sga": 12842000,
      "fcf": -7543000,
      "ocf": -7543000,
      "capex": null,
      "gross_margin": null,
      "op_margin": -0.030980230130495032,
      "fcf_margin": -0.027579827201029628,
      "incr_op_margin_yoy": -0.2317802612938769,
      "rev_growth_yoy": 0.048721006476450494,
      "rev_growth_yoy_accel": -0.12727596159557392,
      "fcf_margin_change": 0.013136165379855524
    },
    {
      "date": "2024-06-30T00:00:00",
      "quarter_label": "2024-06 (Q2)",
      "revenue": 378538000,
      "gross_profit": null,
      "operating_income": 53437000,
      "net_income": 29311000,
      "opex": 342709000,
      "cogs": null,
      "rd": null,
      "sga": 13695000,
      "fcf": 30274000,
      "ocf": 30274000,
      "capex": null,
      "gross_margin": null,
      "op_margin": 0.14116680491786823,
      "fcf_margin": 0.07997611864594836,
      "incr_op_margin_yoy": 0.34336304463565015,
      "rev_growth_yoy": 0.18178270493364262,
      "rev_growth_yoy_accel": 0.13306169845719212,
      "op_leverage_ratio": 2.612609667629944,
      "fcf_margin_change": 0.10755594584697799
    },
    {
      "date": "2024-09-30T00:00:00",
      "quarter_label": "2024-09 (Q3)",
      "revenue": 455704000,
      "gross_profit": 438725000,
      "operating_income": 92535000,
      "net_income": 48615000,
      "opex": 389241000,
      "cogs": 16979000,
      "rd": null,
      "sga": 14543000,
      "fcf": 110365000,
      "ocf": 110365000,
      "capex": null,
      "gross_margin": 0.9627411653178379,
      "op_margin": 0.20305944209399085,
      "fcf_margin": 0.24218571704439723,
      "incr_op_margin_yoy": 0.18384277044707978,
      "rev_growth_yoy": 0.24543658222624276,
      "rev_growth_yoy_accel": 0.06365387729260014,
      "op_leverage_ratio": 1.5013788571846676,
      "fcf_margin_change": 0.16220959839844887
    },
    {
      "date": "2024-12-31T00:00:00",
      "quarter_label": "2024-12 (Q4)",
      "revenue": -741251000,
      "gross_profit": null,
      "operating_income": null,
      "net_income": 315735000,
      "opex": -618813000,
      "cogs": null,
      "rd": null,
      "sga": null,
      "fcf": null,
      "ocf": null,
      "capex": null,
      "gross_margin": null,
      "op_margin": null,
      "fcf_margin": null,
      "rev_growth_yoy": -3.541324538276667,
      "rev_growth_yoy_accel": -3.78676112050291
    },
    {
      "date": "2025-03-31T00:00:00",
      "quarter_label": "2025-03 (Q1)",
      "revenue": 37579000,
      "gross_profit": null,
      "operating_income": null,
      "net_income": -31136000,
      "opex": 70666000,
      "cogs": null,
      "rd": null,
      "sga": 17165000,
      "fcf": null,
      "ocf": null,
      "capex": null,
      "gross_margin": null,
      "op_margin": null,
      "fcf_margin": null,
      "rev_growth_yoy": -0.8625981272189457,
      "rev_growth_yoy_accel": 2.6787264110577214
    },
    {
      "date": "2025-06-30T00:00:00",
      "quarter_label": "2025-06 (Q2)",
      "revenue": 116743000,
      "gross_profit": null,
      "operating_income": null,
      "net_income": 5646000,
      "opex": 106126000,
      "cogs": null,
      "rd": null,
      "sga": 15729000,
      "fcf": null,
      "ocf": null,
      "capex": null,
      "gross_margin": null,
      "op_margin": null,
      "fcf_margin": null,
      "rev_growth_yoy": -0.6915950314103207,
      "rev_growth_yoy_accel": 0.17100309580862494,
      "op_leverage_ratio": 4.198114591217176
    },
    {
      "date": "2025-09-30T00:00:00",
      "quarter_label": "2025-09 (Q3)",
      "revenue": 241022000,
      "gross_profit": 221213000,
      "operating_income": null,
      "net_income": 73853000,
      "opex": 135268000,
      "cogs": 19809000,
      "rd": null,
      "sga": 17445000,
      "fcf": null,
      "ocf": null,
      "capex": null,
      "gross_margin": 0.91781248184813,
      "op_margin": null,
      "fcf_margin": null,
      "rev_growth_yoy": -0.4710996611835753,
      "rev_growth_yoy_accel": 0.22049537022674542,
      "op_leverage_ratio": 3.8767638076558972
    }
  ],
  "signals": [
    {
      "quarter": "2025-09 (Q3)",
      "signal": "OPERATING LEVERAGE",
      "detail": "Rev growth +106.5% vs OpEx growth +27.5% (leverage: 3.9x)",
      "severity": "MEDIUM"
    },
    {
      "quarter": "2025-09 (Q3)",
      "signal": "YoY REVENUE GROWTH ACCELERATION",
      "detail": "YoY growth: -47.1% vs prior quarter YoY: -69.2% (accel: +22.0%)",
      "severity": "HIGH"
    },
    {
      "quarter": "2025-06 (Q2)",
      "signal": "OPERATING LEVERAGE",
      "detail": "Rev growth +210.7% vs OpEx growth +50.2% (leverage: 4.2x)",
      "severity": "MEDIUM"
    },
    {
      "quarter": "2025-06 (Q2)",
      "signal": "YoY REVENUE GROWTH ACCELERATION",
      "detail": "YoY growth: -69.2% vs prior quarter YoY: -86.3% (accel: +17.1%)",
      "severity": "HIGH"
    },
    {
      "quarter": "2025-03 (Q1)",
      "signal": "YoY REVENUE GROWTH ACCELERATION",
      "detail": "YoY growth: -86.3% vs prior quarter YoY: -354.1% (accel: +267.9%)",
      "severity": "HIGH"
    },
    {
      "quarter": "2024-12 (Q4)",
      "signal": "YoY REVENUE GROWTH DECELERATION",
      "detail": "YoY growth: -354.1% vs prior quarter YoY: +24.5% (decel: -378.7%)",
      "severity": "WARNING"
    },
    {
      "quarter": "2024-09 (Q3)",
      "signal": "FCF MARGIN EXPANSION",
      "detail": "FCF margin: +8.0% -> +24.2% (+16.2%)",
      "severity": "MEDIUM"
    },
    {
      "quarter": "2024-09 (Q3)",
      "signal": "OPERATING LEVERAGE",
      "detail": "Rev growth +20.4% vs OpEx growth +13.6% (leverage: 1.5x)",
      "severity": "MEDIUM"
    },
    {
      "quarter": "2024-09 (Q3)",
      "signal": "YoY REVENUE GROWTH ACCELERATION",
      "detail": "YoY growth: +24.5% vs prior quarter YoY: +18.2% (accel: +6.4%)",
      "severity": "MEDIUM"
    },
    {
      "quarter": "2024-06 (Q2)",
      "signal": "FCF TURNED POSITIVE",
      "detail": "FCF margin: -2.8% -> +8.0%",
      "severity": "HIGH"
    },
    {
      "quarter": "2024-06 (Q2)",
      "signal": "OPERATING LEVERAGE",
      "detail": "Rev growth +38.4% vs OpEx growth +14.7% (leverage: 2.6x)",
      "severity": "MEDIUM"
    },
    {
      "quarter": "2024-06 (Q2)",
      "signal": "YoY REVENUE GROWTH ACCELERATION",
      "detail": "YoY growth: +18.2% vs prior quarter YoY: +4.9% (accel: +13.3%)",
      "severity": "MEDIUM"
    },
    {
      "quarter": "2024-06 (Q2)",
      "signal": "INCREMENTAL MARGIN (YoY)",
      "detail": "YoY Incr OPM: +34.3% vs year-ago OPM: +10.4%",
      "severity": "HIGH"
    },
    {
      "quarter": "2024-06 (Q2)",
      "signal": "OP MARGIN TURNED POSITIVE (QoQ)",
      "detail": "Op margin: -3.1% -> +14.1%",
      "severity": "HIGH"
    },
    {
      "quarter": "2024-03 (Q1)",
      "signal": "YoY REVENUE GROWTH DECELERATION",
      "detail": "YoY growth: +4.9% vs prior quarter YoY: +17.6% (decel: -12.7%)",
      "severity": "WARNING"
    },
    {
      "quarter": "2023-12 (Q4)",
      "signal": "YoY REVENUE GROWTH ACCELERATION",
      "detail": "YoY growth: +17.6% vs prior quarter YoY: -4.4% (accel: +22.0%)",
      "severity": "HIGH"
    },
    {
      "quarter": "2023-09 (Q3)",
      "signal": "FCF MARGIN EXPANSION",
      "detail": "FCF margin: +9.0% -> +21.3% (+12.3%)",
      "severity": "MEDIUM"
    },
    {
      "quarter": "2023-09 (Q3)",
      "signal": "OPERATING LEVERAGE",
      "detail": "Rev growth +14.2% vs OpEx growth +1.1% (leverage: 12.8x)",
      "severity": "MEDIUM"
    },
    {
      "quarter": "2023-06 (Q2)",
      "signal": "FCF MARGIN EXPANSION",
      "detail": "FCF margin: +3.9% -> +9.0% (+5.1%)",
      "severity": "MEDIUM"
    },
    {
      "quarter": "2023-06 (Q2)",
      "signal": "OPERATING LEVERAGE",
      "detail": "Rev growth +22.8% vs OpEx growth +7.4% (leverage: 3.1x)",
      "severity": "MEDIUM"
    },
    {
      "quarter": "2023-06 (Q2)",
      "signal": "YoY REVENUE GROWTH DECELERATION",
      "detail": "YoY growth: +0.3% vs prior quarter YoY: +47.0% (decel: -46.7%)",
      "severity": "WARNING"
    },
    {
      "quarter": "2023-06 (Q2)",
      "signal": "OP MARGIN TURNED POSITIVE (QoQ)",
      "detail": "Op margin: -2.1% -> +10.4%",
      "severity": "HIGH"
    },
    {
      "quarter": "2023-03 (Q1)",
      "signal": "FCF TURNED POSITIVE",
      "detail": "FCF margin: -12.9% -> +3.9%",
      "severity": "HIGH"
    },
    {
      "quarter": "2023-03 (Q1)",
      "signal": "YoY REVENUE GROWTH ACCELERATION",
      "detail": "YoY growth: +47.0% vs prior quarter YoY: +35.1% (accel: +11.9%)",
      "severity": "MEDIUM"
    },
    {
      "quarter": "2022-12 (Q4)",
      "signal": "YoY REVENUE GROWTH DECELERATION",
      "detail": "YoY growth: +35.1% vs prior quarter YoY: +63.8% (decel: -28.7%)",
      "severity": "WARNING"
    },
    {
      "quarter": "2022-09 (Q3)",
      "signal": "FCF MARGIN EXPANSION",
      "detail": "FCF margin: +8.2% -> +16.1% (+7.9%)",
      "severity": "MEDIUM"
    },
    {
      "quarter": "2022-09 (Q3)",
      "signal": "OPERATING LEVERAGE",
      "detail": "Rev growth +19.9% vs OpEx growth +10.6% (leverage: 1.9x)",
      "severity": "MEDIUM"
    },
    {
      "quarter": "2022-09 (Q3)",
      "signal": "YoY REVENUE GROWTH DECELERATION",
      "detail": "YoY growth: +63.8% vs prior quarter YoY: +421.3% (decel: -357.5%)",
      "severity": "WARNING"
    },
    {
      "quarter": "2022-06 (Q2)",
      "signal": "OPERATING LEVERAGE",
      "detail": "Rev growth +80.0% vs OpEx growth +40.5% (leverage: 2.0x)",
      "severity": "MEDIUM"
    },
    {
      "quarter": "2022-06 (Q2)",
      "signal": "YoY REVENUE GROWTH DECELERATION",
      "detail": "YoY growth: +421.3% vs prior quarter YoY: +513.0% (decel: -91.7%)",
      "severity": "WARNING"
    },
    {
      "quarter": "2022-03 (Q1)",
      "signal": "FCF TURNED POSITIVE",
      "detail": "FCF margin: -19.1% -> +10.1%",
      "severity": "HIGH"
    },
    {
      "quarter": "2022-03 (Q1)",
      "signal": "YoY REVENUE GROWTH DECELERATION",
      "detail": "YoY growth: +513.0% vs prior quarter YoY: +617.9% (decel: -104.9%)",
      "severity": "WARNING"
    },
    {
      "quarter": "2021-09 (Q3)",
      "signal": "FCF TURNED POSITIVE",
      "detail": "FCF margin: -11.2% -> +15.8%",
      "severity": "HIGH"
    },
    {
      "quarter": "2021-09 (Q3)",
      "signal": "OPERATING LEVERAGE",
      "detail": "Rev growth +281.5% vs OpEx growth +96.4% (leverage: 2.9x)",
      "severity": "MEDIUM"
    },
    {
      "quarter": "2021-06 (Q2)",
      "signal": "FCF MARGIN EXPANSION",
      "detail": "FCF margin: -113.1% -> -11.2% (+101.9%)",
      "severity": "MEDIUM"
    },
    {
      "quarter": "2021-06 (Q2)",
      "signal": "OPERATING LEVERAGE",
      "detail": "Rev growth +111.6% vs OpEx growth +37.3% (leverage: 3.0x)",
      "severity": "MEDIUM"
    },
    {
      "quarter": "2021-03 (Q1)",
      "signal": "FCF MARGIN EXPANSION",
      "detail": "FCF margin: -143.6% -> -113.1% (+30.6%)",
      "severity": "MEDIUM"
    }
  ],
  "data_quality": {
    "n_quarters": 20,
    "coverage": {
      "revenue": [
        20,
        20
      ],
      "gross_profit": [
        2,
        20
      ],
      "op_income": [
        10,
        20
      ],
      "fcf": [
        16,
        20
      ]
    },
    "gaps": [],
    "warnings": [
      "gross_profit: 2/20Q",
      "op_income: 10/20Q"
    ]
  },
  "market_cap": null,
  "source": "SEC EDGAR",
  "last_updated": "2026-02-02T22:01:42.921576"
}