{
  "ticker": "PRU",
  "name": "Prudential Financial, Inc.",
  "sector": "Financial Services",
  "industry": "Insurance - Life",
  "quarters": [
    {
      "date": "2021-03-31T00:00:00",
      "quarter_label": "2021-03 (Q1)",
      "revenue": 16952000000,
      "gross_profit": null,
      "operating_income": null,
      "net_income": 2828000000,
      "opex": null,
      "cogs": null,
      "rd": null,
      "sga": null,
      "fcf": -3297000000,
      "ocf": -3297000000,
      "capex": null,
      "gross_margin": null,
      "op_margin": null,
      "fcf_margin": -0.19449032562529495
    },
    {
      "date": "2021-06-30T00:00:00",
      "quarter_label": "2021-06 (Q2)",
      "revenue": 15917000000,
      "gross_profit": null,
      "operating_income": null,
      "net_income": 2158000000,
      "opex": null,
      "cogs": null,
      "rd": null,
      "sga": null,
      "fcf": 4359000000,
      "ocf": 4359000000,
      "capex": null,
      "gross_margin": null,
      "op_margin": null,
      "fcf_margin": 0.2738581390965634,
      "fcf_margin_change": 0.46834846472185837
    },
    {
      "date": "2021-09-30T00:00:00",
      "quarter_label": "2021-09 (Q3)",
      "revenue": 21641000000,
      "gross_profit": null,
      "operating_income": null,
      "net_income": 1530000000,
      "opex": null,
      "cogs": null,
      "rd": null,
      "sga": null,
      "fcf": 5417000000,
      "ocf": 5417000000,
      "capex": null,
      "gross_margin": null,
      "op_margin": null,
      "fcf_margin": 0.2503119079524976,
      "fcf_margin_change": -0.023546231144065843
    },
    {
      "date": "2021-12-31T00:00:00",
      "quarter_label": "2021-12 (Q4)",
      "revenue": 16424000000,
      "gross_profit": null,
      "operating_income": null,
      "net_income": 1208000000,
      "opex": null,
      "cogs": null,
      "rd": null,
      "sga": null,
      "fcf": 3333000000,
      "ocf": 3333000000,
      "capex": null,
      "gross_margin": null,
      "op_margin": null,
      "fcf_margin": 0.20293472966390647,
      "fcf_margin_change": -0.047377178288591115
    },
    {
      "date": "2022-03-31T00:00:00",
      "quarter_label": "2022-03 (Q1)",
      "revenue": 13215000000,
      "gross_profit": null,
      "operating_income": null,
      "net_income": -31000000,
      "opex": null,
      "cogs": null,
      "rd": null,
      "sga": null,
      "fcf": 1000000,
      "ocf": 1000000,
      "capex": null,
      "gross_margin": null,
      "op_margin": null,
      "fcf_margin": 7.567158531971244e-05,
      "rev_growth_yoy": -0.22044596507786693,
      "fcf_margin_change": -0.20285905807858676
    },
    {
      "date": "2022-06-30T00:00:00",
      "quarter_label": "2022-06 (Q2)",
      "revenue": 13021000000,
      "gross_profit": null,
      "operating_income": null,
      "net_income": -565000000,
      "opex": null,
      "cogs": null,
      "rd": null,
      "sga": null,
      "fcf": 1501000000,
      "ocf": 1501000000,
      "capex": null,
      "gross_margin": null,
      "op_margin": null,
      "fcf_margin": 0.11527532447584671,
      "rev_growth_yoy": -0.1819438336369919,
      "rev_growth_yoy_accel": 0.038502131440875026,
      "fcf_margin_change": 0.115199652890527
    },
    {
      "date": "2022-09-30T00:00:00",
      "quarter_label": "2022-09 (Q3)",
      "revenue": 20480000000,
      "gross_profit": null,
      "operating_income": null,
      "net_income": -284000000,
      "opex": null,
      "cogs": null,
      "rd": null,
      "sga": null,
      "fcf": 4278000000,
      "ocf": 4278000000,
      "capex": null,
      "gross_margin": null,
      "op_margin": null,
      "fcf_margin": 0.20888671875,
      "rev_growth_yoy": -0.05364816782958274,
      "rev_growth_yoy_accel": 0.12829566580740917,
      "fcf_margin_change": 0.0936113942741533
    },
    {
      "date": "2022-12-31T00:00:00",
      "quarter_label": "2022-12 (Q4)",
      "revenue": 13433000000,
      "gross_profit": null,
      "operating_income": null,
      "net_income": -52000000,
      "opex": null,
      "cogs": null,
      "rd": null,
      "sga": null,
      "fcf": -622000000,
      "ocf": -622000000,
      "capex": null,
      "gross_margin": null,
      "op_margin": null,
      "fcf_margin": -0.04630387850815157,
      "rev_growth_yoy": -0.18211154408183147,
      "rev_growth_yoy_accel": -0.12846337625224874,
      "fcf_margin_change": -0.2551905972581516
    },
    {
      "date": "2023-03-31T00:00:00",
      "quarter_label": "2023-03 (Q1)",
      "revenue": 17045000000,
      "gross_profit": null,
      "operating_income": null,
      "net_income": 1462000000,
      "opex": null,
      "cogs": null,
      "rd": null,
      "sga": null,
      "fcf": 1343000000,
      "ocf": 1343000000,
      "capex": null,
      "gross_margin": null,
      "op_margin": null,
      "fcf_margin": 0.07879143443825169,
      "rev_growth_yoy": 0.28982217177449865,
      "rev_growth_yoy_accel": 0.47193371585633015,
      "fcf_margin_change": 0.12509531294640325
    },
    {
      "date": "2023-06-30T00:00:00",
      "quarter_label": "2023-06 (Q2)",
      "revenue": 13498000000,
      "gross_profit": null,
      "operating_income": null,
      "net_income": 511000000,
      "opex": null,
      "cogs": null,
      "rd": null,
      "sga": null,
      "fcf": 1224000000,
      "ocf": 1224000000,
      "capex": null,
      "gross_margin": null,
      "op_margin": null,
      "fcf_margin": 0.0906801007556675,
      "rev_growth_yoy": 0.03663313109592197,
      "rev_growth_yoy_accel": -0.25318904067857667,
      "fcf_margin_change": 0.011888666317415808
    },
    {
      "date": "2023-09-30T00:00:00",
      "quarter_label": "2023-09 (Q3)",
      "revenue": 8352000000,
      "gross_profit": null,
      "operating_income": null,
      "net_income": -802000000,
      "opex": null,
      "cogs": null,
      "rd": null,
      "sga": null,
      "fcf": 2840000000,
      "ocf": 2840000000,
      "capex": null,
      "gross_margin": null,
      "op_margin": null,
      "fcf_margin": 0.3400383141762452,
      "rev_growth_yoy": -0.5921875,
      "rev_growth_yoy_accel": -0.6288206310959219,
      "fcf_margin_change": 0.24935821342057768
    },
    {
      "date": "2023-12-31T00:00:00",
      "quarter_label": "2023-12 (Q4)",
      "revenue": 15084000000,
      "gross_profit": null,
      "operating_income": null,
      "net_income": 1317000000,
      "opex": null,
      "cogs": null,
      "rd": null,
      "sga": null,
      "fcf": 1103000000,
      "ocf": 1103000000,
      "capex": null,
      "gross_margin": null,
      "op_margin": null,
      "fcf_margin": 0.07312383983028374,
      "rev_growth_yoy": 0.12290627558996502,
      "rev_growth_yoy_accel": 0.715093775589965,
      "fcf_margin_change": -0.26691447434596144
    },
    {
      "date": "2024-03-31T00:00:00",
      "quarter_label": "2024-03 (Q1)",
      "revenue": 23509000000,
      "gross_profit": null,
      "operating_income": null,
      "net_income": 1138000000,
      "opex": null,
      "cogs": null,
      "rd": null,
      "sga": null,
      "fcf": 5221000000,
      "ocf": 5221000000,
      "capex": null,
      "gross_margin": null,
      "op_margin": null,
      "fcf_margin": 0.22208515887532435,
      "rev_growth_yoy": 0.3792314461718979,
      "rev_growth_yoy_accel": 0.2563251705819329,
      "fcf_margin_change": 0.14896131904504062
    },
    {
      "date": "2024-06-30T00:00:00",
      "quarter_label": "2024-06 (Q2)",
      "revenue": 14883000000,
      "gross_profit": null,
      "operating_income": null,
      "net_income": 1198000000,
      "opex": null,
      "cogs": null,
      "rd": null,
      "sga": null,
      "fcf": -146000000,
      "ocf": -146000000,
      "capex": null,
      "gross_margin": null,
      "op_margin": null,
      "fcf_margin": -0.00980985016461735,
      "rev_growth_yoy": 0.10260779374722181,
      "rev_growth_yoy_accel": -0.2766236524246761,
      "fcf_margin_change": -0.2318950090399417
    },
    {
      "date": "2024-09-30T00:00:00",
      "quarter_label": "2024-09 (Q3)",
      "revenue": 19490000000,
      "gross_profit": null,
      "operating_income": null,
      "net_income": 448000000,
      "opex": null,
      "cogs": null,
      "rd": null,
      "sga": null,
      "fcf": 1105000000,
      "ocf": 1105000000,
      "capex": null,
      "gross_margin": null,
      "op_margin": null,
      "fcf_margin": 0.056695741405849154,
      "rev_growth_yoy": 1.3335727969348659,
      "rev_growth_yoy_accel": 1.230965003187644,
      "fcf_margin_change": 0.06650559157046651
    },
    {
      "date": "2024-12-31T00:00:00",
      "quarter_label": "2024-12 (Q4)",
      "revenue": 12523000000,
      "gross_profit": null,
      "operating_income": null,
      "net_income": -57000000,
      "opex": null,
      "cogs": null,
      "rd": null,
      "sga": null,
      "fcf": 2322000000,
      "ocf": 2322000000,
      "capex": null,
      "gross_margin": null,
      "op_margin": null,
      "fcf_margin": 0.18541882935398865,
      "rev_growth_yoy": -0.1697825510474675,
      "rev_growth_yoy_accel": -1.5033553479823334,
      "fcf_margin_change": 0.1287230879481395
    },
    {
      "date": "2025-03-31T00:00:00",
      "quarter_label": "2025-03 (Q1)",
      "revenue": 13470000000,
      "gross_profit": null,
      "operating_income": null,
      "net_income": 707000000,
      "opex": null,
      "cogs": null,
      "rd": null,
      "sga": null,
      "fcf": -2506000000,
      "ocf": -2506000000,
      "capex": null,
      "gross_margin": null,
      "op_margin": null,
      "fcf_margin": -0.1860430586488493,
      "rev_growth_yoy": -0.42702794674380024,
      "rev_growth_yoy_accel": -0.25724539569633276,
      "fcf_margin_change": -0.37146188800283797
    },
    {
      "date": "2025-06-30T00:00:00",
      "quarter_label": "2025-06 (Q2)",
      "revenue": 13726000000,
      "gross_profit": null,
      "operating_income": null,
      "net_income": 533000000,
      "opex": null,
      "cogs": null,
      "rd": null,
      "sga": null,
      "fcf": 1162000000,
      "ocf": 1162000000,
      "capex": null,
      "gross_margin": null,
      "op_margin": null,
      "fcf_margin": 0.08465685560250619,
      "rev_growth_yoy": -0.07773970301686488,
      "rev_growth_yoy_accel": 0.34928824372693534,
      "fcf_margin_change": 0.2706999142513555
    },
    {
      "date": "2025-09-30T00:00:00",
      "quarter_label": "2025-09 (Q3)",
      "revenue": 17888000000,
      "gross_profit": null,
      "operating_income": null,
      "net_income": 1431000000,
      "opex": null,
      "cogs": null,
      "rd": null,
      "sga": null,
      "fcf": 4296000000,
      "ocf": 4296000000,
      "capex": null,
      "gross_margin": null,
      "op_margin": null,
      "fcf_margin": 0.24016100178890876,
      "rev_growth_yoy": -0.08219599794766547,
      "rev_growth_yoy_accel": -0.004456294930800589,
      "fcf_margin_change": 0.15550414618640257
    },
    {
      "date": "2025-12-31T00:00:00",
      "quarter_label": "2025-12 (Q4)",
      "revenue": 15690000000,
      "gross_profit": null,
      "operating_income": null,
      "net_income": 905000000,
      "opex": null,
      "cogs": null,
      "rd": null,
      "sga": null,
      "fcf": 3319000000,
      "ocf": 3319000000,
      "capex": null,
      "gross_margin": null,
      "op_margin": null,
      "fcf_margin": 0.21153601019757806,
      "rev_growth_yoy": 0.25289467380020764,
      "rev_growth_yoy_accel": 0.3350906717478731,
      "fcf_margin_change": -0.028624991591330695
    }
  ],
  "signals": [
    {
      "quarter": "2025-12 (Q4)",
      "signal": "YoY REVENUE GROWTH ACCELERATION",
      "detail": "YoY growth: +25.3% vs prior quarter YoY: -8.2% (accel: +33.5%)",
      "severity": "HIGH"
    },
    {
      "quarter": "2025-09 (Q3)",
      "signal": "FCF MARGIN EXPANSION",
      "detail": "FCF margin: +8.5% -> +24.0% (+15.6%)",
      "severity": "MEDIUM"
    },
    {
      "quarter": "2025-06 (Q2)",
      "signal": "FCF TURNED POSITIVE",
      "detail": "FCF margin: -18.6% -> +8.5%",
      "severity": "HIGH"
    },
    {
      "quarter": "2025-06 (Q2)",
      "signal": "YoY REVENUE GROWTH ACCELERATION",
      "detail": "YoY growth: -7.8% vs prior quarter YoY: -42.7% (accel: +34.9%)",
      "severity": "HIGH"
    },
    {
      "quarter": "2025-03 (Q1)",
      "signal": "YoY REVENUE GROWTH DECELERATION",
      "detail": "YoY growth: -42.7% vs prior quarter YoY: -17.0% (decel: -25.7%)",
      "severity": "WARNING"
    },
    {
      "quarter": "2024-12 (Q4)",
      "signal": "FCF MARGIN EXPANSION",
      "detail": "FCF margin: +5.7% -> +18.5% (+12.9%)",
      "severity": "MEDIUM"
    },
    {
      "quarter": "2024-12 (Q4)",
      "signal": "YoY REVENUE GROWTH DECELERATION",
      "detail": "YoY growth: -17.0% vs prior quarter YoY: +133.4% (decel: -150.3%)",
      "severity": "WARNING"
    },
    {
      "quarter": "2024-09 (Q3)",
      "signal": "FCF TURNED POSITIVE",
      "detail": "FCF margin: -1.0% -> +5.7%",
      "severity": "HIGH"
    },
    {
      "quarter": "2024-09 (Q3)",
      "signal": "YoY REVENUE GROWTH ACCELERATION",
      "detail": "YoY growth: +133.4% vs prior quarter YoY: +10.3% (accel: +123.1%)",
      "severity": "HIGH"
    },
    {
      "quarter": "2024-06 (Q2)",
      "signal": "YoY REVENUE GROWTH DECELERATION",
      "detail": "YoY growth: +10.3% vs prior quarter YoY: +37.9% (decel: -27.7%)",
      "severity": "WARNING"
    },
    {
      "quarter": "2024-03 (Q1)",
      "signal": "FCF MARGIN EXPANSION",
      "detail": "FCF margin: +7.3% -> +22.2% (+14.9%)",
      "severity": "MEDIUM"
    },
    {
      "quarter": "2024-03 (Q1)",
      "signal": "YoY REVENUE GROWTH ACCELERATION",
      "detail": "YoY growth: +37.9% vs prior quarter YoY: +12.3% (accel: +25.6%)",
      "severity": "HIGH"
    },
    {
      "quarter": "2023-12 (Q4)",
      "signal": "YoY REVENUE GROWTH ACCELERATION",
      "detail": "YoY growth: +12.3% vs prior quarter YoY: -59.2% (accel: +71.5%)",
      "severity": "HIGH"
    },
    {
      "quarter": "2023-09 (Q3)",
      "signal": "FCF MARGIN EXPANSION",
      "detail": "FCF margin: +9.1% -> +34.0% (+24.9%)",
      "severity": "MEDIUM"
    },
    {
      "quarter": "2023-09 (Q3)",
      "signal": "YoY REVENUE GROWTH DECELERATION",
      "detail": "YoY growth: -59.2% vs prior quarter YoY: +3.7% (decel: -62.9%)",
      "severity": "WARNING"
    },
    {
      "quarter": "2023-06 (Q2)",
      "signal": "YoY REVENUE GROWTH DECELERATION",
      "detail": "YoY growth: +3.7% vs prior quarter YoY: +29.0% (decel: -25.3%)",
      "severity": "WARNING"
    },
    {
      "quarter": "2023-03 (Q1)",
      "signal": "FCF TURNED POSITIVE",
      "detail": "FCF margin: -4.6% -> +7.9%",
      "severity": "HIGH"
    },
    {
      "quarter": "2023-03 (Q1)",
      "signal": "YoY REVENUE GROWTH ACCELERATION",
      "detail": "YoY growth: +29.0% vs prior quarter YoY: -18.2% (accel: +47.2%)",
      "severity": "HIGH"
    },
    {
      "quarter": "2022-12 (Q4)",
      "signal": "YoY REVENUE GROWTH DECELERATION",
      "detail": "YoY growth: -18.2% vs prior quarter YoY: -5.4% (decel: -12.8%)",
      "severity": "WARNING"
    },
    {
      "quarter": "2022-09 (Q3)",
      "signal": "FCF MARGIN EXPANSION",
      "detail": "FCF margin: +11.5% -> +20.9% (+9.4%)",
      "severity": "MEDIUM"
    },
    {
      "quarter": "2022-09 (Q3)",
      "signal": "YoY REVENUE GROWTH ACCELERATION",
      "detail": "YoY growth: -5.4% vs prior quarter YoY: -18.2% (accel: +12.8%)",
      "severity": "MEDIUM"
    },
    {
      "quarter": "2022-06 (Q2)",
      "signal": "FCF MARGIN EXPANSION",
      "detail": "FCF margin: +0.0% -> +11.5% (+11.5%)",
      "severity": "MEDIUM"
    },
    {
      "quarter": "2021-06 (Q2)",
      "signal": "FCF TURNED POSITIVE",
      "detail": "FCF margin: -19.4% -> +27.4%",
      "severity": "HIGH"
    }
  ],
  "data_quality": {
    "n_quarters": 20,
    "coverage": {
      "revenue": [
        20,
        20
      ],
      "gross_profit": [
        0,
        20
      ],
      "op_income": [
        0,
        20
      ],
      "fcf": [
        20,
        20
      ]
    },
    "gaps": [],
    "warnings": [
      "gross_profit: no data",
      "op_income: no data"
    ]
  },
  "market_cap": null,
  "source": "SEC EDGAR",
  "last_updated": "2026-02-24T10:52:46.320808"
}