{
  "ticker": "PRXK",
  "name": "PROCACCIANTI HOTEL REIT, INC.",
  "quarters": [
    {
      "date": "2020-12-31T00:00:00",
      "quarter_label": "2020-12 (Q4)",
      "revenue": 2573735,
      "gross_profit": -845428,
      "operating_income": -845428,
      "net_income": null,
      "opex": 0,
      "cogs": 3419163,
      "rd": null,
      "sga": null,
      "fcf": -841405,
      "ocf": -841405,
      "capex": null,
      "gross_margin": -0.3284829246212217,
      "op_margin": -0.3284829246212217,
      "fcf_margin": -0.3269198266332781
    },
    {
      "date": "2021-03-31T00:00:00",
      "quarter_label": "2021-03 (Q1)",
      "revenue": 2912109,
      "gross_profit": -655055,
      "operating_income": -655055,
      "net_income": null,
      "opex": 0,
      "cogs": 3567164,
      "rd": null,
      "sga": null,
      "fcf": 133534,
      "ocf": 133534,
      "capex": null,
      "gross_margin": -0.22494178617627295,
      "op_margin": -0.22494178617627295,
      "fcf_margin": 0.04585473964058351,
      "fcf_margin_change": 0.37277456627386163
    },
    {
      "date": "2021-06-30T00:00:00",
      "quarter_label": "2021-06 (Q2)",
      "revenue": 6274401,
      "gross_profit": null,
      "operating_income": 1334135,
      "net_income": null,
      "opex": null,
      "cogs": null,
      "rd": null,
      "sga": null,
      "fcf": 1352081,
      "ocf": 1352081,
      "capex": null,
      "gross_margin": null,
      "op_margin": 0.21263145278728598,
      "fcf_margin": 0.21549164613482627,
      "fcf_margin_change": 0.16963690649424276
    },
    {
      "date": "2021-09-30T00:00:00",
      "quarter_label": "2021-09 (Q3)",
      "revenue": 10310957,
      "gross_profit": null,
      "operating_income": 3327838,
      "net_income": null,
      "opex": null,
      "cogs": null,
      "rd": null,
      "sga": null,
      "fcf": 4312182,
      "ocf": 4312182,
      "capex": null,
      "gross_margin": null,
      "op_margin": 0.322747733309333,
      "fcf_margin": 0.41821355670477534,
      "fcf_margin_change": 0.20272191056994907
    },
    {
      "date": "2021-12-31T00:00:00",
      "quarter_label": "2021-12 (Q4)",
      "revenue": 5416359,
      "gross_profit": null,
      "operating_income": 262186,
      "net_income": null,
      "opex": null,
      "cogs": null,
      "rd": null,
      "sga": null,
      "fcf": -1719007,
      "ocf": -1719007,
      "capex": null,
      "gross_margin": null,
      "op_margin": 0.04840631870967194,
      "fcf_margin": -0.31737316525732506,
      "incr_op_margin_yoy": 0.38964491962355907,
      "rev_growth_yoy": 1.104474236858107,
      "fcf_margin_change": -0.7355867219621004
    },
    {
      "date": "2022-03-31T00:00:00",
      "quarter_label": "2022-03 (Q1)",
      "revenue": 5105573,
      "gross_profit": null,
      "operating_income": 40580,
      "net_income": null,
      "opex": null,
      "cogs": null,
      "rd": null,
      "sga": null,
      "fcf": 1288785,
      "ocf": 1288785,
      "capex": null,
      "gross_margin": null,
      "op_margin": 0.007948177413191428,
      "fcf_margin": 0.2524271026973858,
      "incr_op_margin_yoy": 0.31713992114755474,
      "rev_growth_yoy": 0.7532218059145451,
      "rev_growth_yoy_accel": -0.35125243094356196,
      "fcf_margin_change": 0.5698002679547108
    },
    {
      "date": "2022-06-30T00:00:00",
      "quarter_label": "2022-06 (Q2)",
      "revenue": 8313460,
      "gross_profit": null,
      "operating_income": 3112026,
      "net_income": null,
      "opex": null,
      "cogs": null,
      "rd": null,
      "sga": null,
      "fcf": 2879216,
      "ocf": 2879216,
      "capex": null,
      "gross_margin": null,
      "op_margin": 0.3743358361019359,
      "fcf_margin": 0.3463318522011293,
      "incr_op_margin_yoy": 0.8719173893447909,
      "rev_growth_yoy": 0.3249806634928179,
      "rev_growth_yoy_accel": -0.42824114242172723,
      "fcf_margin_change": 0.0939047495037435
    },
    {
      "date": "2022-09-30T00:00:00",
      "quarter_label": "2022-09 (Q3)",
      "revenue": 10951988,
      "gross_profit": null,
      "operating_income": 3847927,
      "net_income": null,
      "opex": null,
      "cogs": null,
      "rd": null,
      "sga": null,
      "fcf": 3900497,
      "ocf": 3900497,
      "capex": null,
      "gross_margin": null,
      "op_margin": 0.3513450708674991,
      "fcf_margin": 0.35614511264986776,
      "rev_growth_yoy": 0.06216988393996794,
      "rev_growth_yoy_accel": -0.26281077955285,
      "fcf_margin_change": 0.009813260448738481
    },
    {
      "date": "2022-12-31T00:00:00",
      "quarter_label": "2022-12 (Q4)",
      "revenue": 6237684,
      "gross_profit": null,
      "operating_income": 333142,
      "net_income": null,
      "opex": null,
      "cogs": null,
      "rd": null,
      "sga": null,
      "fcf": 229079,
      "ocf": 229079,
      "capex": null,
      "gross_margin": null,
      "op_margin": 0.053407963596745205,
      "fcf_margin": 0.03672500883340676,
      "rev_growth_yoy": 0.15163784379875853,
      "rev_growth_yoy_accel": 0.08946795985879058,
      "fcf_margin_change": -0.319420103816461
    },
    {
      "date": "2023-03-31T00:00:00",
      "quarter_label": "2023-03 (Q1)",
      "revenue": 5258646,
      "gross_profit": null,
      "operating_income": -198464,
      "net_income": null,
      "opex": null,
      "cogs": null,
      "rd": null,
      "sga": null,
      "fcf": 825048,
      "ocf": 825048,
      "capex": null,
      "gross_margin": null,
      "op_margin": -0.037740513432545184,
      "fcf_margin": 0.15689361862350118,
      "rev_growth_yoy": 0.02998155153202197,
      "rev_growth_yoy_accel": -0.12165629226673655,
      "fcf_margin_change": 0.12016860979009442
    },
    {
      "date": "2023-06-30T00:00:00",
      "quarter_label": "2023-06 (Q2)",
      "revenue": 8157803,
      "gross_profit": null,
      "operating_income": 1638096,
      "net_income": null,
      "opex": null,
      "cogs": null,
      "rd": null,
      "sga": null,
      "fcf": 2477612,
      "ocf": 2477612,
      "capex": null,
      "gross_margin": null,
      "op_margin": 0.20080112255713947,
      "fcf_margin": 0.3037106926950798,
      "rev_growth_yoy": -0.018723491783204586,
      "rev_growth_yoy_accel": -0.04870504331522656,
      "fcf_margin_change": 0.1468170740715786
    },
    {
      "date": "2023-09-30T00:00:00",
      "quarter_label": "2023-09 (Q3)",
      "revenue": 10986213,
      "gross_profit": null,
      "operating_income": 3794254,
      "net_income": null,
      "opex": null,
      "cogs": null,
      "rd": null,
      "sga": null,
      "fcf": 3000955,
      "ocf": 3000955,
      "capex": null,
      "gross_margin": null,
      "op_margin": 0.3453650498128882,
      "fcf_margin": 0.2731564552771733,
      "rev_growth_yoy": 0.003125003424035892,
      "rev_growth_yoy_accel": 0.021848495207240477,
      "fcf_margin_change": -0.03055423741790647
    },
    {
      "date": "2023-12-31T00:00:00",
      "quarter_label": "2023-12 (Q4)",
      "revenue": 5561565,
      "gross_profit": null,
      "operating_income": -557397,
      "net_income": null,
      "opex": null,
      "cogs": null,
      "rd": null,
      "sga": null,
      "fcf": 145486,
      "ocf": 145486,
      "capex": null,
      "gross_margin": null,
      "op_margin": -0.10022304872819071,
      "fcf_margin": 0.026159183611087888,
      "rev_growth_yoy": -0.10839263418922793,
      "rev_growth_yoy_accel": -0.11151763761326382,
      "fcf_margin_change": -0.24699727166608543
    },
    {
      "date": "2024-03-31T00:00:00",
      "quarter_label": "2024-03 (Q1)",
      "revenue": 5363333,
      "gross_profit": null,
      "operating_income": -304889,
      "net_income": null,
      "opex": null,
      "cogs": null,
      "rd": null,
      "sga": null,
      "fcf": 825576,
      "ocf": 825576,
      "capex": null,
      "gross_margin": null,
      "op_margin": -0.05684692708806259,
      "fcf_margin": 0.1539296553094876,
      "rev_growth_yoy": 0.01990759598573473,
      "rev_growth_yoy_accel": 0.12830023017496267,
      "fcf_margin_change": 0.12777047169839972
    },
    {
      "date": "2024-06-30T00:00:00",
      "quarter_label": "2024-06 (Q2)",
      "revenue": 8535583,
      "gross_profit": null,
      "operating_income": 1780603,
      "net_income": null,
      "opex": null,
      "cogs": null,
      "rd": null,
      "sga": null,
      "fcf": 2589016,
      "ocf": 2589016,
      "capex": null,
      "gross_margin": null,
      "op_margin": 0.208609417774978,
      "fcf_margin": 0.30332034730375185,
      "rev_growth_yoy": 0.04630903688162119,
      "rev_growth_yoy_accel": 0.02640144089588646,
      "fcf_margin_change": 0.14939069199426425
    },
    {
      "date": "2024-09-30T00:00:00",
      "quarter_label": "2024-09 (Q3)",
      "revenue": 11199873,
      "gross_profit": null,
      "operating_income": 3826318,
      "net_income": null,
      "opex": null,
      "cogs": null,
      "rd": null,
      "sga": null,
      "fcf": 2485846,
      "ocf": 2485846,
      "capex": null,
      "gross_margin": null,
      "op_margin": 0.34163940966116313,
      "fcf_margin": 0.2219530525033632,
      "rev_growth_yoy": 0.01944801179441906,
      "rev_growth_yoy_accel": -0.02686102508720213,
      "fcf_margin_change": -0.08136729480038865
    },
    {
      "date": "2024-12-31T00:00:00",
      "quarter_label": "2024-12 (Q4)",
      "revenue": 6785088,
      "gross_profit": null,
      "operating_income": 384844,
      "net_income": null,
      "opex": null,
      "cogs": null,
      "rd": null,
      "sga": null,
      "fcf": 762485,
      "ocf": 762485,
      "capex": null,
      "gross_margin": null,
      "op_margin": 0.05671908750483413,
      "fcf_margin": 0.11237658229340577,
      "incr_op_margin_yoy": 0.770104852953316,
      "rev_growth_yoy": 0.21999617014275658,
      "rev_growth_yoy_accel": 0.2005481583483375,
      "fcf_margin_change": -0.10957647020995742
    },
    {
      "date": "2025-03-31T00:00:00",
      "quarter_label": "2025-03 (Q1)",
      "revenue": 5846974,
      "gross_profit": null,
      "operating_income": -197174,
      "net_income": null,
      "opex": null,
      "cogs": null,
      "rd": null,
      "sga": null,
      "fcf": 117357,
      "ocf": 117357,
      "capex": null,
      "gross_margin": null,
      "op_margin": -0.03372240068110445,
      "fcf_margin": 0.020071407876963366,
      "rev_growth_yoy": 0.09017545619486987,
      "rev_growth_yoy_accel": -0.1298207139478867,
      "fcf_margin_change": -0.09230517441644241
    },
    {
      "date": "2025-06-30T00:00:00",
      "quarter_label": "2025-06 (Q2)",
      "revenue": 9172720,
      "gross_profit": null,
      "operating_income": 2406610,
      "net_income": null,
      "opex": null,
      "cogs": null,
      "rd": null,
      "sga": null,
      "fcf": 3505869,
      "ocf": 3505869,
      "capex": null,
      "gross_margin": null,
      "op_margin": 0.2623660157510531,
      "fcf_margin": 0.3822060413923024,
      "rev_growth_yoy": 0.07464481336541394,
      "rev_growth_yoy_accel": -0.015530642829455932,
      "fcf_margin_change": 0.36213463351533903
    },
    {
      "date": "2025-09-30T00:00:00",
      "quarter_label": "2025-09 (Q3)",
      "revenue": 11841606,
      "gross_profit": null,
      "operating_income": 4438499,
      "net_income": null,
      "opex": null,
      "cogs": null,
      "rd": null,
      "sga": null,
      "fcf": 3222109,
      "ocf": 3222109,
      "capex": null,
      "gross_margin": null,
      "op_margin": 0.3748223847339626,
      "fcf_margin": 0.2721006762089534,
      "rev_growth_yoy": 0.05729823900681731,
      "rev_growth_yoy_accel": -0.017346574358596628,
      "fcf_margin_change": -0.11010536518334901
    }
  ],
  "signals": [
    {
      "quarter": "2025-06 (Q2)",
      "signal": "FCF MARGIN EXPANSION",
      "detail": "FCF margin: +2.0% -> +38.2% (+36.2%)",
      "severity": "MEDIUM"
    },
    {
      "quarter": "2025-06 (Q2)",
      "signal": "OP MARGIN TURNED POSITIVE (QoQ)",
      "detail": "Op margin: -3.4% -> +26.2%",
      "severity": "HIGH"
    },
    {
      "quarter": "2025-03 (Q1)",
      "signal": "YoY REVENUE GROWTH DECELERATION",
      "detail": "YoY growth: +9.0% vs prior quarter YoY: +22.0% (decel: -13.0%)",
      "severity": "WARNING"
    },
    {
      "quarter": "2024-12 (Q4)",
      "signal": "YoY REVENUE GROWTH ACCELERATION",
      "detail": "YoY growth: +22.0% vs prior quarter YoY: +1.9% (accel: +20.1%)",
      "severity": "HIGH"
    },
    {
      "quarter": "2024-12 (Q4)",
      "signal": "OP MARGIN TURNED POSITIVE (YoY)",
      "detail": "Op margin: -10.0% (year-ago) -> +5.7%",
      "severity": "HIGH"
    },
    {
      "quarter": "2024-06 (Q2)",
      "signal": "FCF MARGIN EXPANSION",
      "detail": "FCF margin: +15.4% -> +30.3% (+14.9%)",
      "severity": "MEDIUM"
    },
    {
      "quarter": "2024-06 (Q2)",
      "signal": "OP MARGIN TURNED POSITIVE (QoQ)",
      "detail": "Op margin: -5.7% -> +20.9%",
      "severity": "HIGH"
    },
    {
      "quarter": "2024-03 (Q1)",
      "signal": "FCF MARGIN EXPANSION",
      "detail": "FCF margin: +2.6% -> +15.4% (+12.8%)",
      "severity": "MEDIUM"
    },
    {
      "quarter": "2024-03 (Q1)",
      "signal": "YoY REVENUE GROWTH ACCELERATION",
      "detail": "YoY growth: +2.0% vs prior quarter YoY: -10.8% (accel: +12.8%)",
      "severity": "MEDIUM"
    },
    {
      "quarter": "2023-12 (Q4)",
      "signal": "YoY REVENUE GROWTH DECELERATION",
      "detail": "YoY growth: -10.8% vs prior quarter YoY: +0.3% (decel: -11.2%)",
      "severity": "WARNING"
    },
    {
      "quarter": "2023-06 (Q2)",
      "signal": "FCF MARGIN EXPANSION",
      "detail": "FCF margin: +15.7% -> +30.4% (+14.7%)",
      "severity": "MEDIUM"
    },
    {
      "quarter": "2023-06 (Q2)",
      "signal": "OP MARGIN TURNED POSITIVE (QoQ)",
      "detail": "Op margin: -3.8% -> +20.1%",
      "severity": "HIGH"
    },
    {
      "quarter": "2023-03 (Q1)",
      "signal": "FCF MARGIN EXPANSION",
      "detail": "FCF margin: +3.7% -> +15.7% (+12.0%)",
      "severity": "MEDIUM"
    },
    {
      "quarter": "2023-03 (Q1)",
      "signal": "YoY REVENUE GROWTH DECELERATION",
      "detail": "YoY growth: +3.0% vs prior quarter YoY: +15.2% (decel: -12.2%)",
      "severity": "WARNING"
    },
    {
      "quarter": "2022-12 (Q4)",
      "signal": "YoY REVENUE GROWTH ACCELERATION",
      "detail": "YoY growth: +15.2% vs prior quarter YoY: +6.2% (accel: +8.9%)",
      "severity": "MEDIUM"
    },
    {
      "quarter": "2022-09 (Q3)",
      "signal": "YoY REVENUE GROWTH DECELERATION",
      "detail": "YoY growth: +6.2% vs prior quarter YoY: +32.5% (decel: -26.3%)",
      "severity": "WARNING"
    },
    {
      "quarter": "2022-06 (Q2)",
      "signal": "FCF MARGIN EXPANSION",
      "detail": "FCF margin: +25.2% -> +34.6% (+9.4%)",
      "severity": "MEDIUM"
    },
    {
      "quarter": "2022-06 (Q2)",
      "signal": "YoY REVENUE GROWTH DECELERATION",
      "detail": "YoY growth: +32.5% vs prior quarter YoY: +75.3% (decel: -42.8%)",
      "severity": "WARNING"
    },
    {
      "quarter": "2022-06 (Q2)",
      "signal": "INCREMENTAL MARGIN (YoY)",
      "detail": "YoY Incr OPM: +87.2% vs year-ago OPM: +21.3%",
      "severity": "HIGH"
    },
    {
      "quarter": "2022-03 (Q1)",
      "signal": "FCF TURNED POSITIVE",
      "detail": "FCF margin: -31.7% -> +25.2%",
      "severity": "HIGH"
    },
    {
      "quarter": "2022-03 (Q1)",
      "signal": "YoY REVENUE GROWTH DECELERATION",
      "detail": "YoY growth: +75.3% vs prior quarter YoY: +110.4% (decel: -35.1%)",
      "severity": "WARNING"
    },
    {
      "quarter": "2022-03 (Q1)",
      "signal": "OP MARGIN TURNED POSITIVE (YoY)",
      "detail": "Op margin: -22.5% (year-ago) -> +0.8%",
      "severity": "HIGH"
    },
    {
      "quarter": "2021-12 (Q4)",
      "signal": "OP MARGIN TURNED POSITIVE (YoY)",
      "detail": "Op margin: -32.8% (year-ago) -> +4.8%",
      "severity": "HIGH"
    },
    {
      "quarter": "2021-09 (Q3)",
      "signal": "FCF MARGIN EXPANSION",
      "detail": "FCF margin: +21.5% -> +41.8% (+20.3%)",
      "severity": "MEDIUM"
    },
    {
      "quarter": "2021-06 (Q2)",
      "signal": "FCF MARGIN EXPANSION",
      "detail": "FCF margin: +4.6% -> +21.5% (+17.0%)",
      "severity": "MEDIUM"
    },
    {
      "quarter": "2021-06 (Q2)",
      "signal": "OP MARGIN TURNED POSITIVE (QoQ)",
      "detail": "Op margin: -22.5% -> +21.3%",
      "severity": "HIGH"
    },
    {
      "quarter": "2021-03 (Q1)",
      "signal": "FCF TURNED POSITIVE",
      "detail": "FCF margin: -32.7% -> +4.6%",
      "severity": "HIGH"
    }
  ],
  "data_quality": {
    "n_quarters": 20,
    "coverage": {
      "revenue": [
        20,
        20
      ],
      "gross_profit": [
        2,
        20
      ],
      "op_income": [
        20,
        20
      ],
      "fcf": [
        20,
        20
      ]
    },
    "gaps": [],
    "warnings": [
      "gross_profit: 2/20Q"
    ]
  },
  "market_cap": null,
  "source": "SEC EDGAR",
  "last_updated": "2026-02-03T01:12:09.984080"
}