{
  "ticker": "PSA-PF",
  "name": "Public Storage",
  "quarters": [
    {
      "date": "2020-12-31T00:00:00",
      "quarter_label": "2020-12 (Q4)",
      "revenue": 759044000,
      "gross_profit": null,
      "operating_income": null,
      "net_income": 351267000,
      "opex": 381718000,
      "cogs": null,
      "rd": null,
      "sga": null,
      "fcf": 512562000,
      "ocf": 512562000,
      "capex": null,
      "gross_margin": null,
      "op_margin": null,
      "fcf_margin": 0.675273106697372
    },
    {
      "date": "2021-03-31T00:00:00",
      "quarter_label": "2021-03 (Q1)",
      "revenue": 767262000,
      "gross_profit": null,
      "operating_income": null,
      "net_income": 433036000,
      "opex": 410106000,
      "cogs": null,
      "rd": null,
      "sga": null,
      "fcf": 509162000,
      "ocf": 509162000,
      "capex": null,
      "gross_margin": null,
      "op_margin": null,
      "fcf_margin": 0.6636090409794829,
      "op_leverage_ratio": 0.1455817811026275,
      "fcf_margin_change": -0.011664065717889027
    },
    {
      "date": "2021-06-30T00:00:00",
      "quarter_label": "2021-06 (Q2)",
      "revenue": 829315000,
      "gross_profit": null,
      "operating_income": null,
      "net_income": 410426000,
      "opex": 441048000,
      "cogs": null,
      "rd": null,
      "sga": null,
      "fcf": 621293000,
      "ocf": 621293000,
      "capex": null,
      "gross_margin": null,
      "op_margin": null,
      "fcf_margin": 0.7491640691413999,
      "op_leverage_ratio": 1.0719310092224832,
      "fcf_margin_change": 0.08555502816191696
    },
    {
      "date": "2021-09-30T00:00:00",
      "quarter_label": "2021-09 (Q3)",
      "revenue": 894931000,
      "gross_profit": null,
      "operating_income": null,
      "net_income": 490091000,
      "opex": 480704000,
      "cogs": null,
      "rd": null,
      "sga": null,
      "fcf": 684265000,
      "ocf": 684265000,
      "capex": null,
      "gross_margin": null,
      "op_margin": null,
      "fcf_margin": 0.7646008463222305,
      "op_leverage_ratio": 0.8799686141851375,
      "fcf_margin_change": 0.015436777180830585
    },
    {
      "date": "2021-12-31T00:00:00",
      "quarter_label": "2021-12 (Q4)",
      "revenue": 924316000,
      "gross_profit": null,
      "operating_income": null,
      "net_income": 619710000,
      "opex": 494196000,
      "cogs": null,
      "rd": null,
      "sga": null,
      "fcf": 728835000,
      "ocf": 728835000,
      "capex": null,
      "gross_margin": null,
      "op_margin": null,
      "fcf_margin": 0.7885128029807987,
      "rev_growth_yoy": 0.2177370481816601,
      "op_leverage_ratio": 1.1698698444923281,
      "fcf_margin_change": 0.023911956658568267
    },
    {
      "date": "2022-03-31T00:00:00",
      "quarter_label": "2022-03 (Q1)",
      "revenue": 973445000,
      "gross_profit": null,
      "operating_income": null,
      "net_income": 513943000,
      "opex": 539330000,
      "cogs": null,
      "rd": null,
      "sga": null,
      "fcf": 656241000,
      "ocf": 656241000,
      "capex": null,
      "gross_margin": null,
      "op_margin": null,
      "fcf_margin": 0.6741428637467962,
      "rev_growth_yoy": 0.2687256764964249,
      "rev_growth_yoy_accel": 0.05098862831476483,
      "op_leverage_ratio": 0.5819864252566159,
      "fcf_margin_change": -0.11436993923400252
    },
    {
      "date": "2022-06-30T00:00:00",
      "quarter_label": "2022-06 (Q2)",
      "revenue": 1032045000,
      "gross_profit": null,
      "operating_income": null,
      "net_income": 653850000,
      "opex": 535679000,
      "cogs": null,
      "rd": null,
      "sga": null,
      "fcf": 797532000,
      "ocf": 797532000,
      "capex": null,
      "gross_margin": null,
      "op_margin": null,
      "fcf_margin": 0.7727686292748863,
      "rev_growth_yoy": 0.24445476085685175,
      "rev_growth_yoy_accel": -0.024270915639573176,
      "op_leverage_ratio": Infinity,
      "fcf_margin_change": 0.0986257655280901
    },
    {
      "date": "2022-09-30T00:00:00",
      "quarter_label": "2022-09 (Q3)",
      "revenue": 1088131000,
      "gross_profit": null,
      "operating_income": null,
      "net_income": 2768994000,
      "opex": 561428000,
      "cogs": null,
      "rd": null,
      "sga": null,
      "fcf": 927017000,
      "ocf": 927017000,
      "capex": null,
      "gross_margin": null,
      "op_margin": null,
      "fcf_margin": 0.8519351070780999,
      "rev_growth_yoy": 0.21588256524804705,
      "rev_growth_yoy_accel": -0.028572195608804696,
      "op_leverage_ratio": 1.1305768474546753,
      "fcf_margin_change": 0.07916647780321362
    },
    {
      "date": "2022-12-31T00:00:00",
      "quarter_label": "2022-12 (Q4)",
      "revenue": 1088542000,
      "gross_profit": null,
      "operating_income": null,
      "net_income": 412360000,
      "opex": 555677000,
      "cogs": null,
      "rd": null,
      "sga": null,
      "fcf": 736351000,
      "ocf": 736351000,
      "capex": null,
      "gross_margin": null,
      "op_margin": null,
      "fcf_margin": 0.676456213908145,
      "rev_growth_yoy": 0.1776730036048278,
      "rev_growth_yoy_accel": -0.03820956164321926,
      "fcf_margin_change": -0.1754788931699549
    },
    {
      "date": "2023-03-31T00:00:00",
      "quarter_label": "2023-03 (Q1)",
      "revenue": 1094232000,
      "gross_profit": null,
      "operating_income": null,
      "net_income": 517708000,
      "opex": 571586000,
      "cogs": null,
      "rd": null,
      "sga": null,
      "fcf": 696893000,
      "ocf": 696893000,
      "capex": null,
      "gross_margin": null,
      "op_margin": null,
      "fcf_margin": 0.6368786509625015,
      "rev_growth_yoy": 0.12408199744207428,
      "rev_growth_yoy_accel": -0.053591006162753516,
      "fcf_margin_change": -0.03957756294564352
    },
    {
      "date": "2023-06-30T00:00:00",
      "quarter_label": "2023-06 (Q2)",
      "revenue": 1119770000,
      "gross_profit": null,
      "operating_income": null,
      "net_income": 578029000,
      "opex": 565526000,
      "cogs": null,
      "rd": null,
      "sga": null,
      "fcf": 882400000,
      "ocf": 882400000,
      "capex": null,
      "gross_margin": null,
      "op_margin": null,
      "fcf_margin": 0.7880189681809657,
      "rev_growth_yoy": 0.08500113851624687,
      "rev_growth_yoy_accel": -0.03908085892582741,
      "op_leverage_ratio": Infinity,
      "fcf_margin_change": 0.15114031721846422
    },
    {
      "date": "2023-09-30T00:00:00",
      "quarter_label": "2023-09 (Q3)",
      "revenue": 1143820000,
      "gross_profit": null,
      "operating_income": null,
      "net_income": 613298000,
      "opex": 614667000,
      "cogs": null,
      "rd": null,
      "sga": null,
      "fcf": 875671000,
      "ocf": 875671000,
      "capex": null,
      "gross_margin": null,
      "op_margin": null,
      "fcf_margin": 0.7655671346890245,
      "rev_growth_yoy": 0.05117858052017634,
      "rev_growth_yoy_accel": -0.03382255799607053,
      "op_leverage_ratio": 0.24716947725704086,
      "fcf_margin_change": -0.022451833491941242
    },
    {
      "date": "2023-12-31T00:00:00",
      "quarter_label": "2023-12 (Q4)",
      "revenue": 1159868000,
      "gross_profit": null,
      "operating_income": null,
      "net_income": 439292000,
      "opex": 674438000,
      "cogs": null,
      "rd": null,
      "sga": null,
      "fcf": 791684000,
      "ocf": 791684000,
      "capex": null,
      "gross_margin": null,
      "op_margin": null,
      "fcf_margin": 0.6825638779585264,
      "rev_growth_yoy": 0.06552434357149288,
      "rev_growth_yoy_accel": 0.014345763051316539,
      "op_leverage_ratio": 0.14428215000640915,
      "fcf_margin_change": -0.08300325673049813
    },
    {
      "date": "2024-03-31T00:00:00",
      "quarter_label": "2024-03 (Q1)",
      "revenue": 1157220000,
      "gross_profit": null,
      "operating_income": null,
      "net_income": 508948000,
      "opex": 702517000,
      "cogs": null,
      "rd": null,
      "sga": null,
      "fcf": 665586000,
      "ocf": 665586000,
      "capex": null,
      "gross_margin": null,
      "op_margin": null,
      "fcf_margin": 0.5751594338155234,
      "rev_growth_yoy": 0.05756366108832496,
      "rev_growth_yoy_accel": -0.007960682483167919,
      "fcf_margin_change": -0.10740444414300299
    },
    {
      "date": "2024-06-30T00:00:00",
      "quarter_label": "2024-06 (Q2)",
      "revenue": 1173211000,
      "gross_profit": null,
      "operating_income": null,
      "net_income": 518127000,
      "opex": 687109000,
      "cogs": null,
      "rd": null,
      "sga": null,
      "fcf": 895279000,
      "ocf": 895279000,
      "capex": null,
      "gross_margin": null,
      "op_margin": null,
      "fcf_margin": 0.7631014369964141,
      "rev_growth_yoy": 0.04772497923680756,
      "rev_growth_yoy_accel": -0.0098386818515174,
      "op_leverage_ratio": Infinity,
      "fcf_margin_change": 0.18794200318089072
    },
    {
      "date": "2024-09-30T00:00:00",
      "quarter_label": "2024-09 (Q3)",
      "revenue": 1187758000,
      "gross_profit": null,
      "operating_income": null,
      "net_income": 430329000,
      "opex": 705026000,
      "cogs": null,
      "rd": null,
      "sga": null,
      "fcf": 798770000,
      "ocf": 798770000,
      "capex": null,
      "gross_margin": null,
      "op_margin": null,
      "fcf_margin": 0.6725023110768356,
      "rev_growth_yoy": 0.03841338672168698,
      "rev_growth_yoy_accel": -0.009311592515120579,
      "op_leverage_ratio": 0.4755078117335374,
      "fcf_margin_change": -0.09059912591957853
    },
    {
      "date": "2024-12-31T00:00:00",
      "quarter_label": "2024-12 (Q4)",
      "revenue": 1177427000,
      "gross_profit": null,
      "operating_income": null,
      "net_income": 614607000,
      "opex": 702699000,
      "cogs": null,
      "rd": null,
      "sga": null,
      "fcf": 768620000,
      "ocf": 768620000,
      "capex": null,
      "gross_margin": null,
      "op_margin": null,
      "fcf_margin": 0.652796309240403,
      "rev_growth_yoy": 0.01513879165560219,
      "rev_growth_yoy_accel": -0.023274595066084793,
      "fcf_margin_change": -0.019706001836432563
    },
    {
      "date": "2025-03-31T00:00:00",
      "quarter_label": "2025-03 (Q1)",
      "revenue": 1183184000,
      "gross_profit": null,
      "operating_income": null,
      "net_income": 407791000,
      "opex": 719178000,
      "cogs": null,
      "rd": null,
      "sga": null,
      "fcf": 705063000,
      "ocf": 705063000,
      "capex": null,
      "gross_margin": null,
      "op_margin": null,
      "fcf_margin": 0.5959030886151266,
      "rev_growth_yoy": 0.022436528922763172,
      "rev_growth_yoy_accel": 0.007297737267160983,
      "fcf_margin_change": -0.05689322062527635
    },
    {
      "date": "2025-06-30T00:00:00",
      "quarter_label": "2025-06 (Q2)",
      "revenue": 1201094000,
      "gross_profit": null,
      "operating_income": null,
      "net_income": 358419000,
      "opex": 701095000,
      "cogs": null,
      "rd": null,
      "sga": null,
      "fcf": 872708000,
      "ocf": 872708000,
      "capex": null,
      "gross_margin": null,
      "op_margin": null,
      "fcf_margin": 0.726594254904279,
      "rev_growth_yoy": 0.023766398371648408,
      "rev_growth_yoy_accel": 0.0013298694488852354,
      "op_leverage_ratio": Infinity,
      "fcf_margin_change": 0.13069116628915234
    },
    {
      "date": "2025-09-30T00:00:00",
      "quarter_label": "2025-09 (Q3)",
      "revenue": 1224043000,
      "gross_profit": null,
      "operating_income": null,
      "net_income": 511063000,
      "opex": 732526000,
      "cogs": null,
      "rd": null,
      "sga": null,
      "fcf": 875091000,
      "ocf": 875091000,
      "capex": null,
      "gross_margin": null,
      "op_margin": null,
      "fcf_margin": 0.7149185118496654,
      "rev_growth_yoy": 0.03054915226839137,
      "rev_growth_yoy_accel": 0.006782753896742964,
      "op_leverage_ratio": 0.4261921436129698,
      "fcf_margin_change": -0.011675743054613608
    }
  ],
  "signals": [
    {
      "quarter": "2025-06 (Q2)",
      "signal": "FCF MARGIN EXPANSION",
      "detail": "FCF margin: +59.6% -> +72.7% (+13.1%)",
      "severity": "MEDIUM"
    },
    {
      "quarter": "2024-06 (Q2)",
      "signal": "FCF MARGIN EXPANSION",
      "detail": "FCF margin: +57.5% -> +76.3% (+18.8%)",
      "severity": "MEDIUM"
    },
    {
      "quarter": "2023-06 (Q2)",
      "signal": "FCF MARGIN EXPANSION",
      "detail": "FCF margin: +63.7% -> +78.8% (+15.1%)",
      "severity": "MEDIUM"
    },
    {
      "quarter": "2023-03 (Q1)",
      "signal": "YoY REVENUE GROWTH DECELERATION",
      "detail": "YoY growth: +12.4% vs prior quarter YoY: +17.8% (decel: -5.4%)",
      "severity": "WARNING"
    },
    {
      "quarter": "2022-09 (Q3)",
      "signal": "FCF MARGIN EXPANSION",
      "detail": "FCF margin: +77.3% -> +85.2% (+7.9%)",
      "severity": "MEDIUM"
    },
    {
      "quarter": "2022-06 (Q2)",
      "signal": "FCF MARGIN EXPANSION",
      "detail": "FCF margin: +67.4% -> +77.3% (+9.9%)",
      "severity": "MEDIUM"
    },
    {
      "quarter": "2022-03 (Q1)",
      "signal": "YoY REVENUE GROWTH ACCELERATION",
      "detail": "YoY growth: +26.9% vs prior quarter YoY: +21.8% (accel: +5.1%)",
      "severity": "MEDIUM"
    },
    {
      "quarter": "2021-06 (Q2)",
      "signal": "FCF MARGIN EXPANSION",
      "detail": "FCF margin: +66.4% -> +74.9% (+8.6%)",
      "severity": "MEDIUM"
    }
  ],
  "data_quality": {
    "n_quarters": 20,
    "coverage": {
      "revenue": [
        20,
        20
      ],
      "gross_profit": [
        0,
        20
      ],
      "op_income": [
        0,
        20
      ],
      "fcf": [
        20,
        20
      ]
    },
    "gaps": [],
    "warnings": [
      "gross_profit: no data",
      "op_income: no data"
    ]
  },
  "market_cap": null,
  "source": "SEC EDGAR",
  "last_updated": "2026-02-03T01:08:32.413095"
}