{
  "ticker": "PSMT",
  "name": "PriceSmart, Inc.",
  "quarters": [
    {
      "date": "2021-02-28T00:00:00",
      "quarter_label": "2021-02 (Q1)",
      "revenue": 937569000,
      "gross_profit": null,
      "operating_income": 44979000,
      "net_income": 28236000,
      "opex": 892590000,
      "cogs": null,
      "rd": null,
      "sga": null,
      "fcf": 21501000,
      "ocf": 47500000,
      "capex": -25999000,
      "gross_margin": null,
      "op_margin": 0.047974069108513616,
      "fcf_margin": 0.022932712152385584
    },
    {
      "date": "2021-05-31T00:00:00",
      "quarter_label": "2021-05 (Q2)",
      "revenue": 895264000,
      "gross_profit": null,
      "operating_income": 36049000,
      "net_income": 22529000,
      "opex": 859215000,
      "cogs": null,
      "rd": null,
      "sga": null,
      "fcf": 24060000,
      "ocf": 50240000,
      "capex": -26180000,
      "gross_margin": null,
      "op_margin": 0.04026633484648104,
      "fcf_margin": 0.026874754262429853,
      "fcf_margin_change": 0.003942042110044269
    },
    {
      "date": "2021-08-31T00:00:00",
      "quarter_label": "2021-08 (Q3)",
      "revenue": 909606000,
      "gross_profit": null,
      "operating_income": 32461000,
      "net_income": 19461000,
      "opex": 877145000,
      "cogs": null,
      "rd": null,
      "sga": null,
      "fcf": 7375000,
      "ocf": 47199000,
      "capex": -39824000,
      "gross_margin": null,
      "op_margin": 0.03568687981389745,
      "fcf_margin": 0.008107906060426162,
      "op_leverage_ratio": 0.76767987873016,
      "fcf_margin_change": -0.01876684820200369
    },
    {
      "date": "2021-11-30T00:00:00",
      "quarter_label": "2021-11 (Q4)",
      "revenue": 975356000,
      "gross_profit": null,
      "operating_income": 46017000,
      "net_income": 30511000,
      "opex": 929339000,
      "cogs": null,
      "rd": null,
      "sga": null,
      "fcf": -43068000,
      "ocf": -13339000,
      "capex": -29729000,
      "gross_margin": null,
      "op_margin": 0.047179696439043795,
      "fcf_margin": -0.04415618502372467,
      "op_leverage_ratio": 1.2147677444195932,
      "fcf_margin_change": -0.05226409108415083
    },
    {
      "date": "2022-02-28T00:00:00",
      "quarter_label": "2022-02 (Q1)",
      "revenue": 1038557000,
      "gross_profit": null,
      "operating_income": 48322000,
      "net_income": 31461000,
      "opex": 990235000,
      "cogs": null,
      "rd": null,
      "sga": null,
      "fcf": -25320000,
      "ocf": 5419000,
      "capex": -30739000,
      "gross_margin": null,
      "op_margin": 0.04652801916505305,
      "fcf_margin": -0.024379981069888316,
      "incr_op_margin_yoy": 0.03310294292391175,
      "rev_growth_yoy": 0.10771260568555488,
      "op_leverage_ratio": 0.9888859039240016,
      "fcf_margin_change": 0.019776203953836353
    },
    {
      "date": "2022-05-31T00:00:00",
      "quarter_label": "2022-05 (Q2)",
      "revenue": 1030810000,
      "gross_profit": null,
      "operating_income": 33762000,
      "net_income": 19258000,
      "opex": 997048000,
      "cogs": null,
      "rd": null,
      "sga": null,
      "fcf": 34137000,
      "ocf": 72231000,
      "capex": -38094000,
      "gross_margin": null,
      "op_margin": 0.032752883654601724,
      "fcf_margin": 0.03311667523597947,
      "incr_op_margin_yoy": -0.01687250084842046,
      "rev_growth_yoy": 0.1514033849233299,
      "rev_growth_yoy_accel": 0.04369077923777501,
      "fcf_margin_change": 0.05749665630586778
    },
    {
      "date": "2022-08-31T00:00:00",
      "quarter_label": "2022-08 (Q3)",
      "revenue": 1021370000,
      "gross_profit": null,
      "operating_income": 38965000,
      "net_income": 23304000,
      "opex": 982405000,
      "cogs": null,
      "rd": null,
      "sga": null,
      "fcf": 35420000,
      "ocf": 57518000,
      "capex": -22098000,
      "gross_margin": null,
      "op_margin": 0.03814974005502413,
      "fcf_margin": 0.03467891165787129,
      "incr_op_margin_yoy": 0.0581940517519058,
      "rev_growth_yoy": 0.12287078141525012,
      "rev_growth_yoy_accel": -0.028532603508079762,
      "fcf_margin_change": 0.0015622364218918217
    },
    {
      "date": "2022-11-30T00:00:00",
      "quarter_label": "2022-11 (Q4)",
      "revenue": 1054806000,
      "gross_profit": null,
      "operating_income": 55527000,
      "net_income": 32905000,
      "opex": 999279000,
      "cogs": null,
      "rd": null,
      "sga": null,
      "fcf": 6519000,
      "ocf": 30463000,
      "capex": -23944000,
      "gross_margin": null,
      "op_margin": 0.052641907611447034,
      "fcf_margin": 0.00618028338860416,
      "incr_op_margin_yoy": 0.1196979232221523,
      "rev_growth_yoy": 0.08145743707938435,
      "rev_growth_yoy_accel": -0.04141334433586577,
      "op_leverage_ratio": 1.9059159234040661,
      "fcf_margin_change": -0.02849862826926713
    },
    {
      "date": "2023-02-28T00:00:00",
      "quarter_label": "2023-02 (Q1)",
      "revenue": 1142189000,
      "gross_profit": null,
      "operating_income": 53800000,
      "net_income": 31347000,
      "opex": 1088389000,
      "cogs": null,
      "rd": null,
      "sga": null,
      "fcf": 87609000,
      "ocf": 116681000,
      "capex": -29072000,
      "gross_margin": null,
      "op_margin": 0.04710253732088122,
      "fcf_margin": 0.07670271732611678,
      "incr_op_margin_yoy": 0.0528601204261232,
      "rev_growth_yoy": 0.09978460498557133,
      "rev_growth_yoy_accel": 0.018327167906186978,
      "op_leverage_ratio": 0.9289977801278074,
      "fcf_margin_change": 0.07052243393751262
    },
    {
      "date": "2023-05-31T00:00:00",
      "quarter_label": "2023-05 (Q2)",
      "revenue": 1096654000,
      "gross_profit": null,
      "operating_income": 43052000,
      "net_income": 29572000,
      "opex": 1053602000,
      "cogs": null,
      "rd": null,
      "sga": null,
      "fcf": 24459000,
      "ocf": 68000000,
      "capex": -43541000,
      "gross_margin": null,
      "op_margin": 0.039257596288346186,
      "fcf_margin": 0.02230329712014911,
      "incr_op_margin_yoy": 0.14109106372638358,
      "rev_growth_yoy": 0.06387598102463111,
      "rev_growth_yoy_accel": -0.03590862396094022,
      "fcf_margin_change": -0.054399420205967663
    },
    {
      "date": "2023-08-31T00:00:00",
      "quarter_label": "2023-08 (Q3)",
      "revenue": 1118193000,
      "gross_profit": null,
      "operating_income": 32137000,
      "net_income": 15381000,
      "opex": 1086056000,
      "cogs": null,
      "rd": null,
      "sga": null,
      "fcf": 26696000,
      "ocf": 72650000,
      "capex": -45954000,
      "gross_margin": null,
      "op_margin": 0.028740119102874013,
      "fcf_margin": 0.023874232802387423,
      "incr_op_margin_yoy": -0.07052043419435465,
      "rev_growth_yoy": 0.0947971841741974,
      "rev_growth_yoy_accel": 0.030921203149566284,
      "op_leverage_ratio": 0.6376234249567175,
      "fcf_margin_change": 0.0015709356822383135
    },
    {
      "date": "2023-11-30T00:00:00",
      "quarter_label": "2023-11 (Q4)",
      "revenue": 1166475000,
      "gross_profit": null,
      "operating_income": 58213000,
      "net_income": 38047000,
      "opex": 1108262000,
      "cogs": null,
      "rd": null,
      "sga": null,
      "fcf": 7798000,
      "ocf": 41098000,
      "capex": -33300000,
      "gross_margin": null,
      "op_margin": 0.049905055830600745,
      "fcf_margin": 0.006685098266143724,
      "incr_op_margin_yoy": 0.024053228738503973,
      "rev_growth_yoy": 0.10586686082559257,
      "rev_growth_yoy_accel": 0.011069676651395174,
      "op_leverage_ratio": 2.1117882360386853,
      "fcf_margin_change": -0.017189134536243697
    },
    {
      "date": "2024-02-29T00:00:00",
      "quarter_label": "2024-02 (Q1)",
      "revenue": 1291950000,
      "gross_profit": null,
      "operating_income": 63618000,
      "net_income": 39271000,
      "opex": 1228332000,
      "cogs": null,
      "rd": null,
      "sga": null,
      "fcf": 16391000,
      "ocf": 86568000,
      "capex": -70177000,
      "gross_margin": null,
      "op_margin": 0.049241843724602344,
      "fcf_margin": 0.012687023491621192,
      "incr_op_margin_yoy": 0.06555778874339781,
      "rev_growth_yoy": 0.13111752958573406,
      "rev_growth_yoy_accel": 0.02525066876014148,
      "op_leverage_ratio": 0.9928638554148028,
      "fcf_margin_change": 0.006001925225477468
    },
    {
      "date": "2024-05-31T00:00:00",
      "quarter_label": "2024-05 (Q2)",
      "revenue": 1229428000,
      "gross_profit": null,
      "operating_income": 49909000,
      "net_income": 32489000,
      "opex": 1179519000,
      "cogs": null,
      "rd": null,
      "sga": null,
      "fcf": -308000,
      "ocf": 38088000,
      "capex": -38396000,
      "gross_margin": null,
      "op_margin": 0.040595301229514866,
      "fcf_margin": -0.00025052300744736575,
      "incr_op_margin_yoy": 0.05164414719749349,
      "rev_growth_yoy": 0.12107191511634481,
      "rev_growth_yoy_accel": -0.010045614469389244,
      "fcf_margin_change": -0.012937546499068558
    },
    {
      "date": "2024-08-31T00:00:00",
      "quarter_label": "2024-08 (Q3)",
      "revenue": 1226045000,
      "gross_profit": null,
      "operating_income": 49204000,
      "net_income": 29068000,
      "opex": 1176841000,
      "cogs": null,
      "rd": null,
      "sga": null,
      "fcf": 15163000,
      "ocf": 41835000,
      "capex": -26672000,
      "gross_margin": null,
      "op_margin": 0.040132295307268494,
      "fcf_margin": 0.012367409026585485,
      "incr_op_margin_yoy": 0.15824463153209956,
      "rev_growth_yoy": 0.09645204360964521,
      "rev_growth_yoy_accel": -0.0246198715066996,
      "fcf_margin_change": 0.012617932034032851
    },
    {
      "date": "2024-11-30T00:00:00",
      "quarter_label": "2024-11 (Q4)",
      "revenue": 1257944000,
      "gross_profit": 219054000,
      "operating_income": 58260000,
      "net_income": 37428000,
      "opex": 1199684000,
      "cogs": 1038890000,
      "rd": null,
      "sga": null,
      "fcf": 10349000,
      "ocf": 38530000,
      "capex": -28181000,
      "gross_margin": 0.17413652754017667,
      "op_margin": 0.04631366738105989,
      "fcf_margin": 0.008226916301520577,
      "incr_op_margin_yoy": 0.0005138352884583848,
      "rev_growth_yoy": 0.0784148824449731,
      "rev_growth_yoy_accel": -0.018037161164672105,
      "op_leverage_ratio": 1.3404027453483975,
      "fcf_margin_change": -0.004140492725064908
    },
    {
      "date": "2025-02-28T00:00:00",
      "quarter_label": "2025-02 (Q1)",
      "revenue": 1363886000,
      "gross_profit": null,
      "operating_income": 65270000,
      "net_income": 43760000,
      "opex": 1298616000,
      "cogs": null,
      "rd": null,
      "sga": null,
      "fcf": 53224000,
      "ocf": 87855000,
      "capex": -34631000,
      "gross_margin": null,
      "op_margin": 0.04785590584550321,
      "fcf_margin": 0.039023789378291145,
      "incr_op_margin_yoy": 0.022964857651245552,
      "rev_growth_yoy": 0.055680173381322806,
      "rev_growth_yoy_accel": -0.0227347090636503,
      "op_leverage_ratio": 1.0212614467544956,
      "fcf_margin_change": 0.030796873076770568
    },
    {
      "date": "2025-05-31T00:00:00",
      "quarter_label": "2025-05 (Q2)",
      "revenue": 1317289000,
      "gross_profit": null,
      "operating_income": 56230000,
      "net_income": 35158000,
      "opex": 1261059000,
      "cogs": null,
      "rd": null,
      "sga": null,
      "fcf": 14001000,
      "ocf": 52775000,
      "capex": -38774000,
      "gross_margin": null,
      "op_margin": 0.04268615315242137,
      "fcf_margin": 0.010628647168540844,
      "incr_op_margin_yoy": 0.07194318298221054,
      "rev_growth_yoy": 0.07146494141991235,
      "rev_growth_yoy_accel": 0.01578476803858954,
      "fcf_margin_change": -0.0283951422097503
    },
    {
      "date": "2025-08-31T00:00:00",
      "quarter_label": "2025-08 (Q3)",
      "revenue": 1330975000,
      "gross_profit": null,
      "operating_income": 52750000,
      "net_income": 31541000,
      "opex": 1278225000,
      "cogs": null,
      "rd": null,
      "sga": null,
      "fcf": 25599000,
      "ocf": 82147000,
      "capex": -56548000,
      "gross_margin": null,
      "op_margin": 0.03963260016153572,
      "fcf_margin": 0.0192332688442683,
      "incr_op_margin_yoy": 0.033793957876679694,
      "rev_growth_yoy": 0.08558413435069676,
      "rev_growth_yoy_accel": 0.01411919293078441,
      "op_leverage_ratio": 0.7632411340997297,
      "fcf_margin_change": 0.008604621675727455
    },
    {
      "date": "2025-11-30T00:00:00",
      "quarter_label": "2025-11 (Q4)",
      "revenue": 1382729000,
      "gross_profit": 244385000,
      "operating_income": 62927000,
      "net_income": 40166000,
      "opex": 1319802000,
      "cogs": 1138344000,
      "rd": null,
      "sga": null,
      "fcf": 32634000,
      "ocf": 71245000,
      "capex": -38611000,
      "gross_margin": 0.1767410678448199,
      "op_margin": 0.04550927911398401,
      "fcf_margin": 0.02360115394990631,
      "incr_op_margin_yoy": 0.03740032856513203,
      "rev_growth_yoy": 0.09919757954249156,
      "rev_growth_yoy_accel": 0.013613445191794804,
      "op_leverage_ratio": 1.195441095106426,
      "fcf_margin_change": 0.004367885105638011
    }
  ],
  "signals": [
    {
      "quarter": "2024-08 (Q3)",
      "signal": "FCF TURNED POSITIVE",
      "detail": "FCF margin: -0.0% -> +1.2%",
      "severity": "HIGH"
    },
    {
      "quarter": "2024-08 (Q3)",
      "signal": "INCREMENTAL MARGIN (YoY)",
      "detail": "YoY Incr OPM: +15.8% vs year-ago OPM: +2.9%",
      "severity": "MEDIUM"
    },
    {
      "quarter": "2023-11 (Q4)",
      "signal": "OPERATING LEVERAGE",
      "detail": "Rev growth +4.3% vs OpEx growth +2.0% (leverage: 2.1x)",
      "severity": "MEDIUM"
    },
    {
      "quarter": "2023-05 (Q2)",
      "signal": "INCREMENTAL MARGIN (YoY)",
      "detail": "YoY Incr OPM: +14.1% vs year-ago OPM: +3.3%",
      "severity": "MEDIUM"
    },
    {
      "quarter": "2023-02 (Q1)",
      "signal": "FCF MARGIN EXPANSION",
      "detail": "FCF margin: +0.6% -> +7.7% (+7.1%)",
      "severity": "MEDIUM"
    },
    {
      "quarter": "2022-11 (Q4)",
      "signal": "OPERATING LEVERAGE",
      "detail": "Rev growth +3.3% vs OpEx growth +1.7% (leverage: 1.9x)",
      "severity": "MEDIUM"
    },
    {
      "quarter": "2022-05 (Q2)",
      "signal": "FCF TURNED POSITIVE",
      "detail": "FCF margin: -2.4% -> +3.3%",
      "severity": "HIGH"
    }
  ],
  "data_quality": {
    "n_quarters": 20,
    "coverage": {
      "revenue": [
        20,
        20
      ],
      "gross_profit": [
        2,
        20
      ],
      "op_income": [
        20,
        20
      ],
      "fcf": [
        20,
        20
      ]
    },
    "gaps": [],
    "warnings": [
      "gross_profit: 2/20Q"
    ]
  },
  "market_cap": null,
  "source": "SEC EDGAR",
  "last_updated": "2026-02-02T21:10:20.788072"
}