{
  "ticker": "PSQH-WT",
  "name": "PSQ Holdings, Inc.",
  "quarters": [
    {
      "date": "2022-09-30T00:00:00",
      "quarter_label": "2022-09 (Q3)",
      "revenue": 124634,
      "gross_profit": -85729,
      "operating_income": -244538,
      "net_income": 366476,
      "opex": 2250470,
      "cogs": 210363,
      "rd": 413675,
      "sga": null,
      "fcf": -3657110,
      "ocf": -3657110,
      "capex": null,
      "gross_margin": -0.6878460131264342,
      "op_margin": -1.9620488791180577,
      "fcf_margin": -29.34279570582666
    },
    {
      "date": "2022-12-31T00:00:00",
      "quarter_label": "2022-12 (Q4)",
      "revenue": 277600,
      "gross_profit": null,
      "operating_income": -387896,
      "net_income": 900174,
      "opex": 2606400,
      "cogs": null,
      "rd": 572321,
      "sga": null,
      "fcf": -1825536,
      "ocf": -1817071,
      "capex": -8465,
      "gross_margin": null,
      "op_margin": -1.3973198847262247,
      "fcf_margin": -6.576138328530259,
      "op_leverage_ratio": 7.760094501267464,
      "fcf_margin_change": 22.7666573772964
    },
    {
      "date": "2023-03-31T00:00:00",
      "quarter_label": "2023-03 (Q1)",
      "revenue": 378034,
      "gross_profit": null,
      "operating_income": -1549416,
      "net_income": -1652348,
      "opex": 5914717,
      "cogs": null,
      "rd": 248500,
      "sga": null,
      "fcf": -3034459,
      "ocf": -3020733,
      "capex": -13726,
      "gross_margin": null,
      "op_margin": -4.098615468449927,
      "fcf_margin": -8.026947311617473,
      "op_leverage_ratio": 0.28503306859581307,
      "fcf_margin_change": -1.4508089830872137
    },
    {
      "date": "2023-06-30T00:00:00",
      "quarter_label": "2023-06 (Q2)",
      "revenue": 529707,
      "gross_profit": 96773,
      "operating_income": -2829054,
      "net_income": -7624729,
      "opex": 7718905,
      "cogs": 432934,
      "rd": 288484,
      "sga": null,
      "fcf": -7096256,
      "ocf": -6996918,
      "capex": -99338,
      "gross_margin": 0.1826915634492276,
      "op_margin": -5.3407902859505345,
      "fcf_margin": -13.396568291527203,
      "op_leverage_ratio": 1.31531446212814,
      "fcf_margin_change": -5.36962097990973
    },
    {
      "date": "2023-09-30T00:00:00",
      "quarter_label": "2023-09 (Q3)",
      "revenue": 2030900,
      "gross_profit": 557726,
      "operating_income": -12979193,
      "net_income": -20238664,
      "opex": 3774266,
      "cogs": 903672,
      "rd": 1486069,
      "sga": null,
      "fcf": -8394678,
      "ocf": -8394677,
      "capex": -1,
      "gross_margin": 0.27462011915899354,
      "op_margin": -6.390857747796543,
      "fcf_margin": -4.133476783691959,
      "incr_op_margin_yoy": -6.680418682387453,
      "rev_growth_yoy": 15.29491150087456,
      "op_leverage_ratio": Infinity,
      "fcf_margin_change": 9.263091507835243
    },
    {
      "date": "2023-12-31T00:00:00",
      "quarter_label": "2023-12 (Q4)",
      "revenue": 2747346,
      "gross_profit": null,
      "operating_income": -13640922,
      "net_income": -5681576,
      "opex": 36801566,
      "cogs": null,
      "rd": 1315682,
      "sga": null,
      "fcf": -7351750,
      "ocf": -7351750,
      "capex": null,
      "gross_margin": null,
      "op_margin": -4.965127071726677,
      "fcf_margin": -2.6759461676832843,
      "incr_op_margin_yoy": -5.366149393500384,
      "rev_growth_yoy": 8.8967795389049,
      "rev_growth_yoy_accel": -6.398131961969661,
      "op_leverage_ratio": 0.04031385748453941,
      "fcf_margin_change": 1.457530616008675
    },
    {
      "date": "2024-03-31T00:00:00",
      "quarter_label": "2024-03 (Q1)",
      "revenue": 3465889,
      "gross_profit": null,
      "operating_income": -14907951,
      "net_income": -12576831,
      "opex": 18373840,
      "cogs": null,
      "rd": 1141958,
      "sga": null,
      "fcf": -6524740,
      "ocf": -6524740,
      "capex": null,
      "gross_margin": null,
      "op_margin": -4.301335386101517,
      "fcf_margin": -1.8825588470952186,
      "incr_op_margin_yoy": -4.326153592056622,
      "rev_growth_yoy": 8.168193866160186,
      "rev_growth_yoy_accel": -0.728585672744714,
      "op_leverage_ratio": Infinity,
      "fcf_margin_change": 0.7933873205880657
    },
    {
      "date": "2024-06-30T00:00:00",
      "quarter_label": "2024-06 (Q2)",
      "revenue": 5985228,
      "gross_profit": 4015287,
      "operating_income": -14031505,
      "net_income": -11235246,
      "opex": 20016733,
      "cogs": 1438843,
      "rd": 1031794,
      "sga": null,
      "fcf": -10414811,
      "ocf": -10414811,
      "capex": null,
      "gross_margin": 0.6708661725167362,
      "op_margin": -2.3443559710674347,
      "fcf_margin": -1.7400859248803888,
      "incr_op_margin_yoy": -2.053415429983681,
      "rev_growth_yoy": 10.299129518771698,
      "rev_growth_yoy_accel": 2.1309356526115124,
      "op_leverage_ratio": 8.12947708115234,
      "fcf_margin_change": 0.14247292221482977
    },
    {
      "date": "2024-09-30T00:00:00",
      "quarter_label": "2024-09 (Q3)",
      "revenue": 6540112,
      "gross_profit": 4159733,
      "operating_income": -14692543,
      "net_income": -13137549,
      "opex": 3503643,
      "cogs": 1771109,
      "rd": 973544,
      "sga": null,
      "fcf": -10187883,
      "ocf": -10187883,
      "capex": null,
      "gross_margin": 0.6360339088994195,
      "op_margin": -2.2465277353048387,
      "fcf_margin": -1.5577535981035187,
      "incr_op_margin_yoy": -0.379966610574087,
      "rev_growth_yoy": 2.220302329016692,
      "rev_growth_yoy_accel": -8.078827189755007,
      "op_leverage_ratio": Infinity,
      "fcf_margin_change": 0.18233232677687017
    },
    {
      "date": "2024-12-31T00:00:00",
      "quarter_label": "2024-12 (Q4)",
      "revenue": 7208205,
      "gross_profit": null,
      "operating_income": -12079159,
      "net_income": -20737663,
      "opex": 66973075,
      "cogs": null,
      "rd": 1287067,
      "sga": null,
      "fcf": -7001287,
      "ocf": -7001287,
      "capex": null,
      "gross_margin": null,
      "op_margin": -1.6757513139540288,
      "fcf_margin": -0.9712941016522144,
      "incr_op_margin_yoy": 0.35010364595697824,
      "rev_growth_yoy": 1.6236975612099822,
      "rev_growth_yoy_accel": -0.5966047678067097,
      "op_leverage_ratio": 0.005639063326476882,
      "fcf_margin_change": 0.5864594964513042
    },
    {
      "date": "2025-03-31T00:00:00",
      "quarter_label": "2025-03 (Q1)",
      "revenue": 6749621,
      "gross_profit": null,
      "operating_income": -11689338,
      "net_income": -4447345,
      "opex": 18438959,
      "cogs": null,
      "rd": 1437453,
      "sga": null,
      "fcf": -6432267,
      "ocf": -6432267,
      "capex": null,
      "gross_margin": null,
      "op_margin": -1.7318510180053073,
      "fcf_margin": -0.9529819526163025,
      "incr_op_margin_yoy": 0.9801692099111621,
      "rev_growth_yoy": 0.9474429215707716,
      "rev_growth_yoy_accel": -0.6762546396392106,
      "fcf_margin_change": 0.01831214903591194
    },
    {
      "date": "2025-06-30T00:00:00",
      "quarter_label": "2025-06 (Q2)",
      "revenue": 7082868,
      "gross_profit": null,
      "operating_income": -8056740,
      "net_income": -8365980,
      "opex": 15139608,
      "cogs": null,
      "rd": 1299799,
      "sga": null,
      "fcf": -4853289,
      "ocf": -4853289,
      "capex": null,
      "gross_margin": null,
      "op_margin": -1.1374968444985845,
      "fcf_margin": -0.6852152263744009,
      "incr_op_margin_yoy": 5.443282861411756,
      "rev_growth_yoy": 0.18339150989736733,
      "rev_growth_yoy_accel": -0.7640514116734043,
      "op_leverage_ratio": Infinity,
      "fcf_margin_change": 0.26776672624190156
    },
    {
      "date": "2025-09-30T00:00:00",
      "quarter_label": "2025-09 (Q3)",
      "revenue": 4404861,
      "gross_profit": null,
      "operating_income": -9696099,
      "net_income": -11982888,
      "opex": 14100960,
      "cogs": null,
      "rd": 1241669,
      "sga": null,
      "fcf": -6083415,
      "ocf": -6083415,
      "capex": null,
      "gross_margin": null,
      "op_margin": -2.20122700807131,
      "fcf_margin": -1.3810685513118348,
      "incr_op_margin_yoy": -2.3399797026204414,
      "rev_growth_yoy": -0.3264853874062096,
      "rev_growth_yoy_accel": -0.5098768973035769,
      "fcf_margin_change": -0.6958533249374339
    }
  ],
  "signals": [
    {
      "quarter": "2025-09 (Q3)",
      "signal": "YoY REVENUE GROWTH DECELERATION",
      "detail": "YoY growth: -32.6% vs prior quarter YoY: +18.3% (decel: -51.0%)",
      "severity": "WARNING"
    },
    {
      "quarter": "2025-06 (Q2)",
      "signal": "FCF MARGIN EXPANSION",
      "detail": "FCF margin: -95.3% -> -68.5% (+26.8%)",
      "severity": "MEDIUM"
    },
    {
      "quarter": "2025-06 (Q2)",
      "signal": "YoY REVENUE GROWTH DECELERATION",
      "detail": "YoY growth: +18.3% vs prior quarter YoY: +94.7% (decel: -76.4%)",
      "severity": "WARNING"
    },
    {
      "quarter": "2025-03 (Q1)",
      "signal": "YoY REVENUE GROWTH DECELERATION",
      "detail": "YoY growth: +94.7% vs prior quarter YoY: +162.4% (decel: -67.6%)",
      "severity": "WARNING"
    },
    {
      "quarter": "2024-12 (Q4)",
      "signal": "FCF MARGIN EXPANSION",
      "detail": "FCF margin: -155.8% -> -97.1% (+58.6%)",
      "severity": "MEDIUM"
    },
    {
      "quarter": "2024-12 (Q4)",
      "signal": "YoY REVENUE GROWTH DECELERATION",
      "detail": "YoY growth: +162.4% vs prior quarter YoY: +222.0% (decel: -59.7%)",
      "severity": "WARNING"
    },
    {
      "quarter": "2024-09 (Q3)",
      "signal": "FCF MARGIN EXPANSION",
      "detail": "FCF margin: -174.0% -> -155.8% (+18.2%)",
      "severity": "MEDIUM"
    },
    {
      "quarter": "2024-09 (Q3)",
      "signal": "YoY REVENUE GROWTH DECELERATION",
      "detail": "YoY growth: +222.0% vs prior quarter YoY: +1029.9% (decel: -807.9%)",
      "severity": "WARNING"
    },
    {
      "quarter": "2024-06 (Q2)",
      "signal": "FCF MARGIN EXPANSION",
      "detail": "FCF margin: -188.3% -> -174.0% (+14.2%)",
      "severity": "MEDIUM"
    },
    {
      "quarter": "2024-06 (Q2)",
      "signal": "OPERATING LEVERAGE",
      "detail": "Rev growth +72.7% vs OpEx growth +8.9% (leverage: 8.1x)",
      "severity": "MEDIUM"
    },
    {
      "quarter": "2024-06 (Q2)",
      "signal": "YoY REVENUE GROWTH ACCELERATION",
      "detail": "YoY growth: +1029.9% vs prior quarter YoY: +816.8% (accel: +213.1%)",
      "severity": "HIGH"
    },
    {
      "quarter": "2024-03 (Q1)",
      "signal": "FCF MARGIN EXPANSION",
      "detail": "FCF margin: -267.6% -> -188.3% (+79.3%)",
      "severity": "MEDIUM"
    },
    {
      "quarter": "2024-03 (Q1)",
      "signal": "YoY REVENUE GROWTH DECELERATION",
      "detail": "YoY growth: +816.8% vs prior quarter YoY: +889.7% (decel: -72.9%)",
      "severity": "WARNING"
    },
    {
      "quarter": "2023-12 (Q4)",
      "signal": "FCF MARGIN EXPANSION",
      "detail": "FCF margin: -413.3% -> -267.6% (+145.8%)",
      "severity": "MEDIUM"
    },
    {
      "quarter": "2023-12 (Q4)",
      "signal": "YoY REVENUE GROWTH DECELERATION",
      "detail": "YoY growth: +889.7% vs prior quarter YoY: +1529.5% (decel: -639.8%)",
      "severity": "WARNING"
    },
    {
      "quarter": "2023-09 (Q3)",
      "signal": "FCF MARGIN EXPANSION",
      "detail": "FCF margin: -1339.7% -> -413.3% (+926.3%)",
      "severity": "MEDIUM"
    },
    {
      "quarter": "2022-12 (Q4)",
      "signal": "FCF MARGIN EXPANSION",
      "detail": "FCF margin: -2934.3% -> -657.6% (+2276.7%)",
      "severity": "MEDIUM"
    },
    {
      "quarter": "2022-12 (Q4)",
      "signal": "OPERATING LEVERAGE",
      "detail": "Rev growth +122.7% vs OpEx growth +15.8% (leverage: 7.8x)",
      "severity": "MEDIUM"
    }
  ],
  "data_quality": {
    "n_quarters": 13,
    "coverage": {
      "revenue": [
        13,
        13
      ],
      "gross_profit": [
        5,
        13
      ],
      "op_income": [
        13,
        13
      ],
      "fcf": [
        13,
        13
      ]
    },
    "gaps": [],
    "warnings": [
      "gross_profit: 5/13Q"
    ]
  },
  "market_cap": null,
  "source": "SEC EDGAR",
  "last_updated": "2026-02-03T01:11:29.947715"
}