{
  "ticker": "PSTL",
  "name": "POSTAL REALTY TRUST, INC.",
  "quarters": [
    {
      "date": "2020-12-31T00:00:00",
      "quarter_label": "2020-12 (Q4)",
      "revenue": 7576831,
      "gross_profit": null,
      "operating_income": 1399338,
      "net_income": 202611,
      "opex": 6177493,
      "cogs": null,
      "rd": null,
      "sga": null,
      "fcf": 3444000,
      "ocf": 3444000,
      "capex": null,
      "gross_margin": null,
      "op_margin": 0.1846864474078939,
      "fcf_margin": 0.45454359480896434
    },
    {
      "date": "2021-03-31T00:00:00",
      "quarter_label": "2021-03 (Q1)",
      "revenue": 8865000,
      "gross_profit": null,
      "operating_income": 1128000,
      "net_income": 126000,
      "opex": 7737000,
      "cogs": null,
      "rd": null,
      "sga": null,
      "fcf": 4520000,
      "ocf": 4520000,
      "capex": null,
      "gross_margin": null,
      "op_margin": 0.1272419627749577,
      "fcf_margin": 0.5098702763677383,
      "op_leverage_ratio": 0.6734574732457249,
      "fcf_margin_change": 0.05532668155877396
    },
    {
      "date": "2021-06-30T00:00:00",
      "quarter_label": "2021-06 (Q2)",
      "revenue": 9528000,
      "gross_profit": null,
      "operating_income": 1615000,
      "net_income": 671000,
      "opex": 7913000,
      "cogs": null,
      "rd": null,
      "sga": null,
      "fcf": 3873000,
      "ocf": 3873000,
      "capex": null,
      "gross_margin": null,
      "op_margin": 0.16950041981528127,
      "fcf_margin": 0.40648614609571787,
      "op_leverage_ratio": 3.2877191970466084,
      "fcf_margin_change": -0.10338413027202042
    },
    {
      "date": "2021-09-30T00:00:00",
      "quarter_label": "2021-09 (Q3)",
      "revenue": 10529000,
      "gross_profit": null,
      "operating_income": 1582000,
      "net_income": 531000,
      "opex": 8947000,
      "cogs": null,
      "rd": null,
      "sga": null,
      "fcf": 5054000,
      "ocf": 5054000,
      "capex": null,
      "gross_margin": null,
      "op_margin": 0.15025168582011586,
      "fcf_margin": 0.48000759806249405,
      "op_leverage_ratio": 0.8039942744341425,
      "fcf_margin_change": 0.07352145196677617
    },
    {
      "date": "2021-12-31T00:00:00",
      "quarter_label": "2021-12 (Q4)",
      "revenue": 11133000,
      "gross_profit": null,
      "operating_income": 1711000,
      "net_income": 751000,
      "opex": 9422000,
      "cogs": null,
      "rd": null,
      "sga": null,
      "fcf": 3648000,
      "ocf": 3648000,
      "capex": null,
      "gross_margin": null,
      "op_margin": 0.15368723614479476,
      "fcf_margin": 0.32767448127189436,
      "incr_op_margin_yoy": 0.08763981689284171,
      "rev_growth_yoy": 0.4693478051707897,
      "op_leverage_ratio": 1.0805220668729474,
      "fcf_margin_change": -0.1523331167905997
    },
    {
      "date": "2022-03-31T00:00:00",
      "quarter_label": "2022-03 (Q1)",
      "revenue": 11931000,
      "gross_profit": null,
      "operating_income": 1059000,
      "net_income": 595000,
      "opex": 10872000,
      "cogs": null,
      "rd": null,
      "sga": null,
      "fcf": 6620000,
      "ocf": 6620000,
      "capex": null,
      "gross_margin": null,
      "op_margin": 0.08876037213980387,
      "fcf_margin": 0.5548570949627022,
      "incr_op_margin_yoy": -0.022504892367906065,
      "rev_growth_yoy": 0.3458544839255499,
      "rev_growth_yoy_accel": -0.12349332124523982,
      "op_leverage_ratio": 0.4657638521078991,
      "fcf_margin_change": 0.22718261369080783
    },
    {
      "date": "2022-06-30T00:00:00",
      "quarter_label": "2022-06 (Q2)",
      "revenue": 12724000,
      "gross_profit": null,
      "operating_income": 2261000,
      "net_income": 953000,
      "opex": 10463000,
      "cogs": null,
      "rd": null,
      "sga": null,
      "fcf": 6437000,
      "ocf": 6437000,
      "capex": null,
      "gross_margin": null,
      "op_margin": 0.17769569317824582,
      "fcf_margin": 0.50589437283873,
      "incr_op_margin_yoy": 0.20212765957446807,
      "rev_growth_yoy": 0.3354324097397145,
      "rev_growth_yoy_accel": -0.010422074185835406,
      "op_leverage_ratio": Infinity,
      "fcf_margin_change": -0.048962722123972235
    },
    {
      "date": "2022-09-30T00:00:00",
      "quarter_label": "2022-09 (Q3)",
      "revenue": 13775000,
      "gross_profit": null,
      "operating_income": 2916000,
      "net_income": 931000,
      "opex": 10859000,
      "cogs": null,
      "rd": null,
      "sga": null,
      "fcf": 5513000,
      "ocf": 5513000,
      "capex": null,
      "gross_margin": null,
      "op_margin": 0.21168784029038112,
      "fcf_margin": 0.40021778584392015,
      "incr_op_margin_yoy": 0.41096734442390637,
      "rev_growth_yoy": 0.3082913856966474,
      "rev_growth_yoy_accel": -0.02714102404306712,
      "op_leverage_ratio": 2.182428854721373,
      "fcf_margin_change": -0.1056765869948098
    },
    {
      "date": "2022-12-31T00:00:00",
      "quarter_label": "2022-12 (Q4)",
      "revenue": 14900000,
      "gross_profit": null,
      "operating_income": 3463000,
      "net_income": 1375000,
      "opex": 11437000,
      "cogs": null,
      "rd": null,
      "sga": null,
      "fcf": 6021000,
      "ocf": 6021000,
      "capex": null,
      "gross_margin": null,
      "op_margin": 0.23241610738255034,
      "fcf_margin": 0.4040939597315436,
      "incr_op_margin_yoy": 0.46509158481550306,
      "rev_growth_yoy": 0.3383634240546124,
      "rev_growth_yoy_accel": 0.030072038357965014,
      "op_leverage_ratio": 1.5343446015109363,
      "fcf_margin_change": 0.0038761738876234575
    },
    {
      "date": "2023-03-31T00:00:00",
      "quarter_label": "2023-03 (Q1)",
      "revenue": 15148000,
      "gross_profit": null,
      "operating_income": 2545000,
      "net_income": 348000,
      "opex": 12603000,
      "cogs": null,
      "rd": null,
      "sga": null,
      "fcf": 7715000,
      "ocf": 7715000,
      "capex": null,
      "gross_margin": null,
      "op_margin": 0.16800897808291523,
      "fcf_margin": 0.5093081594930023,
      "incr_op_margin_yoy": 0.4619210444513522,
      "rev_growth_yoy": 0.2696337272651077,
      "rev_growth_yoy_accel": -0.06872969678950469,
      "op_leverage_ratio": 0.16325969585688466,
      "fcf_margin_change": 0.10521419976145874
    },
    {
      "date": "2023-06-30T00:00:00",
      "quarter_label": "2023-06 (Q2)",
      "revenue": 15457000,
      "gross_profit": null,
      "operating_income": 3623000,
      "net_income": 1012000,
      "opex": 11834000,
      "cogs": null,
      "rd": null,
      "sga": null,
      "fcf": 6892000,
      "ocf": 6892000,
      "capex": null,
      "gross_margin": null,
      "op_margin": 0.23439218477065407,
      "fcf_margin": 0.4458821246037394,
      "incr_op_margin_yoy": 0.4983534577387486,
      "rev_growth_yoy": 0.2147909462433197,
      "rev_growth_yoy_accel": -0.054842781021787995,
      "op_leverage_ratio": Infinity,
      "fcf_margin_change": -0.06342603488926296
    },
    {
      "date": "2023-09-30T00:00:00",
      "quarter_label": "2023-09 (Q3)",
      "revenue": 16106000,
      "gross_profit": null,
      "operating_income": 3829000,
      "net_income": 1166000,
      "opex": 12277000,
      "cogs": null,
      "rd": null,
      "sga": null,
      "fcf": 6714000,
      "ocf": 6714000,
      "capex": null,
      "gross_margin": null,
      "op_margin": 0.23773748913448403,
      "fcf_margin": 0.41686328076493234,
      "incr_op_margin_yoy": 0.3916773916773917,
      "rev_growth_yoy": 0.16921960072595282,
      "rev_growth_yoy_accel": -0.045571345517366885,
      "op_leverage_ratio": 1.1216240904827213,
      "fcf_margin_change": -0.02901884383880704
    },
    {
      "date": "2023-12-31T00:00:00",
      "quarter_label": "2023-12 (Q4)",
      "revenue": 17001000,
      "gross_profit": null,
      "operating_income": 3999000,
      "net_income": 1183000,
      "opex": 13002000,
      "cogs": null,
      "rd": null,
      "sga": null,
      "fcf": 7106000,
      "ocf": 7106000,
      "capex": null,
      "gross_margin": null,
      "op_margin": 0.23522145756131993,
      "fcf_margin": 0.4179754132109876,
      "incr_op_margin_yoy": 0.2551166111375536,
      "rev_growth_yoy": 0.14100671140939597,
      "rev_growth_yoy_accel": -0.028212889316556855,
      "op_leverage_ratio": 0.9409999272063956,
      "fcf_margin_change": 0.0011121324460552362
    },
    {
      "date": "2024-03-31T00:00:00",
      "quarter_label": "2024-03 (Q1)",
      "revenue": 17287000,
      "gross_profit": null,
      "operating_income": 3039000,
      "net_income": 206000,
      "opex": 14248000,
      "cogs": null,
      "rd": null,
      "sga": null,
      "fcf": 6401000,
      "ocf": 6401000,
      "capex": null,
      "gross_margin": null,
      "op_margin": 0.17579684155723954,
      "fcf_margin": 0.37027824376699253,
      "incr_op_margin_yoy": 0.23094904160822816,
      "rev_growth_yoy": 0.14120675996831264,
      "rev_growth_yoy_accel": 0.00020004855891667117,
      "op_leverage_ratio": 0.1755430683286216,
      "fcf_margin_change": -0.04769716944399505
    },
    {
      "date": "2024-06-30T00:00:00",
      "quarter_label": "2024-06 (Q2)",
      "revenue": 18050000,
      "gross_profit": null,
      "operating_income": 4109000,
      "net_income": 817000,
      "opex": 13941000,
      "cogs": null,
      "rd": null,
      "sga": null,
      "fcf": 9885000,
      "ocf": 9885000,
      "capex": null,
      "gross_margin": null,
      "op_margin": 0.22764542936288087,
      "fcf_margin": 0.5476454293628809,
      "incr_op_margin_yoy": 0.18742768993443887,
      "rev_growth_yoy": 0.1677557093873326,
      "rev_growth_yoy_accel": 0.026548949419019974,
      "op_leverage_ratio": Infinity,
      "fcf_margin_change": 0.17736718559588832
    },
    {
      "date": "2024-09-30T00:00:00",
      "quarter_label": "2024-09 (Q3)",
      "revenue": 19667000,
      "gross_profit": null,
      "operating_income": 4788000,
      "net_income": 1071000,
      "opex": 14879000,
      "cogs": null,
      "rd": null,
      "sga": null,
      "fcf": 8011000,
      "ocf": 8011000,
      "capex": null,
      "gross_margin": null,
      "op_margin": 0.24345350078812222,
      "fcf_margin": 0.40733207911730307,
      "incr_op_margin_yoy": 0.2693063746138725,
      "rev_growth_yoy": 0.22109772755494847,
      "rev_growth_yoy_accel": 0.05334201816761586,
      "op_leverage_ratio": 1.3314470583371232,
      "fcf_margin_change": -0.14031335024557778
    },
    {
      "date": "2024-12-31T00:00:00",
      "quarter_label": "2024-12 (Q4)",
      "revenue": 21368000,
      "gross_profit": null,
      "operating_income": 9239000,
      "net_income": 4502000,
      "opex": 14522000,
      "cogs": null,
      "rd": null,
      "sga": null,
      "fcf": 9206000,
      "ocf": 9206000,
      "capex": null,
      "gross_margin": null,
      "op_margin": 0.43237551478846875,
      "fcf_margin": 0.43083114938225386,
      "incr_op_margin_yoy": 1.1999084039386307,
      "rev_growth_yoy": 0.25686724310334685,
      "rev_growth_yoy_accel": 0.035769515548398384,
      "op_leverage_ratio": Infinity,
      "fcf_margin_change": 0.023499070264950794
    },
    {
      "date": "2025-03-31T00:00:00",
      "quarter_label": "2025-03 (Q1)",
      "revenue": 22150000,
      "gross_profit": null,
      "operating_income": 6281000,
      "net_income": 2082000,
      "opex": 15820000,
      "cogs": null,
      "rd": null,
      "sga": null,
      "fcf": 10818000,
      "ocf": 10818000,
      "capex": null,
      "gross_margin": null,
      "op_margin": 0.28356659142212187,
      "fcf_margin": 0.48839729119638825,
      "incr_op_margin_yoy": 0.6666666666666666,
      "rev_growth_yoy": 0.2813096546537861,
      "rev_growth_yoy_accel": 0.024442411550439247,
      "op_leverage_ratio": 0.40944410056308733,
      "fcf_margin_change": 0.057566141814134386
    },
    {
      "date": "2025-06-30T00:00:00",
      "quarter_label": "2025-06 (Q2)",
      "revenue": 23351000,
      "gross_profit": null,
      "operating_income": 8709000,
      "net_income": 3614000,
      "opex": 14642000,
      "cogs": null,
      "rd": null,
      "sga": null,
      "fcf": 11406000,
      "ocf": 11406000,
      "capex": null,
      "gross_margin": null,
      "op_margin": 0.3729604727848914,
      "fcf_margin": 0.4884587383837951,
      "incr_op_margin_yoy": 0.867760799849085,
      "rev_growth_yoy": 0.29368421052631577,
      "rev_growth_yoy_accel": 0.012374555872529669,
      "op_leverage_ratio": Infinity,
      "fcf_margin_change": 6.144718740686006e-05
    },
    {
      "date": "2025-09-30T00:00:00",
      "quarter_label": "2025-09 (Q3)",
      "revenue": 24326000,
      "gross_profit": null,
      "operating_income": 9149000,
      "net_income": 3810000,
      "opex": 15177000,
      "cogs": null,
      "rd": null,
      "sga": null,
      "fcf": 10936000,
      "ocf": 10936000,
      "capex": null,
      "gross_margin": null,
      "op_margin": 0.37609964646879884,
      "fcf_margin": 0.44956014141248046,
      "incr_op_margin_yoy": 0.9360377763468556,
      "rev_growth_yoy": 0.23689428992728936,
      "rev_growth_yoy_accel": -0.056789920599026406,
      "op_leverage_ratio": 1.1427355869808051,
      "fcf_margin_change": -0.03889859697131465
    }
  ],
  "signals": [
    {
      "quarter": "2025-09 (Q3)",
      "signal": "YoY REVENUE GROWTH DECELERATION",
      "detail": "YoY growth: +23.7% vs prior quarter YoY: +29.4% (decel: -5.7%)",
      "severity": "WARNING"
    },
    {
      "quarter": "2025-09 (Q3)",
      "signal": "INCREMENTAL MARGIN (YoY)",
      "detail": "YoY Incr OPM: +93.6% vs year-ago OPM: +24.3%",
      "severity": "HIGH"
    },
    {
      "quarter": "2025-06 (Q2)",
      "signal": "INCREMENTAL MARGIN (YoY)",
      "detail": "YoY Incr OPM: +86.8% vs year-ago OPM: +22.8%",
      "severity": "HIGH"
    },
    {
      "quarter": "2025-03 (Q1)",
      "signal": "FCF MARGIN EXPANSION",
      "detail": "FCF margin: +43.1% -> +48.8% (+5.8%)",
      "severity": "MEDIUM"
    },
    {
      "quarter": "2025-03 (Q1)",
      "signal": "INCREMENTAL MARGIN (YoY)",
      "detail": "YoY Incr OPM: +66.7% vs year-ago OPM: +17.6%",
      "severity": "HIGH"
    },
    {
      "quarter": "2024-12 (Q4)",
      "signal": "INCREMENTAL MARGIN (YoY)",
      "detail": "YoY Incr OPM: +120.0% vs year-ago OPM: +23.5%",
      "severity": "HIGH"
    },
    {
      "quarter": "2024-09 (Q3)",
      "signal": "YoY REVENUE GROWTH ACCELERATION",
      "detail": "YoY growth: +22.1% vs prior quarter YoY: +16.8% (accel: +5.3%)",
      "severity": "MEDIUM"
    },
    {
      "quarter": "2024-06 (Q2)",
      "signal": "FCF MARGIN EXPANSION",
      "detail": "FCF margin: +37.0% -> +54.8% (+17.7%)",
      "severity": "MEDIUM"
    },
    {
      "quarter": "2023-09 (Q3)",
      "signal": "INCREMENTAL MARGIN (YoY)",
      "detail": "YoY Incr OPM: +39.2% vs year-ago OPM: +21.2%",
      "severity": "MEDIUM"
    },
    {
      "quarter": "2023-06 (Q2)",
      "signal": "YoY REVENUE GROWTH DECELERATION",
      "detail": "YoY growth: +21.5% vs prior quarter YoY: +27.0% (decel: -5.5%)",
      "severity": "WARNING"
    },
    {
      "quarter": "2023-06 (Q2)",
      "signal": "INCREMENTAL MARGIN (YoY)",
      "detail": "YoY Incr OPM: +49.8% vs year-ago OPM: +17.8%",
      "severity": "HIGH"
    },
    {
      "quarter": "2023-03 (Q1)",
      "signal": "FCF MARGIN EXPANSION",
      "detail": "FCF margin: +40.4% -> +50.9% (+10.5%)",
      "severity": "MEDIUM"
    },
    {
      "quarter": "2023-03 (Q1)",
      "signal": "YoY REVENUE GROWTH DECELERATION",
      "detail": "YoY growth: +27.0% vs prior quarter YoY: +33.8% (decel: -6.9%)",
      "severity": "WARNING"
    },
    {
      "quarter": "2023-03 (Q1)",
      "signal": "INCREMENTAL MARGIN (YoY)",
      "detail": "YoY Incr OPM: +46.2% vs year-ago OPM: +8.9%",
      "severity": "HIGH"
    },
    {
      "quarter": "2022-12 (Q4)",
      "signal": "OPERATING LEVERAGE",
      "detail": "Rev growth +8.2% vs OpEx growth +5.3% (leverage: 1.5x)",
      "severity": "MEDIUM"
    },
    {
      "quarter": "2022-12 (Q4)",
      "signal": "INCREMENTAL MARGIN (YoY)",
      "detail": "YoY Incr OPM: +46.5% vs year-ago OPM: +15.4%",
      "severity": "HIGH"
    },
    {
      "quarter": "2022-09 (Q3)",
      "signal": "OPERATING LEVERAGE",
      "detail": "Rev growth +8.3% vs OpEx growth +3.8% (leverage: 2.2x)",
      "severity": "MEDIUM"
    },
    {
      "quarter": "2022-09 (Q3)",
      "signal": "INCREMENTAL MARGIN (YoY)",
      "detail": "YoY Incr OPM: +41.1% vs year-ago OPM: +15.0%",
      "severity": "HIGH"
    },
    {
      "quarter": "2022-03 (Q1)",
      "signal": "FCF MARGIN EXPANSION",
      "detail": "FCF margin: +32.8% -> +55.5% (+22.7%)",
      "severity": "MEDIUM"
    },
    {
      "quarter": "2022-03 (Q1)",
      "signal": "YoY REVENUE GROWTH DECELERATION",
      "detail": "YoY growth: +34.6% vs prior quarter YoY: +46.9% (decel: -12.3%)",
      "severity": "WARNING"
    },
    {
      "quarter": "2021-09 (Q3)",
      "signal": "FCF MARGIN EXPANSION",
      "detail": "FCF margin: +40.6% -> +48.0% (+7.4%)",
      "severity": "MEDIUM"
    },
    {
      "quarter": "2021-06 (Q2)",
      "signal": "OPERATING LEVERAGE",
      "detail": "Rev growth +7.5% vs OpEx growth +2.3% (leverage: 3.3x)",
      "severity": "MEDIUM"
    },
    {
      "quarter": "2021-03 (Q1)",
      "signal": "FCF MARGIN EXPANSION",
      "detail": "FCF margin: +45.5% -> +51.0% (+5.5%)",
      "severity": "MEDIUM"
    }
  ],
  "data_quality": {
    "n_quarters": 20,
    "coverage": {
      "revenue": [
        20,
        20
      ],
      "gross_profit": [
        0,
        20
      ],
      "op_income": [
        20,
        20
      ],
      "fcf": [
        20,
        20
      ]
    },
    "gaps": [],
    "warnings": [
      "gross_profit: no data"
    ]
  },
  "market_cap": null,
  "source": "SEC EDGAR",
  "last_updated": "2026-02-02T22:18:53.292714"
}