{
  "ticker": "PTEN",
  "name": "Patterson-UTI Energy, Inc.",
  "sector": "Energy",
  "industry": "Oil & Gas Drilling",
  "quarters": [
    {
      "date": "2021-03-31T00:00:00",
      "quarter_label": "2021-03 (Q1)",
      "revenue": 240929000,
      "gross_profit": null,
      "operating_income": -117527000,
      "net_income": -106413000,
      "opex": 358456000,
      "cogs": null,
      "rd": null,
      "sga": 22558000,
      "fcf": -9901000,
      "ocf": 8622000,
      "capex": -18523000,
      "gross_margin": null,
      "op_margin": -0.48780761137098483,
      "fcf_margin": -0.04109509440540574
    },
    {
      "date": "2021-06-30T00:00:00",
      "quarter_label": "2021-06 (Q2)",
      "revenue": 291774000,
      "gross_profit": null,
      "operating_income": -109410000,
      "net_income": -103309000,
      "opex": 401184000,
      "cogs": null,
      "rd": null,
      "sga": 23555000,
      "fcf": -2475000,
      "ocf": 35575000,
      "capex": -38050000,
      "gross_margin": null,
      "op_margin": -0.3749820066215633,
      "fcf_margin": -0.008482592691603775,
      "op_leverage_ratio": 1.7704450945552734,
      "fcf_margin_change": 0.032612501713801964
    },
    {
      "date": "2021-09-30T00:00:00",
      "quarter_label": "2021-09 (Q3)",
      "revenue": 357885000,
      "gross_profit": null,
      "operating_income": -90009000,
      "net_income": -82998000,
      "opex": 447894000,
      "cogs": null,
      "rd": null,
      "sga": 22063000,
      "fcf": -26863000,
      "ocf": 7401000,
      "capex": -34264000,
      "gross_margin": null,
      "op_margin": -0.25150257764365647,
      "fcf_margin": -0.0750604244380178,
      "op_leverage_ratio": 1.946080827226679,
      "fcf_margin_change": -0.06657783174641403
    },
    {
      "date": "2021-12-31T00:00:00",
      "quarter_label": "2021-12 (Q4)",
      "revenue": 466493000,
      "gross_profit": null,
      "operating_income": -360804000,
      "net_income": -361825000,
      "opex": 827297000,
      "cogs": null,
      "rd": null,
      "sga": 24206000,
      "fcf": -31585000,
      "ocf": 43898000,
      "capex": -75483000,
      "gross_margin": null,
      "op_margin": -0.7734392584669009,
      "fcf_margin": -0.06770733965997346,
      "op_leverage_ratio": 0.3582554485671496,
      "fcf_margin_change": 0.007353084778044347
    },
    {
      "date": "2022-03-31T00:00:00",
      "quarter_label": "2022-03 (Q1)",
      "revenue": 509375000,
      "gross_profit": null,
      "operating_income": -18881000,
      "net_income": -28777000,
      "opex": 528256000,
      "cogs": null,
      "rd": null,
      "sga": 27461000,
      "fcf": -61154000,
      "ocf": 33674000,
      "capex": -94828000,
      "gross_margin": null,
      "op_margin": -0.03706699386503067,
      "fcf_margin": -0.12005693251533742,
      "incr_op_margin_yoy": 0.3674705527368633,
      "rev_growth_yoy": 1.1142120707760377,
      "op_leverage_ratio": null,
      "fcf_margin_change": -0.05234959285536396
    },
    {
      "date": "2022-06-30T00:00:00",
      "quarter_label": "2022-06 (Q2)",
      "revenue": 622238000,
      "gross_profit": null,
      "operating_income": 36762000,
      "net_income": 21886000,
      "opex": 585476000,
      "cogs": null,
      "rd": null,
      "sga": 26079000,
      "fcf": -45027000,
      "ocf": 51343000,
      "capex": -96370000,
      "gross_margin": null,
      "op_margin": 0.05908028760699282,
      "fcf_margin": -0.07236298650998492,
      "incr_op_margin_yoy": 0.44232352086762855,
      "rev_growth_yoy": 1.132602630803293,
      "rev_growth_yoy_accel": 0.018390560027255365,
      "op_leverage_ratio": 2.0455521168925017,
      "fcf_margin_change": 0.0476939460053525
    },
    {
      "date": "2022-09-30T00:00:00",
      "quarter_label": "2022-09 (Q3)",
      "revenue": 727503000,
      "gross_profit": null,
      "operating_income": 76345000,
      "net_income": 61452000,
      "opex": 651158000,
      "cogs": null,
      "rd": null,
      "sga": 28472000,
      "fcf": 51875000,
      "ocf": 178230000,
      "capex": -126355000,
      "gross_margin": null,
      "op_margin": 0.10494114800901165,
      "fcf_margin": 0.07130554788090221,
      "incr_op_margin_yoy": 0.45007007234496155,
      "rev_growth_yoy": 1.0327842742780502,
      "rev_growth_yoy_accel": -0.09981835652524285,
      "op_leverage_ratio": 1.5079612911459745,
      "fcf_margin_change": 0.14366853439088711
    },
    {
      "date": "2022-12-31T00:00:00",
      "quarter_label": "2022-12 (Q4)",
      "revenue": 788476000,
      "gross_profit": null,
      "operating_income": 116805000,
      "net_income": 100097000,
      "opex": 671671000,
      "cogs": null,
      "rd": null,
      "sga": 34577000,
      "fcf": 183697000,
      "ocf": 302941000,
      "capex": -119244000,
      "gross_margin": null,
      "op_margin": 0.14814020972103145,
      "fcf_margin": 0.23297728783120855,
      "incr_op_margin_yoy": 1.4833360767493935,
      "rev_growth_yoy": 0.6902204320322063,
      "rev_growth_yoy_accel": -0.3425638422458439,
      "op_leverage_ratio": 2.660479860695487,
      "fcf_margin_change": 0.16167173995030634
    },
    {
      "date": "2023-03-31T00:00:00",
      "quarter_label": "2023-03 (Q1)",
      "revenue": 791802000,
      "gross_profit": null,
      "operating_income": 125963000,
      "net_income": 99678000,
      "opex": 665839000,
      "cogs": null,
      "rd": null,
      "sga": 30566000,
      "fcf": 116748000,
      "ocf": 234349000,
      "capex": -117601000,
      "gross_margin": null,
      "op_margin": 0.15908396290991939,
      "fcf_margin": 0.14744595239719022,
      "incr_op_margin_yoy": 0.5128546491659792,
      "rev_growth_yoy": 0.5544579141104294,
      "rev_growth_yoy_accel": -0.13576251792177685,
      "fcf_margin_change": -0.08553133543401834
    },
    {
      "date": "2023-06-30T00:00:00",
      "quarter_label": "2023-06 (Q2)",
      "revenue": 758885000,
      "gross_profit": null,
      "operating_income": 104582000,
      "net_income": 84614000,
      "opex": 654303000,
      "cogs": null,
      "rd": null,
      "sga": 33257000,
      "fcf": 30463000,
      "ocf": 162857000,
      "capex": -132394000,
      "gross_margin": null,
      "op_margin": 0.13781007662557568,
      "fcf_margin": 0.040141786963769216,
      "incr_op_margin_yoy": 0.4963153234245904,
      "rev_growth_yoy": 0.2196056814273638,
      "rev_growth_yoy_accel": -0.33485223268306563,
      "fcf_margin_change": -0.107304165433421
    },
    {
      "date": "2023-09-30T00:00:00",
      "quarter_label": "2023-09 (Q3)",
      "revenue": 1011452000,
      "gross_profit": null,
      "operating_income": 9704000,
      "net_income": 50000,
      "opex": 1001748000,
      "cogs": null,
      "rd": null,
      "sga": 45102000,
      "fcf": -4346000,
      "ocf": 156076000,
      "capex": -160422000,
      "gross_margin": null,
      "op_margin": 0.009594128045621542,
      "fcf_margin": -0.0042967931251309995,
      "incr_op_margin_yoy": -0.2346935541241561,
      "rev_growth_yoy": 0.3903062942695769,
      "rev_growth_yoy_accel": 0.1707006128422131,
      "op_leverage_ratio": 0.6267487584420792,
      "fcf_margin_change": -0.04443858008890021
    },
    {
      "date": "2023-12-31T00:00:00",
      "quarter_label": "2023-12 (Q4)",
      "revenue": 1584317000,
      "gross_profit": null,
      "operating_income": 111705000,
      "net_income": 61950000,
      "opex": 1472612000,
      "cogs": null,
      "rd": null,
      "sga": 61037000,
      "fcf": 247359000,
      "ocf": 452632000,
      "capex": -205273000,
      "gross_margin": null,
      "op_margin": 0.07050672308635203,
      "fcf_margin": 0.15612973918729647,
      "incr_op_margin_yoy": -0.0064083152287957015,
      "rev_growth_yoy": 1.0093408042857361,
      "rev_growth_yoy_accel": 0.6190345100161592,
      "op_leverage_ratio": 1.204952724857167,
      "fcf_margin_change": 0.16042653231242748
    },
    {
      "date": "2024-03-31T00:00:00",
      "quarter_label": "2024-03 (Q1)",
      "revenue": 1510360000,
      "gross_profit": null,
      "operating_income": 86999000,
      "net_income": 51235000,
      "opex": 1423361000,
      "cogs": null,
      "rd": null,
      "sga": 64984000,
      "fcf": 138950000,
      "ocf": 365891000,
      "capex": -226941000,
      "gross_margin": null,
      "op_margin": 0.05760149898037554,
      "fcf_margin": 0.091997934267327,
      "incr_op_margin_yoy": -0.05422526782806677,
      "rev_growth_yoy": 0.9074970762892743,
      "rev_growth_yoy_accel": -0.1018437279964618,
      "fcf_margin_change": -0.06413180491996948
    },
    {
      "date": "2024-06-30T00:00:00",
      "quarter_label": "2024-06 (Q2)",
      "revenue": 1348194000,
      "gross_profit": null,
      "operating_income": 45228000,
      "net_income": 11077000,
      "opex": 1302966000,
      "cogs": null,
      "rd": null,
      "sga": 64578000,
      "fcf": 67014000,
      "ocf": 197522000,
      "capex": -130508000,
      "gross_margin": null,
      "op_margin": 0.0335471007881655,
      "fcf_margin": 0.049706496246089214,
      "incr_op_margin_yoy": -0.10071795950850912,
      "rev_growth_yoy": 0.7765458534560572,
      "rev_growth_yoy_accel": -0.13095122283321714,
      "fcf_margin_change": -0.04229143802123778
    },
    {
      "date": "2024-09-30T00:00:00",
      "quarter_label": "2024-09 (Q3)",
      "revenue": 1357222000,
      "gross_profit": null,
      "operating_income": -990629000,
      "net_income": -978761000,
      "opex": 2347851000,
      "cogs": null,
      "rd": null,
      "sga": 65696000,
      "fcf": 115702000,
      "ocf": 296289000,
      "capex": -180587000,
      "gross_margin": null,
      "op_margin": -0.7298945935152834,
      "fcf_margin": 0.085249133892613,
      "incr_op_margin_yoy": -2.89305896983544,
      "rev_growth_yoy": 0.34185507567338835,
      "rev_growth_yoy_accel": -0.43469077778266885,
      "fcf_margin_change": 0.03554263764652379
    },
    {
      "date": "2024-12-31T00:00:00",
      "quarter_label": "2024-12 (Q4)",
      "revenue": 1162135000,
      "gross_profit": null,
      "operating_income": -31335000,
      "net_income": -51582000,
      "opex": 1193470000,
      "cogs": null,
      "rd": null,
      "sga": 73079000,
      "fcf": 175484000,
      "ocf": 315834000,
      "capex": -140350000,
      "gross_margin": null,
      "op_margin": -0.026963304607468153,
      "fcf_margin": 0.1510013896836426,
      "incr_op_margin_yoy": 0.3388112235955109,
      "rev_growth_yoy": -0.2664757116157941,
      "rev_growth_yoy_accel": -0.6083307872891824,
      "fcf_margin_change": 0.0657522557910296
    },
    {
      "date": "2025-03-31T00:00:00",
      "quarter_label": "2025-03 (Q1)",
      "revenue": 1280537000,
      "gross_profit": null,
      "operating_income": 16945000,
      "net_income": 1005000,
      "opex": 1263592000,
      "cogs": null,
      "rd": null,
      "sga": 66930000,
      "fcf": 46310000,
      "ocf": 208141000,
      "capex": -161831000,
      "gross_margin": null,
      "op_margin": 0.013232729706365376,
      "fcf_margin": 0.03616451535566719,
      "incr_op_margin_yoy": 0.3048171853991985,
      "rev_growth_yoy": -0.15216438465001722,
      "rev_growth_yoy_accel": 0.11431132696577687,
      "op_leverage_ratio": 1.7340422291453959,
      "fcf_margin_change": -0.1148368743279754
    },
    {
      "date": "2025-06-30T00:00:00",
      "quarter_label": "2025-06 (Q2)",
      "revenue": 1219320000,
      "gross_profit": null,
      "operating_income": -29486000,
      "net_income": -49144000,
      "opex": 1248806000,
      "cogs": null,
      "rd": null,
      "sga": 64108000,
      "fcf": -4457000,
      "ocf": 139749000,
      "capex": -144206000,
      "gross_margin": null,
      "op_margin": -0.024182331135386936,
      "fcf_margin": -0.0036553160778138635,
      "incr_op_margin_yoy": 0.5797445566987911,
      "rev_growth_yoy": -0.09559010053449281,
      "rev_growth_yoy_accel": 0.05657428411552441,
      "fcf_margin_change": -0.03981983143348106
    },
    {
      "date": "2025-09-30T00:00:00",
      "quarter_label": "2025-09 (Q3)",
      "revenue": 1175954000,
      "gross_profit": null,
      "operating_income": -28054000,
      "net_income": -36402000,
      "opex": 1204008000,
      "cogs": null,
      "rd": null,
      "sga": 61976000,
      "fcf": 71324000,
      "ocf": 215803000,
      "capex": -144479000,
      "gross_margin": null,
      "op_margin": -0.02385637533440934,
      "fcf_margin": 0.060652032307386174,
      "incr_op_margin_yoy": -5.310231259792131,
      "rev_growth_yoy": -0.133558106190439,
      "rev_growth_yoy_accel": -0.0379680056559462,
      "fcf_margin_change": 0.06430734838520004
    },
    {
      "date": "2025-12-31T00:00:00",
      "quarter_label": "2025-12 (Q4)",
      "revenue": 1150813000,
      "gross_profit": null,
      "operating_income": -235000,
      "net_income": -9094000,
      "opex": 1151048000,
      "cogs": null,
      "rd": null,
      "sga": 62058000,
      "fcf": 259013000,
      "ocf": 397526000,
      "capex": -138513000,
      "gross_margin": null,
      "op_margin": -0.00020420346311694429,
      "fcf_margin": 0.22506958124386847,
      "incr_op_margin_yoy": -2.746864511570394,
      "rev_growth_yoy": -0.009742413747111996,
      "rev_growth_yoy_accel": 0.12381569244332702,
      "fcf_margin_change": 0.1644175489364823
    }
  ],
  "signals": [
    {
      "quarter": "2025-12 (Q4)",
      "signal": "FCF MARGIN EXPANSION",
      "detail": "FCF margin: +6.1% -> +22.5% (+16.4%)",
      "severity": "MEDIUM"
    },
    {
      "quarter": "2025-12 (Q4)",
      "signal": "YoY REVENUE GROWTH ACCELERATION",
      "detail": "YoY growth: -1.0% vs prior quarter YoY: -13.4% (accel: +12.4%)",
      "severity": "MEDIUM"
    },
    {
      "quarter": "2025-09 (Q3)",
      "signal": "FCF TURNED POSITIVE",
      "detail": "FCF margin: -0.4% -> +6.1%",
      "severity": "HIGH"
    },
    {
      "quarter": "2025-06 (Q2)",
      "signal": "YoY REVENUE GROWTH ACCELERATION",
      "detail": "YoY growth: -9.6% vs prior quarter YoY: -15.2% (accel: +5.7%)",
      "severity": "MEDIUM"
    },
    {
      "quarter": "2025-03 (Q1)",
      "signal": "OPERATING LEVERAGE",
      "detail": "Rev growth +10.2% vs OpEx growth +5.9% (leverage: 1.7x)",
      "severity": "MEDIUM"
    },
    {
      "quarter": "2025-03 (Q1)",
      "signal": "YoY REVENUE GROWTH ACCELERATION",
      "detail": "YoY growth: -15.2% vs prior quarter YoY: -26.6% (accel: +11.4%)",
      "severity": "MEDIUM"
    },
    {
      "quarter": "2025-03 (Q1)",
      "signal": "INCREMENTAL MARGIN (YoY)",
      "detail": "YoY Incr OPM: +30.5% vs year-ago OPM: +5.8%",
      "severity": "HIGH"
    },
    {
      "quarter": "2025-03 (Q1)",
      "signal": "OP MARGIN TURNED POSITIVE (QoQ)",
      "detail": "Op margin: -2.7% -> +1.3%",
      "severity": "HIGH"
    },
    {
      "quarter": "2024-12 (Q4)",
      "signal": "FCF MARGIN EXPANSION",
      "detail": "FCF margin: +8.5% -> +15.1% (+6.6%)",
      "severity": "MEDIUM"
    },
    {
      "quarter": "2024-12 (Q4)",
      "signal": "YoY REVENUE GROWTH DECELERATION",
      "detail": "YoY growth: -26.6% vs prior quarter YoY: +34.2% (decel: -60.8%)",
      "severity": "WARNING"
    },
    {
      "quarter": "2024-09 (Q3)",
      "signal": "YoY REVENUE GROWTH DECELERATION",
      "detail": "YoY growth: +34.2% vs prior quarter YoY: +77.7% (decel: -43.5%)",
      "severity": "WARNING"
    },
    {
      "quarter": "2024-06 (Q2)",
      "signal": "YoY REVENUE GROWTH DECELERATION",
      "detail": "YoY growth: +77.7% vs prior quarter YoY: +90.7% (decel: -13.1%)",
      "severity": "WARNING"
    },
    {
      "quarter": "2024-03 (Q1)",
      "signal": "YoY REVENUE GROWTH DECELERATION",
      "detail": "YoY growth: +90.7% vs prior quarter YoY: +100.9% (decel: -10.2%)",
      "severity": "WARNING"
    },
    {
      "quarter": "2023-12 (Q4)",
      "signal": "FCF TURNED POSITIVE",
      "detail": "FCF margin: -0.4% -> +15.6%",
      "severity": "HIGH"
    },
    {
      "quarter": "2023-12 (Q4)",
      "signal": "YoY REVENUE GROWTH ACCELERATION",
      "detail": "YoY growth: +100.9% vs prior quarter YoY: +39.0% (accel: +61.9%)",
      "severity": "HIGH"
    },
    {
      "quarter": "2023-09 (Q3)",
      "signal": "YoY REVENUE GROWTH ACCELERATION",
      "detail": "YoY growth: +39.0% vs prior quarter YoY: +22.0% (accel: +17.1%)",
      "severity": "HIGH"
    },
    {
      "quarter": "2023-06 (Q2)",
      "signal": "YoY REVENUE GROWTH DECELERATION",
      "detail": "YoY growth: +22.0% vs prior quarter YoY: +55.4% (decel: -33.5%)",
      "severity": "WARNING"
    },
    {
      "quarter": "2023-06 (Q2)",
      "signal": "INCREMENTAL MARGIN (YoY)",
      "detail": "YoY Incr OPM: +49.6% vs year-ago OPM: +5.9%",
      "severity": "HIGH"
    },
    {
      "quarter": "2023-03 (Q1)",
      "signal": "YoY REVENUE GROWTH DECELERATION",
      "detail": "YoY growth: +55.4% vs prior quarter YoY: +69.0% (decel: -13.6%)",
      "severity": "WARNING"
    },
    {
      "quarter": "2023-03 (Q1)",
      "signal": "OP MARGIN TURNED POSITIVE (YoY)",
      "detail": "Op margin: -3.7% (year-ago) -> +15.9%",
      "severity": "HIGH"
    },
    {
      "quarter": "2022-12 (Q4)",
      "signal": "FCF MARGIN EXPANSION",
      "detail": "FCF margin: +7.1% -> +23.3% (+16.2%)",
      "severity": "MEDIUM"
    },
    {
      "quarter": "2022-12 (Q4)",
      "signal": "OPERATING LEVERAGE",
      "detail": "Rev growth +8.4% vs OpEx growth +3.2% (leverage: 2.7x)",
      "severity": "MEDIUM"
    },
    {
      "quarter": "2022-12 (Q4)",
      "signal": "YoY REVENUE GROWTH DECELERATION",
      "detail": "YoY growth: +69.0% vs prior quarter YoY: +103.3% (decel: -34.3%)",
      "severity": "WARNING"
    },
    {
      "quarter": "2022-12 (Q4)",
      "signal": "OP MARGIN TURNED POSITIVE (YoY)",
      "detail": "Op margin: -77.3% (year-ago) -> +14.8%",
      "severity": "HIGH"
    },
    {
      "quarter": "2022-09 (Q3)",
      "signal": "FCF TURNED POSITIVE",
      "detail": "FCF margin: -7.2% -> +7.1%",
      "severity": "HIGH"
    },
    {
      "quarter": "2022-09 (Q3)",
      "signal": "OPERATING LEVERAGE",
      "detail": "Rev growth +16.9% vs OpEx growth +11.2% (leverage: 1.5x)",
      "severity": "MEDIUM"
    },
    {
      "quarter": "2022-09 (Q3)",
      "signal": "YoY REVENUE GROWTH DECELERATION",
      "detail": "YoY growth: +103.3% vs prior quarter YoY: +113.3% (decel: -10.0%)",
      "severity": "WARNING"
    },
    {
      "quarter": "2022-09 (Q3)",
      "signal": "OP MARGIN TURNED POSITIVE (YoY)",
      "detail": "Op margin: -25.2% (year-ago) -> +10.5%",
      "severity": "HIGH"
    },
    {
      "quarter": "2022-06 (Q2)",
      "signal": "OPERATING LEVERAGE",
      "detail": "Rev growth +22.2% vs OpEx growth +10.8% (leverage: 2.0x)",
      "severity": "MEDIUM"
    },
    {
      "quarter": "2022-06 (Q2)",
      "signal": "OP MARGIN TURNED POSITIVE (YoY)",
      "detail": "Op margin: -37.5% (year-ago) -> +5.9%",
      "severity": "HIGH"
    },
    {
      "quarter": "2022-06 (Q2)",
      "signal": "OP MARGIN TURNED POSITIVE (QoQ)",
      "detail": "Op margin: -3.7% -> +5.9%",
      "severity": "HIGH"
    },
    {
      "quarter": "2021-09 (Q3)",
      "signal": "OPERATING LEVERAGE",
      "detail": "Rev growth +22.7% vs OpEx growth +11.6% (leverage: 1.9x)",
      "severity": "MEDIUM"
    },
    {
      "quarter": "2021-06 (Q2)",
      "signal": "OPERATING LEVERAGE",
      "detail": "Rev growth +21.1% vs OpEx growth +11.9% (leverage: 1.8x)",
      "severity": "MEDIUM"
    }
  ],
  "data_quality": {
    "n_quarters": 20,
    "coverage": {
      "revenue": [
        20,
        20
      ],
      "gross_profit": [
        0,
        20
      ],
      "op_income": [
        20,
        20
      ],
      "fcf": [
        20,
        20
      ]
    },
    "gaps": [],
    "warnings": [
      "gross_profit: no data"
    ]
  },
  "market_cap": null,
  "source": "SEC EDGAR",
  "last_updated": "2026-02-13T11:47:14.384520"
}