{
  "ticker": "PTLO",
  "name": "PORTILLO'S INC.",
  "quarters": [
    {
      "date": "2020-12-27T00:00:00",
      "quarter_label": "2020-12 (Q4)",
      "revenue": 118511000,
      "gross_profit": 82160000,
      "operating_income": 15625000,
      "net_income": -15632000,
      "opex": 83950000,
      "cogs": 36351000,
      "rd": null,
      "sga": null,
      "fcf": 8852000,
      "ocf": 20166000,
      "capex": -11314000,
      "gross_margin": 0.6932689792508713,
      "op_margin": 0.13184430137286834,
      "fcf_margin": 0.07469348836816836
    },
    {
      "date": "2021-03-28T00:00:00",
      "quarter_label": "2021-03 (Q1)",
      "revenue": 117307000,
      "gross_profit": 82283000,
      "operating_income": 10853000,
      "net_income": -5391000,
      "opex": 87546000,
      "cogs": 35024000,
      "rd": null,
      "sga": null,
      "fcf": -5918000,
      "ocf": 5048000,
      "capex": -10966000,
      "gross_margin": 0.7014329920635597,
      "op_margin": 0.09251792305659509,
      "fcf_margin": -0.050448822320918615,
      "fcf_margin_change": -0.125142310689087
    },
    {
      "date": "2021-06-27T00:00:00",
      "quarter_label": "2021-06 (Q2)",
      "revenue": 140734000,
      "gross_profit": 98578000,
      "operating_income": 24461000,
      "net_income": 8172000,
      "opex": 97669000,
      "cogs": 42156000,
      "rd": null,
      "sga": null,
      "fcf": 20267000,
      "ocf": 27769000,
      "capex": -7502000,
      "gross_margin": 0.7004561797433456,
      "op_margin": 0.1738101666974576,
      "fcf_margin": 0.14400926570693648,
      "op_leverage_ratio": 1.727109290011293,
      "fcf_margin_change": 0.19445808802785508
    },
    {
      "date": "2021-09-26T00:00:00",
      "quarter_label": "2021-09 (Q3)",
      "revenue": 138003000,
      "gross_profit": 93718000,
      "operating_income": 17214000,
      "net_income": 6531000,
      "opex": 103760000,
      "cogs": 44285000,
      "rd": null,
      "sga": null,
      "fcf": -2145000,
      "ocf": 7074000,
      "capex": -9219000,
      "gross_margin": 0.6791011789598776,
      "op_margin": 0.12473641877350493,
      "fcf_margin": -0.015543140366513771,
      "fcf_margin_change": -0.15955240607345025
    },
    {
      "date": "2021-12-26T00:00:00",
      "quarter_label": "2021-12 (Q4)",
      "revenue": 138908000,
      "gross_profit": 93609000,
      "operating_income": -22516000,
      "net_income": -35588000,
      "opex": 103895000,
      "cogs": 45299000,
      "rd": null,
      "sga": null,
      "fcf": -5513000,
      "ocf": 2983000,
      "capex": -8496000,
      "gross_margin": 0.6738920724508307,
      "op_margin": -0.16209289601750798,
      "fcf_margin": -0.039688138912085696,
      "incr_op_margin_yoy": -1.8699318527234396,
      "rev_growth_yoy": 0.17211060576655332,
      "fcf_margin_change": -0.024144998545571925
    },
    {
      "date": "2022-03-27T00:00:00",
      "quarter_label": "2022-03 (Q1)",
      "revenue": 134482000,
      "gross_profit": 88216000,
      "operating_income": 6814000,
      "net_income": 194000,
      "opex": 106499000,
      "cogs": 46266000,
      "rd": null,
      "sga": null,
      "fcf": -5479000,
      "ocf": 800000,
      "capex": -6279000,
      "gross_margin": 0.6559688285421097,
      "op_margin": 0.05066849095046177,
      "fcf_margin": -0.040741511875195195,
      "incr_op_margin_yoy": -0.23516739446870452,
      "rev_growth_yoy": 0.14641070012872207,
      "rev_growth_yoy_accel": -0.025699905637831255,
      "fcf_margin_change": -0.0010533729631094987
    },
    {
      "date": "2022-06-26T00:00:00",
      "quarter_label": "2022-06 (Q2)",
      "revenue": 150623000,
      "gross_profit": 98849000,
      "operating_income": 17439000,
      "net_income": 5111000,
      "opex": 112237000,
      "cogs": 51774000,
      "rd": null,
      "sga": null,
      "fcf": 16898000,
      "ocf": 24559000,
      "capex": -7661000,
      "gross_margin": 0.6562676350889306,
      "op_margin": 0.1157791306772538,
      "fcf_margin": 0.11218738174116835,
      "incr_op_margin_yoy": -0.7100819091920315,
      "rev_growth_yoy": 0.07026731280287635,
      "rev_growth_yoy_accel": -0.07614338732584572,
      "op_leverage_ratio": 2.227672092635435,
      "fcf_margin_change": 0.15292889361636355
    },
    {
      "date": "2022-09-25T00:00:00",
      "quarter_label": "2022-09 (Q3)",
      "revenue": 151121000,
      "gross_profit": 97747000,
      "operating_income": 10586000,
      "net_income": 1592000,
      "opex": 117033000,
      "cogs": 53374000,
      "rd": null,
      "sga": null,
      "fcf": -2462000,
      "ocf": 13610000,
      "capex": -16072000,
      "gross_margin": 0.6468128188670006,
      "op_margin": 0.07004982762157476,
      "fcf_margin": -0.01629158091860165,
      "incr_op_margin_yoy": -0.5052599481628297,
      "rev_growth_yoy": 0.09505590458178445,
      "rev_growth_yoy_accel": 0.024788591778908103,
      "fcf_margin_change": -0.12847896265977
    },
    {
      "date": "2022-12-25T00:00:00",
      "quarter_label": "2022-12 (Q4)",
      "revenue": 150878000,
      "gross_profit": 98055000,
      "operating_income": 6440000,
      "net_income": 3954000,
      "opex": 118829000,
      "cogs": 52823000,
      "rd": null,
      "sga": null,
      "fcf": 871000,
      "ocf": 17920000,
      "capex": -17049000,
      "gross_margin": 0.6498959424170522,
      "op_margin": 0.04268349262317899,
      "fcf_margin": 0.005772876098569705,
      "incr_op_margin_yoy": 2.419047619047619,
      "rev_growth_yoy": 0.08617214271316267,
      "rev_growth_yoy_accel": -0.008883761868621776,
      "fcf_margin_change": 0.022064457017171354
    },
    {
      "date": "2023-03-26T00:00:00",
      "quarter_label": "2023-03 (Q1)",
      "revenue": 156061000,
      "gross_profit": 102435000,
      "operating_income": 8493000,
      "net_income": -514000,
      "opex": 121240000,
      "cogs": 53626000,
      "rd": null,
      "sga": null,
      "fcf": -13730000,
      "ocf": 6486000,
      "capex": -20216000,
      "gross_margin": 0.6563779547740948,
      "op_margin": 0.05442102767507577,
      "fcf_margin": -0.08797841869525377,
      "incr_op_margin_yoy": 0.07780712729968951,
      "rev_growth_yoy": 0.1604601359289719,
      "rev_growth_yoy_accel": 0.07428799321580923,
      "op_leverage_ratio": 1.6930918621508946,
      "fcf_margin_change": -0.09375129479382348
    },
    {
      "date": "2023-06-25T00:00:00",
      "quarter_label": "2023-06 (Q2)",
      "revenue": 169182000,
      "gross_profit": null,
      "operating_income": 17384000,
      "net_income": 6788000,
      "opex": 126451000,
      "cogs": null,
      "rd": null,
      "sga": null,
      "fcf": 7680000,
      "ocf": 24823000,
      "capex": -17143000,
      "gross_margin": null,
      "op_margin": 0.10275324798146375,
      "fcf_margin": 0.0453949001666844,
      "incr_op_margin_yoy": -0.0029635217414731396,
      "rev_growth_yoy": 0.12321491405695013,
      "rev_growth_yoy_accel": -0.03724522187202177,
      "op_leverage_ratio": 1.9561286079290712,
      "fcf_margin_change": 0.13337331886193818
    },
    {
      "date": "2023-09-24T00:00:00",
      "quarter_label": "2023-09 (Q3)",
      "revenue": 166805000,
      "gross_profit": null,
      "operating_income": 15097000,
      "net_income": 4361000,
      "opex": 124920000,
      "cogs": null,
      "rd": null,
      "sga": null,
      "fcf": 1960000,
      "ocf": 22261000,
      "capex": -20301000,
      "gross_margin": null,
      "op_margin": 0.09050687929018915,
      "fcf_margin": 0.011750247294745362,
      "incr_op_margin_yoy": 0.2876179546034175,
      "rev_growth_yoy": 0.1037843846983543,
      "rev_growth_yoy_accel": -0.019430529358595836,
      "fcf_margin_change": -0.03364465287193903
    },
    {
      "date": "2023-12-31T00:00:00",
      "quarter_label": "2023-12 (Q4)",
      "revenue": 187858000,
      "gross_profit": null,
      "operating_income": 14467000,
      "net_income": 7789000,
      "opex": 142122000,
      "cogs": null,
      "rd": null,
      "sga": null,
      "fcf": -13047000,
      "ocf": 17211000,
      "capex": -30258000,
      "gross_margin": null,
      "op_margin": 0.07701029501006079,
      "fcf_margin": -0.06945139413812561,
      "incr_op_margin_yoy": 0.2170632774472688,
      "rev_growth_yoy": 0.2450986890070123,
      "rev_growth_yoy_accel": 0.141314304308658,
      "op_leverage_ratio": 0.9165537912217895,
      "fcf_margin_change": -0.08120164143287097
    },
    {
      "date": "2024-03-31T00:00:00",
      "quarter_label": "2024-03 (Q1)",
      "revenue": 165831000,
      "gross_profit": null,
      "operating_income": 10097000,
      "net_income": 4562000,
      "opex": 129460000,
      "cogs": null,
      "rd": null,
      "sga": null,
      "fcf": -7862000,
      "ocf": 9077000,
      "capex": -16939000,
      "gross_margin": null,
      "op_margin": 0.06088728886637601,
      "fcf_margin": -0.04740971229745946,
      "incr_op_margin_yoy": 0.16417604912998976,
      "rev_growth_yoy": 0.06260372546632406,
      "rev_growth_yoy_accel": -0.18249496354068823,
      "fcf_margin_change": 0.02204168184066615
    },
    {
      "date": "2024-06-30T00:00:00",
      "quarter_label": "2024-06 (Q2)",
      "revenue": 181862000,
      "gross_profit": null,
      "operating_income": 18115000,
      "net_income": 6470000,
      "opex": 137293000,
      "cogs": null,
      "rd": null,
      "sga": null,
      "fcf": 15585000,
      "ocf": 32551000,
      "capex": -16966000,
      "gross_margin": null,
      "op_margin": 0.09960849435286095,
      "fcf_margin": 0.08569684705985857,
      "incr_op_margin_yoy": 0.057649842271293376,
      "rev_growth_yoy": 0.07494887162936956,
      "rev_growth_yoy_accel": 0.012345146163045495,
      "op_leverage_ratio": 1.597726250280646,
      "fcf_margin_change": 0.13310655935731802
    },
    {
      "date": "2024-09-29T00:00:00",
      "quarter_label": "2024-09 (Q3)",
      "revenue": 178252000,
      "gross_profit": null,
      "operating_income": 15988000,
      "net_income": 7220000,
      "opex": 136306000,
      "cogs": null,
      "rd": null,
      "sga": null,
      "fcf": 7717000,
      "ocf": 30326000,
      "capex": -22609000,
      "gross_margin": null,
      "op_margin": 0.08969324327356776,
      "fcf_margin": 0.04329264187779099,
      "incr_op_margin_yoy": 0.07783698785708046,
      "rev_growth_yoy": 0.0686250412157909,
      "rev_growth_yoy_accel": -0.00632383041357866,
      "fcf_margin_change": -0.04240420518206758
    },
    {
      "date": "2024-12-29T00:00:00",
      "quarter_label": "2024-12 (Q4)",
      "revenue": 184609000,
      "gross_profit": null,
      "operating_income": 13833000,
      "net_income": 11265000,
      "opex": 139381000,
      "cogs": null,
      "rd": null,
      "sga": null,
      "fcf": -5591000,
      "ocf": 26086000,
      "capex": -31677000,
      "gross_margin": null,
      "op_margin": 0.0749313413755559,
      "fcf_margin": -0.030285630711395436,
      "incr_op_margin_yoy": 0.1951369652200677,
      "rev_growth_yoy": -0.017294978121772827,
      "rev_growth_yoy_accel": -0.08592001933756373,
      "op_leverage_ratio": 1.5808390423423566,
      "fcf_margin_change": -0.07357827258918642
    },
    {
      "date": "2025-03-30T00:00:00",
      "quarter_label": "2025-03 (Q1)",
      "revenue": 176437000,
      "gross_profit": null,
      "operating_income": 10381000,
      "net_income": 3313000,
      "opex": 139781000,
      "cogs": null,
      "rd": null,
      "sga": null,
      "fcf": -9590000,
      "ocf": 9450000,
      "capex": -19040000,
      "gross_margin": null,
      "op_margin": 0.058836865283358936,
      "fcf_margin": -0.05435367865016975,
      "incr_op_margin_yoy": 0.026777295870262115,
      "rev_growth_yoy": 0.06395667878744023,
      "rev_growth_yoy_accel": 0.08125165690921306,
      "fcf_margin_change": -0.02406804793877431
    },
    {
      "date": "2025-06-29T00:00:00",
      "quarter_label": "2025-06 (Q2)",
      "revenue": 188456000,
      "gross_profit": null,
      "operating_income": 17531000,
      "net_income": 8704000,
      "opex": 143975000,
      "cogs": null,
      "rd": null,
      "sga": null,
      "fcf": 5202000,
      "ocf": 19243000,
      "capex": -14041000,
      "gross_margin": null,
      "op_margin": 0.0930243664303604,
      "fcf_margin": 0.02760326017744195,
      "incr_op_margin_yoy": -0.08856536245071277,
      "rev_growth_yoy": 0.036258261758916104,
      "rev_growth_yoy_accel": -0.027698417028524124,
      "op_leverage_ratio": 2.270379137492339,
      "fcf_margin_change": 0.0819569388276117
    },
    {
      "date": "2025-09-28T00:00:00",
      "quarter_label": "2025-09 (Q3)",
      "revenue": 181428000,
      "gross_profit": null,
      "operating_income": 5434000,
      "net_income": 1214000,
      "opex": 144737000,
      "cogs": null,
      "rd": null,
      "sga": null,
      "fcf": -4968000,
      "ocf": 20048000,
      "capex": -25016000,
      "gross_margin": null,
      "op_margin": 0.02995127543708799,
      "fcf_margin": -0.027382763410278458,
      "incr_op_margin_yoy": -3.3230478589420653,
      "rev_growth_yoy": 0.017817471893723492,
      "rev_growth_yoy_accel": -0.01844078986519261,
      "fcf_margin_change": -0.05498602358772041
    }
  ],
  "signals": [
    {
      "quarter": "2025-06 (Q2)",
      "signal": "FCF TURNED POSITIVE",
      "detail": "FCF margin: -5.4% -> +2.8%",
      "severity": "HIGH"
    },
    {
      "quarter": "2025-06 (Q2)",
      "signal": "OPERATING LEVERAGE",
      "detail": "Rev growth +6.8% vs OpEx growth +3.0% (leverage: 2.3x)",
      "severity": "MEDIUM"
    },
    {
      "quarter": "2025-03 (Q1)",
      "signal": "YoY REVENUE GROWTH ACCELERATION",
      "detail": "YoY growth: +6.4% vs prior quarter YoY: -1.7% (accel: +8.1%)",
      "severity": "MEDIUM"
    },
    {
      "quarter": "2024-12 (Q4)",
      "signal": "OPERATING LEVERAGE",
      "detail": "Rev growth +3.6% vs OpEx growth +2.3% (leverage: 1.6x)",
      "severity": "MEDIUM"
    },
    {
      "quarter": "2024-12 (Q4)",
      "signal": "YoY REVENUE GROWTH DECELERATION",
      "detail": "YoY growth: -1.7% vs prior quarter YoY: +6.9% (decel: -8.6%)",
      "severity": "WARNING"
    },
    {
      "quarter": "2024-12 (Q4)",
      "signal": "INCREMENTAL MARGIN (YoY)",
      "detail": "YoY Incr OPM: +19.5% vs year-ago OPM: +7.7%",
      "severity": "MEDIUM"
    },
    {
      "quarter": "2024-06 (Q2)",
      "signal": "FCF TURNED POSITIVE",
      "detail": "FCF margin: -4.7% -> +8.6%",
      "severity": "HIGH"
    },
    {
      "quarter": "2024-06 (Q2)",
      "signal": "OPERATING LEVERAGE",
      "detail": "Rev growth +9.7% vs OpEx growth +6.1% (leverage: 1.6x)",
      "severity": "MEDIUM"
    },
    {
      "quarter": "2024-03 (Q1)",
      "signal": "YoY REVENUE GROWTH DECELERATION",
      "detail": "YoY growth: +6.3% vs prior quarter YoY: +24.5% (decel: -18.2%)",
      "severity": "WARNING"
    },
    {
      "quarter": "2024-03 (Q1)",
      "signal": "INCREMENTAL MARGIN (YoY)",
      "detail": "YoY Incr OPM: +16.4% vs year-ago OPM: +5.4%",
      "severity": "MEDIUM"
    },
    {
      "quarter": "2023-12 (Q4)",
      "signal": "YoY REVENUE GROWTH ACCELERATION",
      "detail": "YoY growth: +24.5% vs prior quarter YoY: +10.4% (accel: +14.1%)",
      "severity": "MEDIUM"
    },
    {
      "quarter": "2023-12 (Q4)",
      "signal": "INCREMENTAL MARGIN (YoY)",
      "detail": "YoY Incr OPM: +21.7% vs year-ago OPM: +4.3%",
      "severity": "MEDIUM"
    },
    {
      "quarter": "2023-09 (Q3)",
      "signal": "INCREMENTAL MARGIN (YoY)",
      "detail": "YoY Incr OPM: +28.8% vs year-ago OPM: +7.0%",
      "severity": "HIGH"
    },
    {
      "quarter": "2023-06 (Q2)",
      "signal": "FCF TURNED POSITIVE",
      "detail": "FCF margin: -8.8% -> +4.5%",
      "severity": "HIGH"
    },
    {
      "quarter": "2023-06 (Q2)",
      "signal": "OPERATING LEVERAGE",
      "detail": "Rev growth +8.4% vs OpEx growth +4.3% (leverage: 2.0x)",
      "severity": "MEDIUM"
    },
    {
      "quarter": "2023-03 (Q1)",
      "signal": "OPERATING LEVERAGE",
      "detail": "Rev growth +3.4% vs OpEx growth +2.0% (leverage: 1.7x)",
      "severity": "MEDIUM"
    },
    {
      "quarter": "2023-03 (Q1)",
      "signal": "YoY REVENUE GROWTH ACCELERATION",
      "detail": "YoY growth: +16.0% vs prior quarter YoY: +8.6% (accel: +7.4%)",
      "severity": "MEDIUM"
    },
    {
      "quarter": "2022-12 (Q4)",
      "signal": "FCF TURNED POSITIVE",
      "detail": "FCF margin: -1.6% -> +0.6%",
      "severity": "HIGH"
    },
    {
      "quarter": "2022-12 (Q4)",
      "signal": "OP MARGIN TURNED POSITIVE (YoY)",
      "detail": "Op margin: -16.2% (year-ago) -> +4.3%",
      "severity": "HIGH"
    },
    {
      "quarter": "2022-06 (Q2)",
      "signal": "FCF TURNED POSITIVE",
      "detail": "FCF margin: -4.1% -> +11.2%",
      "severity": "HIGH"
    },
    {
      "quarter": "2022-06 (Q2)",
      "signal": "OPERATING LEVERAGE",
      "detail": "Rev growth +12.0% vs OpEx growth +5.4% (leverage: 2.2x)",
      "severity": "MEDIUM"
    },
    {
      "quarter": "2022-06 (Q2)",
      "signal": "YoY REVENUE GROWTH DECELERATION",
      "detail": "YoY growth: +7.0% vs prior quarter YoY: +14.6% (decel: -7.6%)",
      "severity": "WARNING"
    },
    {
      "quarter": "2022-03 (Q1)",
      "signal": "OP MARGIN TURNED POSITIVE (QoQ)",
      "detail": "Op margin: -16.2% -> +5.1%",
      "severity": "HIGH"
    },
    {
      "quarter": "2021-06 (Q2)",
      "signal": "FCF TURNED POSITIVE",
      "detail": "FCF margin: -5.0% -> +14.4%",
      "severity": "HIGH"
    },
    {
      "quarter": "2021-06 (Q2)",
      "signal": "OPERATING LEVERAGE",
      "detail": "Rev growth +20.0% vs OpEx growth +11.6% (leverage: 1.7x)",
      "severity": "MEDIUM"
    }
  ],
  "data_quality": {
    "n_quarters": 20,
    "coverage": {
      "revenue": [
        20,
        20
      ],
      "gross_profit": [
        10,
        20
      ],
      "op_income": [
        20,
        20
      ],
      "fcf": [
        20,
        20
      ]
    },
    "gaps": [],
    "warnings": [
      "gross_profit: 10/20Q"
    ]
  },
  "market_cap": null,
  "source": "SEC EDGAR",
  "last_updated": "2026-02-02T22:32:18.459328"
}