{
  "ticker": "PULM",
  "name": "PULMATRIX, INC.",
  "quarters": [
    {
      "date": "2020-03-31T00:00:00",
      "quarter_label": "2020-03 (Q1)",
      "revenue": 2762000,
      "gross_profit": null,
      "operating_income": null,
      "net_income": null,
      "opex": null,
      "cogs": null,
      "rd": null,
      "sga": null,
      "fcf": null,
      "ocf": null,
      "capex": -96000,
      "gross_margin": null,
      "op_margin": null,
      "fcf_margin": null
    },
    {
      "date": "2020-06-30T00:00:00",
      "quarter_label": "2020-06 (Q2)",
      "revenue": 3500000,
      "gross_profit": null,
      "operating_income": null,
      "net_income": null,
      "opex": null,
      "cogs": null,
      "rd": null,
      "sga": null,
      "fcf": null,
      "ocf": null,
      "capex": -2000,
      "gross_margin": null,
      "op_margin": null,
      "fcf_margin": null
    },
    {
      "date": "2020-09-30T00:00:00",
      "quarter_label": "2020-09 (Q3)",
      "revenue": 4372000,
      "gross_profit": null,
      "operating_income": null,
      "net_income": null,
      "opex": null,
      "cogs": null,
      "rd": null,
      "sga": null,
      "fcf": null,
      "ocf": null,
      "capex": -100000,
      "gross_margin": null,
      "op_margin": null,
      "fcf_margin": null
    },
    {
      "date": "2020-12-31T00:00:00",
      "quarter_label": "2020-12 (Q4)",
      "revenue": 2000000,
      "gross_profit": null,
      "operating_income": -2674000,
      "net_income": -2899000,
      "opex": 4674000,
      "cogs": null,
      "rd": 3265000,
      "sga": null,
      "fcf": -2851000,
      "ocf": -2768000,
      "capex": -83000,
      "gross_margin": null,
      "op_margin": -1.337,
      "fcf_margin": -1.4255
    },
    {
      "date": "2021-03-31T00:00:00",
      "quarter_label": "2021-03 (Q1)",
      "revenue": 1390000,
      "gross_profit": null,
      "operating_income": -4085000,
      "net_income": -4104000,
      "opex": 5475000,
      "cogs": null,
      "rd": 3856000,
      "sga": null,
      "fcf": -5495000,
      "ocf": -5495000,
      "capex": null,
      "gross_margin": null,
      "op_margin": -2.9388489208633093,
      "fcf_margin": -3.9532374100719423,
      "rev_growth_yoy": -0.49674149167270093,
      "fcf_margin_change": -2.5277374100719423
    },
    {
      "date": "2021-06-30T00:00:00",
      "quarter_label": "2021-06 (Q2)",
      "revenue": 2254000,
      "gross_profit": null,
      "operating_income": -3849000,
      "net_income": -3852000,
      "opex": 6103000,
      "cogs": null,
      "rd": 4541000,
      "sga": null,
      "fcf": -6524000,
      "ocf": -6524000,
      "capex": null,
      "gross_margin": null,
      "op_margin": -1.7076308784383318,
      "fcf_margin": -2.8944099378881987,
      "rev_growth_yoy": -0.356,
      "rev_growth_yoy_accel": 0.14074149167270095,
      "op_leverage_ratio": 5.419053292397928,
      "fcf_margin_change": 1.0588274721837436
    },
    {
      "date": "2021-09-30T00:00:00",
      "quarter_label": "2021-09 (Q3)",
      "revenue": 1069000,
      "gross_profit": null,
      "operating_income": -8190000,
      "net_income": -8184000,
      "opex": 9259000,
      "cogs": null,
      "rd": 4026000,
      "sga": null,
      "fcf": -3412000,
      "ocf": -3312000,
      "capex": -100000,
      "gross_margin": null,
      "op_margin": -7.6613657623947615,
      "fcf_margin": -3.1917680074836294,
      "rev_growth_yoy": -0.7554894784995425,
      "rev_growth_yoy_accel": -0.3994894784995425,
      "fcf_margin_change": -0.29735806959543076
    },
    {
      "date": "2021-12-31T00:00:00",
      "quarter_label": "2021-12 (Q4)",
      "revenue": 456000,
      "gross_profit": null,
      "operating_income": -4043000,
      "net_income": -4031000,
      "opex": 4499000,
      "cogs": null,
      "rd": 2959000,
      "sga": null,
      "fcf": -4422000,
      "ocf": -4396000,
      "capex": -26000,
      "gross_margin": null,
      "op_margin": -8.866228070175438,
      "fcf_margin": -9.697368421052632,
      "incr_op_margin_yoy": 0.8866580310880829,
      "rev_growth_yoy": -0.772,
      "rev_growth_yoy_accel": -0.01651052150045751,
      "fcf_margin_change": -6.505600413569002
    },
    {
      "date": "2022-03-31T00:00:00",
      "quarter_label": "2022-03 (Q1)",
      "revenue": 1160000,
      "gross_profit": null,
      "operating_income": -4963000,
      "net_income": -4973000,
      "opex": 6123000,
      "cogs": null,
      "rd": 4149000,
      "sga": null,
      "fcf": -6154000,
      "ocf": -6144000,
      "capex": -10000,
      "gross_margin": null,
      "op_margin": -4.278448275862069,
      "fcf_margin": -5.305172413793104,
      "rev_growth_yoy": -0.16546762589928057,
      "rev_growth_yoy_accel": 0.6065323741007195,
      "op_leverage_ratio": 4.276985567366692,
      "fcf_margin_change": 4.392196007259528
    },
    {
      "date": "2022-06-30T00:00:00",
      "quarter_label": "2022-06 (Q2)",
      "revenue": 1331000,
      "gross_profit": null,
      "operating_income": -4559000,
      "net_income": -4595000,
      "opex": 5890000,
      "cogs": null,
      "rd": 4337000,
      "sga": null,
      "fcf": -4629000,
      "ocf": -4562000,
      "capex": -67000,
      "gross_margin": null,
      "op_margin": -3.425244177310293,
      "fcf_margin": -3.4778362133734033,
      "rev_growth_yoy": -0.40949423247559896,
      "rev_growth_yoy_accel": -0.2440266065763184,
      "op_leverage_ratio": Infinity,
      "fcf_margin_change": 1.8273362004197002
    },
    {
      "date": "2022-09-30T00:00:00",
      "quarter_label": "2022-09 (Q3)",
      "revenue": 1872000,
      "gross_profit": null,
      "operating_income": -5100000,
      "net_income": -5052000,
      "opex": 6972000,
      "cogs": null,
      "rd": 5287000,
      "sga": null,
      "fcf": -3604000,
      "ocf": -3604000,
      "capex": null,
      "gross_margin": null,
      "op_margin": -2.7243589743589745,
      "fcf_margin": -1.9252136752136753,
      "rev_growth_yoy": 0.7511693171188026,
      "rev_growth_yoy_accel": 1.1606635495944015,
      "op_leverage_ratio": 2.2126220886551464,
      "fcf_margin_change": 1.552622538159728
    },
    {
      "date": "2022-12-31T00:00:00",
      "quarter_label": "2022-12 (Q4)",
      "revenue": 1708000,
      "gross_profit": null,
      "operating_income": -4325000,
      "net_income": -4216000,
      "opex": 6033000,
      "cogs": null,
      "rd": 4467000,
      "sga": null,
      "fcf": -5055000,
      "ocf": -5046000,
      "capex": -9000,
      "gross_margin": null,
      "op_margin": -2.532201405152225,
      "fcf_margin": -2.9596018735363,
      "incr_op_margin_yoy": -0.22523961661341854,
      "rev_growth_yoy": 2.745614035087719,
      "rev_growth_yoy_accel": 1.9944447179689164,
      "fcf_margin_change": -1.0343881983226246
    },
    {
      "date": "2023-03-31T00:00:00",
      "quarter_label": "2023-03 (Q1)",
      "revenue": 1499000,
      "gross_profit": null,
      "operating_income": -4585000,
      "net_income": -4448000,
      "opex": 6084000,
      "cogs": null,
      "rd": 3874000,
      "sga": null,
      "fcf": -4928000,
      "ocf": -4928000,
      "capex": null,
      "gross_margin": null,
      "op_margin": -3.058705803869246,
      "fcf_margin": -3.2875250166777854,
      "rev_growth_yoy": 0.29224137931034483,
      "rev_growth_yoy_accel": -2.4533726557773745,
      "fcf_margin_change": -0.3279231431414855
    },
    {
      "date": "2023-06-30T00:00:00",
      "quarter_label": "2023-06 (Q2)",
      "revenue": 1844000,
      "gross_profit": null,
      "operating_income": -3991000,
      "net_income": -3816000,
      "opex": 5835000,
      "cogs": null,
      "rd": 4165000,
      "sga": null,
      "fcf": -4904000,
      "ocf": -4904000,
      "capex": null,
      "gross_margin": null,
      "op_margin": -2.164316702819957,
      "fcf_margin": -2.6594360086767894,
      "rev_growth_yoy": 0.3854244928625094,
      "rev_growth_yoy_accel": 0.09318311355216458,
      "op_leverage_ratio": Infinity,
      "fcf_margin_change": 0.628089008000996
    },
    {
      "date": "2023-09-30T00:00:00",
      "quarter_label": "2023-09 (Q3)",
      "revenue": 1753000,
      "gross_profit": null,
      "operating_income": -3939000,
      "net_income": -3774000,
      "opex": 5692000,
      "cogs": null,
      "rd": 3963000,
      "sga": null,
      "fcf": -4455000,
      "ocf": -4142000,
      "capex": -313000,
      "gross_margin": null,
      "op_margin": -2.2470051340559043,
      "fcf_margin": -2.5413576725613236,
      "rev_growth_yoy": -0.06356837606837606,
      "rev_growth_yoy_accel": -0.44899286893088547,
      "fcf_margin_change": 0.11807833611546581
    },
    {
      "date": "2023-12-31T00:00:00",
      "quarter_label": "2023-12 (Q4)",
      "revenue": 2202000,
      "gross_profit": null,
      "operating_income": -2225000,
      "net_income": -2083000,
      "opex": 4427000,
      "cogs": null,
      "rd": 3516000,
      "sga": null,
      "fcf": -2316000,
      "ocf": -2011000,
      "capex": -305000,
      "gross_margin": null,
      "op_margin": -1.0104450499545867,
      "fcf_margin": -1.0517711171662125,
      "rev_growth_yoy": 0.2892271662763466,
      "rev_growth_yoy_accel": 0.35279554234472266,
      "op_leverage_ratio": Infinity,
      "fcf_margin_change": 1.489586555395111
    },
    {
      "date": "2024-03-31T00:00:00",
      "quarter_label": "2024-03 (Q1)",
      "revenue": 5885000,
      "gross_profit": null,
      "operating_income": 747000,
      "net_income": 825000,
      "opex": 5138000,
      "cogs": null,
      "rd": 3512000,
      "sga": null,
      "fcf": -2873000,
      "ocf": -2719000,
      "capex": -154000,
      "gross_margin": null,
      "op_margin": 0.12693288020390825,
      "fcf_margin": -0.48819031435853866,
      "incr_op_margin_yoy": 1.2156862745098038,
      "rev_growth_yoy": 2.9259506337558374,
      "rev_growth_yoy_accel": 2.6367234674794906,
      "op_leverage_ratio": 10.414161911368133,
      "fcf_margin_change": 0.5635808028076739
    },
    {
      "date": "2024-06-30T00:00:00",
      "quarter_label": "2024-06 (Q2)",
      "revenue": 1552000,
      "gross_profit": null,
      "operating_income": -5901000,
      "net_income": -5811000,
      "opex": 7453000,
      "cogs": null,
      "rd": 2834000,
      "sga": null,
      "fcf": -3921000,
      "ocf": -3677000,
      "capex": -244000,
      "gross_margin": null,
      "op_margin": -3.8021907216494846,
      "fcf_margin": -2.526417525773196,
      "rev_growth_yoy": -0.15835140997830802,
      "rev_growth_yoy_accel": -3.0843020437341453,
      "fcf_margin_change": -2.0382272114146573
    },
    {
      "date": "2024-09-30T00:00:00",
      "quarter_label": "2024-09 (Q3)",
      "revenue": 366000,
      "gross_profit": null,
      "operating_income": -2657000,
      "net_income": -2587000,
      "opex": 3023000,
      "cogs": null,
      "rd": 814000,
      "sga": null,
      "fcf": -3059000,
      "ocf": -3059000,
      "capex": null,
      "gross_margin": null,
      "op_margin": -7.259562841530054,
      "fcf_margin": -8.357923497267759,
      "incr_op_margin_yoy": -0.9242970439798125,
      "rev_growth_yoy": -0.7912150598973189,
      "rev_growth_yoy_accel": -0.6328636499190109,
      "fcf_margin_change": -5.831505971494563
    },
    {
      "date": "2024-12-31T00:00:00",
      "quarter_label": "2024-12 (Q4)",
      "revenue": 3000,
      "gross_profit": null,
      "operating_income": -1952000,
      "net_income": -1986000,
      "opex": 1955000,
      "cogs": null,
      "rd": 6000,
      "sga": null,
      "fcf": -1261000,
      "ocf": -1261000,
      "capex": null,
      "gross_margin": null,
      "op_margin": -650.6666666666666,
      "fcf_margin": -420.3333333333333,
      "incr_op_margin_yoy": -0.12414733969986358,
      "rev_growth_yoy": -0.9986376021798365,
      "rev_growth_yoy_accel": -0.20742254228251766,
      "fcf_margin_change": -411.9754098360656
    }
  ],
  "signals": [
    {
      "quarter": "2024-12 (Q4)",
      "signal": "YoY REVENUE GROWTH DECELERATION",
      "detail": "YoY growth: -99.9% vs prior quarter YoY: -79.1% (decel: -20.7%)",
      "severity": "WARNING"
    },
    {
      "quarter": "2024-09 (Q3)",
      "signal": "YoY REVENUE GROWTH DECELERATION",
      "detail": "YoY growth: -79.1% vs prior quarter YoY: -15.8% (decel: -63.3%)",
      "severity": "WARNING"
    },
    {
      "quarter": "2024-06 (Q2)",
      "signal": "YoY REVENUE GROWTH DECELERATION",
      "detail": "YoY growth: -15.8% vs prior quarter YoY: +292.6% (decel: -308.4%)",
      "severity": "WARNING"
    },
    {
      "quarter": "2024-03 (Q1)",
      "signal": "FCF MARGIN EXPANSION",
      "detail": "FCF margin: -105.2% -> -48.8% (+56.4%)",
      "severity": "MEDIUM"
    },
    {
      "quarter": "2024-03 (Q1)",
      "signal": "OPERATING LEVERAGE",
      "detail": "Rev growth +167.3% vs OpEx growth +16.1% (leverage: 10.4x)",
      "severity": "MEDIUM"
    },
    {
      "quarter": "2024-03 (Q1)",
      "signal": "YoY REVENUE GROWTH ACCELERATION",
      "detail": "YoY growth: +292.6% vs prior quarter YoY: +28.9% (accel: +263.7%)",
      "severity": "HIGH"
    },
    {
      "quarter": "2024-03 (Q1)",
      "signal": "OP MARGIN TURNED POSITIVE (YoY)",
      "detail": "Op margin: -305.9% (year-ago) -> +12.7%",
      "severity": "HIGH"
    },
    {
      "quarter": "2024-03 (Q1)",
      "signal": "OP MARGIN TURNED POSITIVE (QoQ)",
      "detail": "Op margin: -101.0% -> +12.7%",
      "severity": "HIGH"
    },
    {
      "quarter": "2023-12 (Q4)",
      "signal": "FCF MARGIN EXPANSION",
      "detail": "FCF margin: -254.1% -> -105.2% (+149.0%)",
      "severity": "MEDIUM"
    },
    {
      "quarter": "2023-12 (Q4)",
      "signal": "YoY REVENUE GROWTH ACCELERATION",
      "detail": "YoY growth: +28.9% vs prior quarter YoY: -6.4% (accel: +35.3%)",
      "severity": "HIGH"
    },
    {
      "quarter": "2023-09 (Q3)",
      "signal": "FCF MARGIN EXPANSION",
      "detail": "FCF margin: -265.9% -> -254.1% (+11.8%)",
      "severity": "MEDIUM"
    },
    {
      "quarter": "2023-09 (Q3)",
      "signal": "YoY REVENUE GROWTH DECELERATION",
      "detail": "YoY growth: -6.4% vs prior quarter YoY: +38.5% (decel: -44.9%)",
      "severity": "WARNING"
    },
    {
      "quarter": "2023-06 (Q2)",
      "signal": "FCF MARGIN EXPANSION",
      "detail": "FCF margin: -328.8% -> -265.9% (+62.8%)",
      "severity": "MEDIUM"
    },
    {
      "quarter": "2023-06 (Q2)",
      "signal": "YoY REVENUE GROWTH ACCELERATION",
      "detail": "YoY growth: +38.5% vs prior quarter YoY: +29.2% (accel: +9.3%)",
      "severity": "MEDIUM"
    },
    {
      "quarter": "2023-03 (Q1)",
      "signal": "YoY REVENUE GROWTH DECELERATION",
      "detail": "YoY growth: +29.2% vs prior quarter YoY: +274.6% (decel: -245.3%)",
      "severity": "WARNING"
    },
    {
      "quarter": "2022-12 (Q4)",
      "signal": "YoY REVENUE GROWTH ACCELERATION",
      "detail": "YoY growth: +274.6% vs prior quarter YoY: +75.1% (accel: +199.4%)",
      "severity": "HIGH"
    },
    {
      "quarter": "2022-09 (Q3)",
      "signal": "FCF MARGIN EXPANSION",
      "detail": "FCF margin: -347.8% -> -192.5% (+155.3%)",
      "severity": "MEDIUM"
    },
    {
      "quarter": "2022-09 (Q3)",
      "signal": "OPERATING LEVERAGE",
      "detail": "Rev growth +40.6% vs OpEx growth +18.4% (leverage: 2.2x)",
      "severity": "MEDIUM"
    },
    {
      "quarter": "2022-09 (Q3)",
      "signal": "YoY REVENUE GROWTH ACCELERATION",
      "detail": "YoY growth: +75.1% vs prior quarter YoY: -40.9% (accel: +116.1%)",
      "severity": "HIGH"
    },
    {
      "quarter": "2022-06 (Q2)",
      "signal": "FCF MARGIN EXPANSION",
      "detail": "FCF margin: -530.5% -> -347.8% (+182.7%)",
      "severity": "MEDIUM"
    },
    {
      "quarter": "2022-06 (Q2)",
      "signal": "YoY REVENUE GROWTH DECELERATION",
      "detail": "YoY growth: -40.9% vs prior quarter YoY: -16.5% (decel: -24.4%)",
      "severity": "WARNING"
    },
    {
      "quarter": "2022-03 (Q1)",
      "signal": "FCF MARGIN EXPANSION",
      "detail": "FCF margin: -969.7% -> -530.5% (+439.2%)",
      "severity": "MEDIUM"
    },
    {
      "quarter": "2022-03 (Q1)",
      "signal": "OPERATING LEVERAGE",
      "detail": "Rev growth +154.4% vs OpEx growth +36.1% (leverage: 4.3x)",
      "severity": "MEDIUM"
    },
    {
      "quarter": "2022-03 (Q1)",
      "signal": "YoY REVENUE GROWTH ACCELERATION",
      "detail": "YoY growth: -16.5% vs prior quarter YoY: -77.2% (accel: +60.7%)",
      "severity": "HIGH"
    },
    {
      "quarter": "2021-09 (Q3)",
      "signal": "YoY REVENUE GROWTH DECELERATION",
      "detail": "YoY growth: -75.5% vs prior quarter YoY: -35.6% (decel: -39.9%)",
      "severity": "WARNING"
    },
    {
      "quarter": "2021-06 (Q2)",
      "signal": "FCF MARGIN EXPANSION",
      "detail": "FCF margin: -395.3% -> -289.4% (+105.9%)",
      "severity": "MEDIUM"
    },
    {
      "quarter": "2021-06 (Q2)",
      "signal": "OPERATING LEVERAGE",
      "detail": "Rev growth +62.2% vs OpEx growth +11.5% (leverage: 5.4x)",
      "severity": "MEDIUM"
    },
    {
      "quarter": "2021-06 (Q2)",
      "signal": "YoY REVENUE GROWTH ACCELERATION",
      "detail": "YoY growth: -35.6% vs prior quarter YoY: -49.7% (accel: +14.1%)",
      "severity": "MEDIUM"
    }
  ],
  "data_quality": {
    "n_quarters": 20,
    "coverage": {
      "revenue": [
        20,
        20
      ],
      "gross_profit": [
        0,
        20
      ],
      "op_income": [
        17,
        20
      ],
      "fcf": [
        17,
        20
      ]
    },
    "gaps": [],
    "warnings": [
      "gross_profit: no data"
    ]
  },
  "market_cap": null,
  "source": "SEC EDGAR",
  "last_updated": "2026-02-03T00:11:31.588482"
}