{
  "ticker": "PWP",
  "name": "PERELLA WEINBERG PARTNERS",
  "quarters": [
    {
      "date": "2020-12-31T00:00:00",
      "quarter_label": "2020-12 (Q4)",
      "revenue": 189145000,
      "gross_profit": null,
      "operating_income": -1003637,
      "net_income": -997839,
      "opex": 886187000,
      "cogs": null,
      "rd": null,
      "sga": 1003637,
      "fcf": 136956000,
      "ocf": 137513000,
      "capex": -557000,
      "gross_margin": null,
      "op_margin": -0.005306177800100452,
      "fcf_margin": 0.724079409976473
    },
    {
      "date": "2021-03-31T00:00:00",
      "quarter_label": "2021-03 (Q1)",
      "revenue": 169802000,
      "gross_profit": null,
      "operating_income": -858892,
      "net_income": 4903480,
      "opex": 141758000,
      "cogs": null,
      "rd": null,
      "sga": null,
      "fcf": -121646000,
      "ocf": -121229000,
      "capex": -417000,
      "gross_margin": null,
      "op_margin": -0.005058197194379336,
      "fcf_margin": -0.7163991001283848,
      "fcf_margin_change": -1.4404785101048578
    },
    {
      "date": "2021-06-30T00:00:00",
      "quarter_label": "2021-06 (Q2)",
      "revenue": 255520000,
      "gross_profit": null,
      "operating_income": 49486000,
      "net_income": -12499000,
      "opex": -206034000,
      "cogs": null,
      "rd": null,
      "sga": null,
      "fcf": 149024000,
      "ocf": 149058000,
      "capex": -34000,
      "gross_margin": null,
      "op_margin": 0.19366781465247337,
      "fcf_margin": 0.5832185347526613,
      "op_leverage_ratio": Infinity,
      "fcf_margin_change": 1.299617634881046
    },
    {
      "date": "2021-09-30T00:00:00",
      "quarter_label": "2021-09 (Q3)",
      "revenue": 177427000,
      "gross_profit": null,
      "operating_income": -10327000,
      "net_income": -9023000,
      "opex": -187754000,
      "cogs": null,
      "rd": null,
      "sga": null,
      "fcf": 97979000,
      "ocf": 98212000,
      "capex": -233000,
      "gross_margin": null,
      "op_margin": -0.05820421920000902,
      "fcf_margin": 0.5522214770018092,
      "fcf_margin_change": -0.030997057750852042
    },
    {
      "date": "2021-12-31T00:00:00",
      "quarter_label": "2021-12 (Q4)",
      "revenue": 198913000,
      "gross_profit": null,
      "operating_income": -619000,
      "net_income": -398000,
      "opex": 1270624000,
      "cogs": null,
      "rd": null,
      "sga": null,
      "fcf": 108089000,
      "ocf": 108867000,
      "capex": -778000,
      "gross_margin": null,
      "op_margin": -0.003111913248505628,
      "fcf_margin": 0.5433983701417202,
      "incr_op_margin_yoy": 0.039377252252252255,
      "rev_growth_yoy": 0.05164291945332945,
      "op_leverage_ratio": Infinity,
      "fcf_margin_change": -0.008823106860089025
    },
    {
      "date": "2022-03-31T00:00:00",
      "quarter_label": "2022-03 (Q1)",
      "revenue": 151876000,
      "gross_profit": null,
      "operating_income": -10359000,
      "net_income": 8894000,
      "opex": 162235000,
      "cogs": null,
      "rd": null,
      "sga": null,
      "fcf": -249762000,
      "ocf": -248373000,
      "capex": -1389000,
      "gross_margin": null,
      "op_margin": -0.06820695830809344,
      "fcf_margin": -1.6445126287234322,
      "incr_op_margin_yoy": 0.529962512551601,
      "rev_growth_yoy": -0.10557001684314672,
      "rev_growth_yoy_accel": -0.15721293629647617,
      "fcf_margin_change": -2.1879109988651524
    },
    {
      "date": "2022-06-30T00:00:00",
      "quarter_label": "2022-06 (Q2)",
      "revenue": 151104000,
      "gross_profit": null,
      "operating_income": -9013000,
      "net_income": 9265000,
      "opex": 160117000,
      "cogs": null,
      "rd": null,
      "sga": null,
      "fcf": 100563000,
      "ocf": 103133000,
      "capex": -2570000,
      "gross_margin": null,
      "op_margin": -0.05964765988987717,
      "fcf_margin": 0.6655217598475223,
      "incr_op_margin_yoy": 0.5602493870671161,
      "rev_growth_yoy": -0.4086412022542267,
      "rev_growth_yoy_accel": -0.30307118541107997,
      "fcf_margin_change": 2.3100343885709544
    },
    {
      "date": "2022-09-30T00:00:00",
      "quarter_label": "2022-09 (Q3)",
      "revenue": 145379000,
      "gross_profit": null,
      "operating_income": -8818000,
      "net_income": 1140000,
      "opex": 154197000,
      "cogs": null,
      "rd": null,
      "sga": null,
      "fcf": 42281000,
      "ocf": 46548000,
      "capex": -4267000,
      "gross_margin": null,
      "op_margin": -0.060655252821934395,
      "fcf_margin": 0.2908329263511236,
      "incr_op_margin_yoy": -0.047085621567648527,
      "rev_growth_yoy": -0.18062639846246625,
      "rev_growth_yoy_accel": 0.22801480379176042,
      "fcf_margin_change": -0.37468883349639864
    },
    {
      "date": "2022-12-31T00:00:00",
      "quarter_label": "2022-12 (Q4)",
      "revenue": 183148000,
      "gross_profit": null,
      "operating_income": -19543000,
      "net_income": -1421000,
      "opex": 202691000,
      "cogs": null,
      "rd": null,
      "sga": null,
      "fcf": 62585000,
      "ocf": 80919000,
      "capex": -18334000,
      "gross_margin": null,
      "op_margin": -0.10670605193613908,
      "fcf_margin": 0.3417181732806255,
      "incr_op_margin_yoy": 1.2003805899143674,
      "rev_growth_yoy": -0.07925575502858033,
      "rev_growth_yoy_accel": 0.10137064343388592,
      "op_leverage_ratio": 0.8260792725663306,
      "fcf_margin_change": 0.05088524692950186
    },
    {
      "date": "2023-03-31T00:00:00",
      "quarter_label": "2023-03 (Q1)",
      "revenue": 131426000,
      "gross_profit": null,
      "operating_income": -22690000,
      "net_income": -5123000,
      "opex": 154116000,
      "cogs": null,
      "rd": null,
      "sga": null,
      "fcf": -150274000,
      "ocf": -131942000,
      "capex": -18332000,
      "gross_margin": null,
      "op_margin": -0.17264468217856435,
      "fcf_margin": -1.1434115015293778,
      "incr_op_margin_yoy": 0.6029828850855746,
      "rev_growth_yoy": -0.1346493191814375,
      "rev_growth_yoy_accel": -0.055393564152857164,
      "fcf_margin_change": -1.4851296748100031
    },
    {
      "date": "2023-06-30T00:00:00",
      "quarter_label": "2023-06 (Q2)",
      "revenue": 165545000,
      "gross_profit": null,
      "operating_income": -21752000,
      "net_income": 359000,
      "opex": 187297000,
      "cogs": null,
      "rd": null,
      "sga": null,
      "fcf": 65078000,
      "ocf": 81575000,
      "capex": -16497000,
      "gross_margin": null,
      "op_margin": -0.131396297079344,
      "fcf_margin": 0.3931136548974599,
      "incr_op_margin_yoy": -0.8821411259608061,
      "rev_growth_yoy": 0.0955699385853452,
      "rev_growth_yoy_accel": 0.2302192577667827,
      "op_leverage_ratio": 1.2057943977351626,
      "fcf_margin_change": 1.5365251564268376
    },
    {
      "date": "2023-09-30T00:00:00",
      "quarter_label": "2023-09 (Q3)",
      "revenue": 139003000,
      "gross_profit": null,
      "operating_income": -26692000,
      "net_income": -2049000,
      "opex": 165695000,
      "cogs": null,
      "rd": null,
      "sga": null,
      "fcf": 27210000,
      "ocf": 37885000,
      "capex": -10675000,
      "gross_margin": null,
      "op_margin": -0.19202463256188715,
      "fcf_margin": 0.19575117083803947,
      "incr_op_margin_yoy": 2.8033249686323716,
      "rev_growth_yoy": -0.04385777863377792,
      "rev_growth_yoy_accel": -0.13942771721912312,
      "fcf_margin_change": -0.19736248405942045
    },
    {
      "date": "2023-12-31T00:00:00",
      "quarter_label": "2023-12 (Q4)",
      "revenue": 212678000,
      "gross_profit": null,
      "operating_income": -43966000,
      "net_income": -10410000,
      "opex": 256644000,
      "cogs": null,
      "rd": null,
      "sga": null,
      "fcf": 146271000,
      "ocf": 158365000,
      "capex": -12094000,
      "gross_margin": null,
      "op_margin": -0.2067256603880044,
      "fcf_margin": 0.6877580191651229,
      "incr_op_margin_yoy": -0.8270572299356587,
      "rev_growth_yoy": 0.1612357219298054,
      "rev_growth_yoy_accel": 0.20509350056358333,
      "op_leverage_ratio": 0.9656226544986426,
      "fcf_margin_change": 0.4920068483270834
    },
    {
      "date": "2024-03-31T00:00:00",
      "quarter_label": "2024-03 (Q1)",
      "revenue": 102127000,
      "gross_profit": null,
      "operating_income": -53563000,
      "net_income": -35844000,
      "opex": 155690000,
      "cogs": null,
      "rd": null,
      "sga": null,
      "fcf": -214806000,
      "ocf": -206345000,
      "capex": -8461000,
      "gross_margin": null,
      "op_margin": -0.5244744288973533,
      "fcf_margin": -2.10332233395674,
      "incr_op_margin_yoy": 1.0537219700331069,
      "rev_growth_yoy": -0.22293153561700121,
      "rev_growth_yoy_accel": -0.3841672575468066,
      "fcf_margin_change": -2.791080353121863
    },
    {
      "date": "2024-06-30T00:00:00",
      "quarter_label": "2024-06 (Q2)",
      "revenue": 271998000,
      "gross_profit": null,
      "operating_income": -82232000,
      "net_income": -66028000,
      "opex": 354230000,
      "cogs": null,
      "rd": null,
      "sga": null,
      "fcf": 83746000,
      "ocf": 90009000,
      "capex": -6263000,
      "gross_margin": null,
      "op_margin": -0.3023257523952382,
      "fcf_margin": 0.30789196979389555,
      "incr_op_margin_yoy": -0.56813805153448,
      "rev_growth_yoy": 0.6430456975444743,
      "rev_growth_yoy_accel": 0.8659772331614755,
      "op_leverage_ratio": 1.3043416727673132,
      "fcf_margin_change": 2.4112143037506355
    },
    {
      "date": "2024-09-30T00:00:00",
      "quarter_label": "2024-09 (Q3)",
      "revenue": 278242000,
      "gross_profit": null,
      "operating_income": 35894000,
      "net_income": 16370000,
      "opex": 242348000,
      "cogs": null,
      "rd": null,
      "sga": null,
      "fcf": 199272000,
      "ocf": 200265000,
      "capex": -993000,
      "gross_margin": null,
      "op_margin": 0.12900281050308723,
      "fcf_margin": 0.7161823161133114,
      "incr_op_margin_yoy": 0.4494861353500097,
      "rev_growth_yoy": 1.0016978050833436,
      "rev_growth_yoy_accel": 0.35865210753886934,
      "op_leverage_ratio": Infinity,
      "fcf_margin_change": 0.40829034631941585
    },
    {
      "date": "2024-12-31T00:00:00",
      "quarter_label": "2024-12 (Q4)",
      "revenue": 225672000,
      "gross_profit": null,
      "operating_income": 21369000,
      "net_income": 20774000,
      "opex": 204303000,
      "cogs": null,
      "rd": null,
      "sga": null,
      "fcf": 138772000,
      "ocf": 139430000,
      "capex": -658000,
      "gross_margin": null,
      "op_margin": 0.09469052430075507,
      "fcf_margin": 0.6149278599028679,
      "incr_op_margin_yoy": 5.02808988764045,
      "rev_growth_yoy": 0.061097057523580245,
      "rev_growth_yoy_accel": -0.9406007475597633,
      "fcf_margin_change": -0.10125445621044349
    },
    {
      "date": "2025-03-31T00:00:00",
      "quarter_label": "2025-03 (Q1)",
      "revenue": 211831000,
      "gross_profit": null,
      "operating_income": 11668000,
      "net_income": 17339000,
      "opex": 200163000,
      "cogs": null,
      "rd": null,
      "sga": null,
      "fcf": -177565000,
      "ocf": -176521000,
      "capex": -1044000,
      "gross_margin": null,
      "op_margin": 0.05508164527382678,
      "fcf_margin": -0.8382389735213448,
      "incr_op_margin_yoy": 0.5946091300226063,
      "rev_growth_yoy": 1.0741919374895963,
      "rev_growth_yoy_accel": 1.013094879966016,
      "fcf_margin_change": -1.4531668334242127
    },
    {
      "date": "2025-06-30T00:00:00",
      "quarter_label": "2025-06 (Q2)",
      "revenue": 155267000,
      "gross_profit": null,
      "operating_income": 8948000,
      "net_income": 2738000,
      "opex": 146319000,
      "cogs": null,
      "rd": null,
      "sga": null,
      "fcf": 55340000,
      "ocf": 56127000,
      "capex": -787000,
      "gross_margin": null,
      "op_margin": 0.05762976034830324,
      "fcf_margin": 0.3564182988014195,
      "incr_op_margin_yoy": -0.7811121295971079,
      "rev_growth_yoy": -0.42916124383267523,
      "rev_growth_yoy_accel": -1.5033531813222716,
      "fcf_margin_change": 1.1946572723227642
    },
    {
      "date": "2025-09-30T00:00:00",
      "quarter_label": "2025-09 (Q3)",
      "revenue": 164645000,
      "gross_profit": null,
      "operating_income": 8867000,
      "net_income": 6004000,
      "opex": 155778000,
      "cogs": null,
      "rd": null,
      "sga": null,
      "fcf": 57639000,
      "ocf": 59158000,
      "capex": -1519000,
      "gross_margin": null,
      "op_margin": 0.053855264356646115,
      "fcf_margin": 0.35008047617601507,
      "incr_op_margin_yoy": 0.23792001549336692,
      "rev_growth_yoy": -0.4082669043494512,
      "rev_growth_yoy_accel": 0.020894339483224056,
      "op_leverage_ratio": 0.9343004659534424,
      "fcf_margin_change": -0.006337822625404443
    }
  ],
  "signals": [
    {
      "quarter": "2025-09 (Q3)",
      "signal": "INCREMENTAL MARGIN (YoY)",
      "detail": "YoY Incr OPM: +23.8% vs year-ago OPM: +12.9%",
      "severity": "MEDIUM"
    },
    {
      "quarter": "2025-06 (Q2)",
      "signal": "FCF TURNED POSITIVE",
      "detail": "FCF margin: -83.8% -> +35.6%",
      "severity": "HIGH"
    },
    {
      "quarter": "2025-06 (Q2)",
      "signal": "YoY REVENUE GROWTH DECELERATION",
      "detail": "YoY growth: -42.9% vs prior quarter YoY: +107.4% (decel: -150.3%)",
      "severity": "WARNING"
    },
    {
      "quarter": "2025-06 (Q2)",
      "signal": "OP MARGIN TURNED POSITIVE (YoY)",
      "detail": "Op margin: -30.2% (year-ago) -> +5.8%",
      "severity": "HIGH"
    },
    {
      "quarter": "2025-03 (Q1)",
      "signal": "YoY REVENUE GROWTH ACCELERATION",
      "detail": "YoY growth: +107.4% vs prior quarter YoY: +6.1% (accel: +101.3%)",
      "severity": "HIGH"
    },
    {
      "quarter": "2025-03 (Q1)",
      "signal": "OP MARGIN TURNED POSITIVE (YoY)",
      "detail": "Op margin: -52.4% (year-ago) -> +5.5%",
      "severity": "HIGH"
    },
    {
      "quarter": "2024-12 (Q4)",
      "signal": "YoY REVENUE GROWTH DECELERATION",
      "detail": "YoY growth: +6.1% vs prior quarter YoY: +100.2% (decel: -94.1%)",
      "severity": "WARNING"
    },
    {
      "quarter": "2024-12 (Q4)",
      "signal": "OP MARGIN TURNED POSITIVE (YoY)",
      "detail": "Op margin: -20.7% (year-ago) -> +9.5%",
      "severity": "HIGH"
    },
    {
      "quarter": "2024-09 (Q3)",
      "signal": "FCF MARGIN EXPANSION",
      "detail": "FCF margin: +30.8% -> +71.6% (+40.8%)",
      "severity": "MEDIUM"
    },
    {
      "quarter": "2024-09 (Q3)",
      "signal": "YoY REVENUE GROWTH ACCELERATION",
      "detail": "YoY growth: +100.2% vs prior quarter YoY: +64.3% (accel: +35.9%)",
      "severity": "HIGH"
    },
    {
      "quarter": "2024-09 (Q3)",
      "signal": "OP MARGIN TURNED POSITIVE (YoY)",
      "detail": "Op margin: -19.2% (year-ago) -> +12.9%",
      "severity": "HIGH"
    },
    {
      "quarter": "2024-09 (Q3)",
      "signal": "OP MARGIN TURNED POSITIVE (QoQ)",
      "detail": "Op margin: -30.2% -> +12.9%",
      "severity": "HIGH"
    },
    {
      "quarter": "2024-06 (Q2)",
      "signal": "FCF TURNED POSITIVE",
      "detail": "FCF margin: -210.3% -> +30.8%",
      "severity": "HIGH"
    },
    {
      "quarter": "2024-06 (Q2)",
      "signal": "YoY REVENUE GROWTH ACCELERATION",
      "detail": "YoY growth: +64.3% vs prior quarter YoY: -22.3% (accel: +86.6%)",
      "severity": "HIGH"
    },
    {
      "quarter": "2024-03 (Q1)",
      "signal": "YoY REVENUE GROWTH DECELERATION",
      "detail": "YoY growth: -22.3% vs prior quarter YoY: +16.1% (decel: -38.4%)",
      "severity": "WARNING"
    },
    {
      "quarter": "2023-12 (Q4)",
      "signal": "FCF MARGIN EXPANSION",
      "detail": "FCF margin: +19.6% -> +68.8% (+49.2%)",
      "severity": "MEDIUM"
    },
    {
      "quarter": "2023-12 (Q4)",
      "signal": "YoY REVENUE GROWTH ACCELERATION",
      "detail": "YoY growth: +16.1% vs prior quarter YoY: -4.4% (accel: +20.5%)",
      "severity": "HIGH"
    },
    {
      "quarter": "2023-09 (Q3)",
      "signal": "YoY REVENUE GROWTH DECELERATION",
      "detail": "YoY growth: -4.4% vs prior quarter YoY: +9.6% (decel: -13.9%)",
      "severity": "WARNING"
    },
    {
      "quarter": "2023-06 (Q2)",
      "signal": "FCF TURNED POSITIVE",
      "detail": "FCF margin: -114.3% -> +39.3%",
      "severity": "HIGH"
    },
    {
      "quarter": "2023-06 (Q2)",
      "signal": "YoY REVENUE GROWTH ACCELERATION",
      "detail": "YoY growth: +9.6% vs prior quarter YoY: -13.5% (accel: +23.0%)",
      "severity": "HIGH"
    },
    {
      "quarter": "2023-03 (Q1)",
      "signal": "YoY REVENUE GROWTH DECELERATION",
      "detail": "YoY growth: -13.5% vs prior quarter YoY: -7.9% (decel: -5.5%)",
      "severity": "WARNING"
    },
    {
      "quarter": "2022-12 (Q4)",
      "signal": "FCF MARGIN EXPANSION",
      "detail": "FCF margin: +29.1% -> +34.2% (+5.1%)",
      "severity": "MEDIUM"
    },
    {
      "quarter": "2022-12 (Q4)",
      "signal": "YoY REVENUE GROWTH ACCELERATION",
      "detail": "YoY growth: -7.9% vs prior quarter YoY: -18.1% (accel: +10.1%)",
      "severity": "MEDIUM"
    },
    {
      "quarter": "2022-09 (Q3)",
      "signal": "YoY REVENUE GROWTH ACCELERATION",
      "detail": "YoY growth: -18.1% vs prior quarter YoY: -40.9% (accel: +22.8%)",
      "severity": "HIGH"
    },
    {
      "quarter": "2022-06 (Q2)",
      "signal": "FCF TURNED POSITIVE",
      "detail": "FCF margin: -164.5% -> +66.6%",
      "severity": "HIGH"
    },
    {
      "quarter": "2022-06 (Q2)",
      "signal": "YoY REVENUE GROWTH DECELERATION",
      "detail": "YoY growth: -40.9% vs prior quarter YoY: -10.6% (decel: -30.3%)",
      "severity": "WARNING"
    },
    {
      "quarter": "2022-03 (Q1)",
      "signal": "YoY REVENUE GROWTH DECELERATION",
      "detail": "YoY growth: -10.6% vs prior quarter YoY: +5.2% (decel: -15.7%)",
      "severity": "WARNING"
    },
    {
      "quarter": "2021-06 (Q2)",
      "signal": "FCF TURNED POSITIVE",
      "detail": "FCF margin: -71.6% -> +58.3%",
      "severity": "HIGH"
    },
    {
      "quarter": "2021-06 (Q2)",
      "signal": "OP MARGIN TURNED POSITIVE (QoQ)",
      "detail": "Op margin: -0.5% -> +19.4%",
      "severity": "HIGH"
    }
  ],
  "data_quality": {
    "n_quarters": 20,
    "coverage": {
      "revenue": [
        20,
        20
      ],
      "gross_profit": [
        0,
        20
      ],
      "op_income": [
        20,
        20
      ],
      "fcf": [
        20,
        20
      ]
    },
    "gaps": [],
    "warnings": [
      "gross_profit: no data"
    ]
  },
  "market_cap": null,
  "source": "SEC EDGAR",
  "last_updated": "2026-02-02T21:36:28.950875"
}