{
  "ticker": "PX",
  "name": "P10, Inc.",
  "quarters": [
    {
      "date": "2020-12-31T00:00:00",
      "quarter_label": "2020-12 (Q4)",
      "revenue": 24686000,
      "gross_profit": null,
      "operating_income": -232000,
      "net_income": 20206000,
      "opex": 24918000,
      "cogs": null,
      "rd": null,
      "sga": null,
      "fcf": -5643000,
      "ocf": -5623000,
      "capex": -20000,
      "gross_margin": null,
      "op_margin": -0.009398039374544276,
      "fcf_margin": -0.2285911042696265
    },
    {
      "date": "2021-03-31T00:00:00",
      "quarter_label": "2021-03 (Q1)",
      "revenue": 32768000,
      "gross_profit": null,
      "operating_income": 8552000,
      "net_income": 2215000,
      "opex": 24216000,
      "cogs": null,
      "rd": null,
      "sga": null,
      "fcf": 9454000,
      "ocf": 9476000,
      "capex": -22000,
      "gross_margin": null,
      "op_margin": 0.260986328125,
      "fcf_margin": 0.28851318359375,
      "op_leverage_ratio": Infinity,
      "fcf_margin_change": 0.5171042878633765
    },
    {
      "date": "2021-06-30T00:00:00",
      "quarter_label": "2021-06 (Q2)",
      "revenue": 33988000,
      "gross_profit": null,
      "operating_income": 8414000,
      "net_income": 1978000,
      "opex": 25574000,
      "cogs": null,
      "rd": null,
      "sga": null,
      "fcf": 8111000,
      "ocf": 8128000,
      "capex": -17000,
      "gross_margin": null,
      "op_margin": 0.2475579616335177,
      "fcf_margin": 0.23864305048840767,
      "op_leverage_ratio": 0.663915080771355,
      "fcf_margin_change": -0.04987013310534233
    },
    {
      "date": "2021-09-30T00:00:00",
      "quarter_label": "2021-09 (Q3)",
      "revenue": 38145000,
      "gross_profit": null,
      "operating_income": 11038000,
      "net_income": 3584000,
      "opex": 27107000,
      "cogs": null,
      "rd": null,
      "sga": null,
      "fcf": 23061000,
      "ocf": 23100000,
      "capex": -39000,
      "gross_margin": null,
      "op_margin": 0.28936951107615677,
      "fcf_margin": 0.6045615414864334,
      "op_leverage_ratio": 2.0403793564836703,
      "fcf_margin_change": 0.3659184909980257
    },
    {
      "date": "2021-12-31T00:00:00",
      "quarter_label": "2021-12 (Q4)",
      "revenue": 45633000,
      "gross_profit": null,
      "operating_income": 12182000,
      "net_income": 1397000,
      "opex": 33451000,
      "cogs": null,
      "rd": null,
      "sga": null,
      "fcf": 8264000,
      "ocf": 8315000,
      "capex": -51000,
      "gross_margin": null,
      "op_margin": 0.2669559310148358,
      "fcf_margin": 0.1810970131264655,
      "incr_op_margin_yoy": 0.5926385639948442,
      "rev_growth_yoy": 0.8485376326662886,
      "op_leverage_ratio": 0.8387769705330608,
      "fcf_margin_change": -0.42346452835996784
    },
    {
      "date": "2022-03-31T00:00:00",
      "quarter_label": "2022-03 (Q1)",
      "revenue": 43281000,
      "gross_profit": null,
      "operating_income": 11603000,
      "net_income": 7792000,
      "opex": 31678000,
      "cogs": null,
      "rd": null,
      "sga": null,
      "fcf": 7359000,
      "ocf": 7622000,
      "capex": -263000,
      "gross_margin": null,
      "op_margin": 0.2680853030198008,
      "fcf_margin": 0.17002841893671589,
      "incr_op_margin_yoy": 0.2902121183296871,
      "rev_growth_yoy": 0.320831298828125,
      "rev_growth_yoy_accel": -0.5277063338381636,
      "fcf_margin_change": -0.01106859418974962
    },
    {
      "date": "2022-06-30T00:00:00",
      "quarter_label": "2022-06 (Q2)",
      "revenue": 46738000,
      "gross_profit": null,
      "operating_income": 15767000,
      "net_income": 11154000,
      "opex": 30971000,
      "cogs": null,
      "rd": null,
      "sga": null,
      "fcf": 15178000,
      "ocf": 15549000,
      "capex": -371000,
      "gross_margin": null,
      "op_margin": 0.3373486242457957,
      "fcf_margin": 0.32474645898412424,
      "incr_op_margin_yoy": 0.5767058823529412,
      "rev_growth_yoy": 0.3751323996704719,
      "rev_growth_yoy_accel": 0.054301100842346905,
      "op_leverage_ratio": Infinity,
      "fcf_margin_change": 0.15471804004740836
    },
    {
      "date": "2022-09-30T00:00:00",
      "quarter_label": "2022-09 (Q3)",
      "revenue": 49996000,
      "gross_profit": null,
      "operating_income": 10260000,
      "net_income": 5617000,
      "opex": 39736000,
      "cogs": null,
      "rd": null,
      "sga": null,
      "fcf": 20490000,
      "ocf": 20775000,
      "capex": -285000,
      "gross_margin": null,
      "op_margin": 0.20521641731338508,
      "fcf_margin": 0.4098327866229298,
      "incr_op_margin_yoy": -0.06564846848367227,
      "rev_growth_yoy": 0.31068292043518153,
      "rev_growth_yoy_accel": -0.06444947923529037,
      "op_leverage_ratio": 0.24631125866596665,
      "fcf_margin_change": 0.08508632763880558
    },
    {
      "date": "2022-12-31T00:00:00",
      "quarter_label": "2022-12 (Q4)",
      "revenue": 58345000,
      "gross_profit": null,
      "operating_income": 5793000,
      "net_income": 4643000,
      "opex": 52552000,
      "cogs": null,
      "rd": null,
      "sga": null,
      "fcf": 17353000,
      "ocf": 17729000,
      "capex": -376000,
      "gross_margin": null,
      "op_margin": 0.09928871368583427,
      "fcf_margin": 0.2974205158968206,
      "incr_op_margin_yoy": -0.5025959723096287,
      "rev_growth_yoy": 0.27857033287314004,
      "rev_growth_yoy_accel": -0.032112587562041495,
      "op_leverage_ratio": 0.5177628067923337,
      "fcf_margin_change": -0.11241227072610921
    },
    {
      "date": "2023-03-31T00:00:00",
      "quarter_label": "2023-03 (Q1)",
      "revenue": 57253000,
      "gross_profit": null,
      "operating_income": 4871000,
      "net_income": 605000,
      "opex": 52382000,
      "cogs": null,
      "rd": null,
      "sga": null,
      "fcf": 20293000,
      "ocf": 20777000,
      "capex": -484000,
      "gross_margin": null,
      "op_margin": 0.08507851116972036,
      "fcf_margin": 0.3544443085951828,
      "incr_op_margin_yoy": -0.48182078442599485,
      "rev_growth_yoy": 0.3228206372311176,
      "rev_growth_yoy_accel": 0.044250304357977555,
      "fcf_margin_change": 0.05702379269836216
    },
    {
      "date": "2023-06-30T00:00:00",
      "quarter_label": "2023-06 (Q2)",
      "revenue": 62472000,
      "gross_profit": null,
      "operating_income": 10324000,
      "net_income": 1763000,
      "opex": 52148000,
      "cogs": null,
      "rd": null,
      "sga": null,
      "fcf": 8061000,
      "ocf": 8430000,
      "capex": -369000,
      "gross_margin": null,
      "op_margin": 0.16525803559994878,
      "fcf_margin": 0.12903380714560123,
      "incr_op_margin_yoy": -0.345938731409686,
      "rev_growth_yoy": 0.336642560657281,
      "rev_growth_yoy_accel": 0.013821923426163396,
      "op_leverage_ratio": Infinity,
      "fcf_margin_change": -0.22541050144958155
    },
    {
      "date": "2023-09-30T00:00:00",
      "quarter_label": "2023-09 (Q3)",
      "revenue": 58942000,
      "gross_profit": null,
      "operating_income": 383000,
      "net_income": -8416000,
      "opex": 58559000,
      "cogs": null,
      "rd": null,
      "sga": null,
      "fcf": 16428000,
      "ocf": 16600000,
      "capex": -172000,
      "gross_margin": null,
      "op_margin": 0.006497913202809542,
      "fcf_margin": 0.27871466865732414,
      "incr_op_margin_yoy": -1.1040688575899844,
      "rev_growth_yoy": 0.17893431474517962,
      "rev_growth_yoy_accel": -0.15770824591210136,
      "fcf_margin_change": 0.1496808615117229
    },
    {
      "date": "2023-12-31T00:00:00",
      "quarter_label": "2023-12 (Q4)",
      "revenue": 63067000,
      "gross_profit": null,
      "operating_income": 5343000,
      "net_income": -1085000,
      "opex": 57724000,
      "cogs": null,
      "rd": null,
      "sga": null,
      "fcf": 1718000,
      "ocf": 1878000,
      "capex": -160000,
      "gross_margin": null,
      "op_margin": 0.084719425373016,
      "fcf_margin": 0.02724087081992167,
      "incr_op_margin_yoy": -0.09529860228716645,
      "rev_growth_yoy": 0.08093238495158112,
      "rev_growth_yoy_accel": -0.09800192979359851,
      "op_leverage_ratio": Infinity,
      "fcf_margin_change": -0.2514737978374025
    },
    {
      "date": "2024-03-31T00:00:00",
      "quarter_label": "2024-03 (Q1)",
      "revenue": 66115000,
      "gross_profit": null,
      "operating_income": 12099000,
      "net_income": 5021000,
      "opex": 54016000,
      "cogs": null,
      "rd": null,
      "sga": null,
      "fcf": 10701000,
      "ocf": 10959000,
      "capex": -258000,
      "gross_margin": null,
      "op_margin": 0.18299931936776828,
      "fcf_margin": 0.16185434470241247,
      "incr_op_margin_yoy": 0.8156172421575265,
      "rev_growth_yoy": 0.15478664873456413,
      "rev_growth_yoy_accel": 0.07385426378298302,
      "op_leverage_ratio": Infinity,
      "fcf_margin_change": 0.13461347388249081
    },
    {
      "date": "2024-06-30T00:00:00",
      "quarter_label": "2024-06 (Q2)",
      "revenue": 71076000,
      "gross_profit": null,
      "operating_income": 16839000,
      "net_income": 6993000,
      "opex": 54237000,
      "cogs": null,
      "rd": null,
      "sga": null,
      "fcf": 33890000,
      "ocf": 34827000,
      "capex": -937000,
      "gross_margin": null,
      "op_margin": 0.23691541448590242,
      "fcf_margin": 0.47681355169114753,
      "incr_op_margin_yoy": 0.757205950720595,
      "rev_growth_yoy": 0.13772570111409912,
      "rev_growth_yoy_accel": -0.017060947620465006,
      "op_leverage_ratio": 18.340001704147067,
      "fcf_margin_change": 0.31495920698873503
    },
    {
      "date": "2024-09-30T00:00:00",
      "quarter_label": "2024-09 (Q3)",
      "revenue": 74243000,
      "gross_profit": null,
      "operating_income": 8826000,
      "net_income": 1406000,
      "opex": 65417000,
      "cogs": null,
      "rd": null,
      "sga": null,
      "fcf": 25227000,
      "ocf": 27472000,
      "capex": -2245000,
      "gross_margin": null,
      "op_margin": 0.11887989440081893,
      "fcf_margin": 0.33978960979486283,
      "incr_op_margin_yoy": 0.5517940003921312,
      "rev_growth_yoy": 0.2595941773268637,
      "rev_growth_yoy_accel": 0.12186847621276456,
      "op_leverage_ratio": 0.21616179627219562,
      "fcf_margin_change": -0.1370239418962847
    },
    {
      "date": "2024-12-31T00:00:00",
      "quarter_label": "2024-12 (Q4)",
      "revenue": 85014000,
      "gross_profit": null,
      "operating_income": 22856000,
      "net_income": 5280000,
      "opex": 62158000,
      "cogs": null,
      "rd": null,
      "sga": null,
      "fcf": 26773000,
      "ocf": 27712000,
      "capex": -939000,
      "gross_margin": null,
      "op_margin": 0.26884983649751804,
      "fcf_margin": 0.3149246006540099,
      "incr_op_margin_yoy": 0.7979678315942953,
      "rev_growth_yoy": 0.34799498945565827,
      "rev_growth_yoy_accel": 0.08840081212879458,
      "op_leverage_ratio": Infinity,
      "fcf_margin_change": -0.024865009140852934
    },
    {
      "date": "2025-03-31T00:00:00",
      "quarter_label": "2025-03 (Q1)",
      "revenue": 67667000,
      "gross_profit": null,
      "operating_income": 11226000,
      "net_income": 4522000,
      "opex": 56441000,
      "cogs": null,
      "rd": null,
      "sga": null,
      "fcf": -6005000,
      "ocf": -4729000,
      "capex": -1276000,
      "gross_margin": null,
      "op_margin": 0.1659006605878789,
      "fcf_margin": -0.08874340520490047,
      "incr_op_margin_yoy": -0.5625,
      "rev_growth_yoy": 0.02347424941390002,
      "rev_growth_yoy_accel": -0.32452074004175824,
      "fcf_margin_change": -0.4036680058589104
    },
    {
      "date": "2025-06-30T00:00:00",
      "quarter_label": "2025-06 (Q2)",
      "revenue": 72704000,
      "gross_profit": null,
      "operating_income": 17733000,
      "net_income": 3383000,
      "opex": 54971000,
      "cogs": null,
      "rd": null,
      "sga": null,
      "fcf": 11569000,
      "ocf": 13386000,
      "capex": -1817000,
      "gross_margin": null,
      "op_margin": 0.24390680017605634,
      "fcf_margin": 0.1591246698943662,
      "incr_op_margin_yoy": 0.5491400491400491,
      "rev_growth_yoy": 0.022905059373065452,
      "rev_growth_yoy_accel": -0.000569190040834569,
      "op_leverage_ratio": Infinity,
      "fcf_margin_change": 0.24786807509926667
    },
    {
      "date": "2025-09-30T00:00:00",
      "quarter_label": "2025-09 (Q3)",
      "revenue": 75929000,
      "gross_profit": null,
      "operating_income": 10700000,
      "net_income": 2145000,
      "opex": 65229000,
      "cogs": null,
      "rd": null,
      "sga": null,
      "fcf": -9541000,
      "ocf": -8603000,
      "capex": -938000,
      "gross_margin": null,
      "op_margin": 0.1409211236813339,
      "fcf_margin": -0.1256568636489352,
      "incr_op_margin_yoy": 1.1115065243179123,
      "rev_growth_yoy": 0.022709211642848483,
      "rev_growth_yoy_accel": -0.00019584773021696922,
      "op_leverage_ratio": 0.23770721090195152,
      "fcf_margin_change": -0.2847815335433014
    }
  ],
  "signals": [
    {
      "quarter": "2025-09 (Q3)",
      "signal": "INCREMENTAL MARGIN (YoY)",
      "detail": "YoY Incr OPM: +111.2% vs year-ago OPM: +11.9%",
      "severity": "HIGH"
    },
    {
      "quarter": "2025-06 (Q2)",
      "signal": "FCF TURNED POSITIVE",
      "detail": "FCF margin: -8.9% -> +15.9%",
      "severity": "HIGH"
    },
    {
      "quarter": "2025-06 (Q2)",
      "signal": "INCREMENTAL MARGIN (YoY)",
      "detail": "YoY Incr OPM: +54.9% vs year-ago OPM: +23.7%",
      "severity": "HIGH"
    },
    {
      "quarter": "2025-03 (Q1)",
      "signal": "YoY REVENUE GROWTH DECELERATION",
      "detail": "YoY growth: +2.3% vs prior quarter YoY: +34.8% (decel: -32.5%)",
      "severity": "WARNING"
    },
    {
      "quarter": "2024-12 (Q4)",
      "signal": "YoY REVENUE GROWTH ACCELERATION",
      "detail": "YoY growth: +34.8% vs prior quarter YoY: +26.0% (accel: +8.8%)",
      "severity": "MEDIUM"
    },
    {
      "quarter": "2024-12 (Q4)",
      "signal": "INCREMENTAL MARGIN (YoY)",
      "detail": "YoY Incr OPM: +79.8% vs year-ago OPM: +8.5%",
      "severity": "HIGH"
    },
    {
      "quarter": "2024-09 (Q3)",
      "signal": "YoY REVENUE GROWTH ACCELERATION",
      "detail": "YoY growth: +26.0% vs prior quarter YoY: +13.8% (accel: +12.2%)",
      "severity": "MEDIUM"
    },
    {
      "quarter": "2024-09 (Q3)",
      "signal": "INCREMENTAL MARGIN (YoY)",
      "detail": "YoY Incr OPM: +55.2% vs year-ago OPM: +0.6%",
      "severity": "HIGH"
    },
    {
      "quarter": "2024-06 (Q2)",
      "signal": "FCF MARGIN EXPANSION",
      "detail": "FCF margin: +16.2% -> +47.7% (+31.5%)",
      "severity": "MEDIUM"
    },
    {
      "quarter": "2024-06 (Q2)",
      "signal": "OPERATING LEVERAGE",
      "detail": "Rev growth +7.5% vs OpEx growth +0.4% (leverage: 18.3x)",
      "severity": "MEDIUM"
    },
    {
      "quarter": "2024-06 (Q2)",
      "signal": "INCREMENTAL MARGIN (YoY)",
      "detail": "YoY Incr OPM: +75.7% vs year-ago OPM: +16.5%",
      "severity": "HIGH"
    },
    {
      "quarter": "2024-03 (Q1)",
      "signal": "FCF MARGIN EXPANSION",
      "detail": "FCF margin: +2.7% -> +16.2% (+13.5%)",
      "severity": "MEDIUM"
    },
    {
      "quarter": "2024-03 (Q1)",
      "signal": "YoY REVENUE GROWTH ACCELERATION",
      "detail": "YoY growth: +15.5% vs prior quarter YoY: +8.1% (accel: +7.4%)",
      "severity": "MEDIUM"
    },
    {
      "quarter": "2024-03 (Q1)",
      "signal": "INCREMENTAL MARGIN (YoY)",
      "detail": "YoY Incr OPM: +81.6% vs year-ago OPM: +8.5%",
      "severity": "HIGH"
    },
    {
      "quarter": "2023-12 (Q4)",
      "signal": "YoY REVENUE GROWTH DECELERATION",
      "detail": "YoY growth: +8.1% vs prior quarter YoY: +17.9% (decel: -9.8%)",
      "severity": "WARNING"
    },
    {
      "quarter": "2023-09 (Q3)",
      "signal": "FCF MARGIN EXPANSION",
      "detail": "FCF margin: +12.9% -> +27.9% (+15.0%)",
      "severity": "MEDIUM"
    },
    {
      "quarter": "2023-09 (Q3)",
      "signal": "YoY REVENUE GROWTH DECELERATION",
      "detail": "YoY growth: +17.9% vs prior quarter YoY: +33.7% (decel: -15.8%)",
      "severity": "WARNING"
    },
    {
      "quarter": "2023-03 (Q1)",
      "signal": "FCF MARGIN EXPANSION",
      "detail": "FCF margin: +29.7% -> +35.4% (+5.7%)",
      "severity": "MEDIUM"
    },
    {
      "quarter": "2022-09 (Q3)",
      "signal": "FCF MARGIN EXPANSION",
      "detail": "FCF margin: +32.5% -> +41.0% (+8.5%)",
      "severity": "MEDIUM"
    },
    {
      "quarter": "2022-09 (Q3)",
      "signal": "YoY REVENUE GROWTH DECELERATION",
      "detail": "YoY growth: +31.1% vs prior quarter YoY: +37.5% (decel: -6.4%)",
      "severity": "WARNING"
    },
    {
      "quarter": "2022-06 (Q2)",
      "signal": "FCF MARGIN EXPANSION",
      "detail": "FCF margin: +17.0% -> +32.5% (+15.5%)",
      "severity": "MEDIUM"
    },
    {
      "quarter": "2022-06 (Q2)",
      "signal": "YoY REVENUE GROWTH ACCELERATION",
      "detail": "YoY growth: +37.5% vs prior quarter YoY: +32.1% (accel: +5.4%)",
      "severity": "MEDIUM"
    },
    {
      "quarter": "2022-06 (Q2)",
      "signal": "INCREMENTAL MARGIN (YoY)",
      "detail": "YoY Incr OPM: +57.7% vs year-ago OPM: +24.8%",
      "severity": "HIGH"
    },
    {
      "quarter": "2022-03 (Q1)",
      "signal": "YoY REVENUE GROWTH DECELERATION",
      "detail": "YoY growth: +32.1% vs prior quarter YoY: +84.9% (decel: -52.8%)",
      "severity": "WARNING"
    },
    {
      "quarter": "2021-12 (Q4)",
      "signal": "OP MARGIN TURNED POSITIVE (YoY)",
      "detail": "Op margin: -0.9% (year-ago) -> +26.7%",
      "severity": "HIGH"
    },
    {
      "quarter": "2021-09 (Q3)",
      "signal": "FCF MARGIN EXPANSION",
      "detail": "FCF margin: +23.9% -> +60.5% (+36.6%)",
      "severity": "MEDIUM"
    },
    {
      "quarter": "2021-09 (Q3)",
      "signal": "OPERATING LEVERAGE",
      "detail": "Rev growth +12.2% vs OpEx growth +6.0% (leverage: 2.0x)",
      "severity": "MEDIUM"
    },
    {
      "quarter": "2021-03 (Q1)",
      "signal": "FCF TURNED POSITIVE",
      "detail": "FCF margin: -22.9% -> +28.9%",
      "severity": "HIGH"
    },
    {
      "quarter": "2021-03 (Q1)",
      "signal": "OP MARGIN TURNED POSITIVE (QoQ)",
      "detail": "Op margin: -0.9% -> +26.1%",
      "severity": "HIGH"
    }
  ],
  "data_quality": {
    "n_quarters": 20,
    "coverage": {
      "revenue": [
        20,
        20
      ],
      "gross_profit": [
        0,
        20
      ],
      "op_income": [
        20,
        20
      ],
      "fcf": [
        20,
        20
      ]
    },
    "gaps": [],
    "warnings": [
      "gross_profit: no data"
    ]
  },
  "market_cap": null,
  "source": "SEC EDGAR",
  "last_updated": "2026-02-02T21:55:45.157096"
}