{
  "ticker": "PYPL",
  "name": "PayPal Holdings, Inc.",
  "quarters": [
    {
      "date": "2020-12-31T00:00:00",
      "quarter_label": "2020-12 (Q4)",
      "revenue": 6116000000,
      "gross_profit": null,
      "operating_income": 963000000,
      "net_income": 1567000000,
      "opex": 5153000000,
      "cogs": null,
      "rd": null,
      "sga": null,
      "fcf": 1486000000,
      "ocf": 1712000000,
      "capex": -226000000,
      "gross_margin": null,
      "op_margin": 0.15745585349901897,
      "fcf_margin": 0.24296926095487248
    },
    {
      "date": "2021-03-31T00:00:00",
      "quarter_label": "2021-03 (Q1)",
      "revenue": 6033000000,
      "gross_profit": null,
      "operating_income": 1042000000,
      "net_income": 1097000000,
      "opex": 4991000000,
      "cogs": null,
      "rd": null,
      "sga": null,
      "fcf": 1537000000,
      "ocf": 1758000000,
      "capex": -221000000,
      "gross_margin": null,
      "op_margin": 0.17271672468092159,
      "fcf_margin": 0.25476545665506384,
      "fcf_margin_change": 0.011796195700191359
    },
    {
      "date": "2021-06-30T00:00:00",
      "quarter_label": "2021-06 (Q2)",
      "revenue": 6238000000,
      "gross_profit": null,
      "operating_income": 1127000000,
      "net_income": 1184000000,
      "opex": 5111000000,
      "cogs": null,
      "rd": null,
      "sga": null,
      "fcf": 1059000000,
      "ocf": 1306000000,
      "capex": -247000000,
      "gross_margin": null,
      "op_margin": 0.18066688041038795,
      "fcf_margin": 0.1697659506252004,
      "op_leverage_ratio": 1.4132755953367588,
      "fcf_margin_change": -0.08499950602986345
    },
    {
      "date": "2021-09-30T00:00:00",
      "quarter_label": "2021-09 (Q3)",
      "revenue": 6182000000,
      "gross_profit": null,
      "operating_income": 1043000000,
      "net_income": 1087000000,
      "opex": 5139000000,
      "cogs": null,
      "rd": null,
      "sga": null,
      "fcf": 1286000000,
      "ocf": 1513000000,
      "capex": -227000000,
      "gross_margin": null,
      "op_margin": 0.16871562601099968,
      "fcf_margin": 0.2080232934325461,
      "fcf_margin_change": 0.03825734280734572
    },
    {
      "date": "2021-12-31T00:00:00",
      "quarter_label": "2021-12 (Q4)",
      "revenue": 6918000000,
      "gross_profit": null,
      "operating_income": 1050000000,
      "net_income": 801000000,
      "opex": 5868000000,
      "cogs": null,
      "rd": null,
      "sga": null,
      "fcf": 1007000000,
      "ocf": 1220000000,
      "capex": -213000000,
      "gross_margin": null,
      "op_margin": 0.15177797051170858,
      "fcf_margin": 0.14556230124313385,
      "incr_op_margin_yoy": 0.1084788029925187,
      "rev_growth_yoy": 0.13113145846958796,
      "op_leverage_ratio": 0.8392665284717479,
      "fcf_margin_change": -0.06246099218941226
    },
    {
      "date": "2022-03-31T00:00:00",
      "quarter_label": "2022-03 (Q1)",
      "revenue": 6483000000,
      "gross_profit": null,
      "operating_income": 711000000,
      "net_income": 509000000,
      "opex": 5772000000,
      "cogs": null,
      "rd": null,
      "sga": null,
      "fcf": 1026000000,
      "ocf": 1217000000,
      "capex": -191000000,
      "gross_margin": null,
      "op_margin": 0.10967144840351689,
      "fcf_margin": 0.15826006478482185,
      "incr_op_margin_yoy": -0.7355555555555555,
      "rev_growth_yoy": 0.07458975634012929,
      "rev_growth_yoy_accel": -0.056541702129458665,
      "fcf_margin_change": 0.012697763541688
    },
    {
      "date": "2022-06-30T00:00:00",
      "quarter_label": "2022-06 (Q2)",
      "revenue": 6806000000,
      "gross_profit": null,
      "operating_income": 764000000,
      "net_income": -341000000,
      "opex": 6042000000,
      "cogs": null,
      "rd": null,
      "sga": null,
      "fcf": 1075000000,
      "ocf": 1250000000,
      "capex": -175000000,
      "gross_margin": null,
      "op_margin": 0.11225389362327358,
      "fcf_margin": 0.15794886864531296,
      "incr_op_margin_yoy": -0.6390845070422535,
      "rev_growth_yoy": 0.09105482526450785,
      "rev_growth_yoy_accel": 0.01646506892437856,
      "op_leverage_ratio": 1.0650967487617187,
      "fcf_margin_change": -0.00031119613950889025
    },
    {
      "date": "2022-09-30T00:00:00",
      "quarter_label": "2022-09 (Q3)",
      "revenue": 6846000000,
      "gross_profit": null,
      "operating_income": 1118000000,
      "net_income": 1330000000,
      "opex": 5728000000,
      "cogs": null,
      "rd": null,
      "sga": null,
      "fcf": 1573000000,
      "ocf": 1755000000,
      "capex": -182000000,
      "gross_margin": null,
      "op_margin": 0.1633070406076541,
      "fcf_margin": 0.22976920829681566,
      "incr_op_margin_yoy": 0.11295180722891567,
      "rev_growth_yoy": 0.1074086056292462,
      "rev_growth_yoy_accel": 0.01635378036473835,
      "fcf_margin_change": 0.0718203396515027
    },
    {
      "date": "2022-12-31T00:00:00",
      "quarter_label": "2022-12 (Q4)",
      "revenue": 7383000000,
      "gross_profit": null,
      "operating_income": 1244000000,
      "net_income": 921000000,
      "opex": 6139000000,
      "cogs": null,
      "rd": null,
      "sga": null,
      "fcf": 1433000000,
      "ocf": 1591000000,
      "capex": -158000000,
      "gross_margin": null,
      "op_margin": 0.1684951916565082,
      "fcf_margin": 0.1940945415142896,
      "incr_op_margin_yoy": 0.4172043010752688,
      "rev_growth_yoy": 0.06721595836947095,
      "rev_growth_yoy_accel": -0.040192647259775255,
      "op_leverage_ratio": 1.0931973703009483,
      "fcf_margin_change": -0.035674666782526065
    },
    {
      "date": "2023-03-31T00:00:00",
      "quarter_label": "2023-03 (Q1)",
      "revenue": 7040000000,
      "gross_profit": null,
      "operating_income": 999000000,
      "net_income": 795000000,
      "opex": 6041000000,
      "cogs": null,
      "rd": null,
      "sga": null,
      "fcf": 1000000000,
      "ocf": 1170000000,
      "capex": -170000000,
      "gross_margin": null,
      "op_margin": 0.1419034090909091,
      "fcf_margin": 0.14204545454545456,
      "incr_op_margin_yoy": 0.5170556552962298,
      "rev_growth_yoy": 0.08591701372821224,
      "rev_growth_yoy_accel": 0.018701055358741295,
      "fcf_margin_change": -0.052049086968835034
    },
    {
      "date": "2023-06-30T00:00:00",
      "quarter_label": "2023-06 (Q2)",
      "revenue": 7287000000,
      "gross_profit": null,
      "operating_income": 1133000000,
      "net_income": 1029000000,
      "opex": 6154000000,
      "cogs": null,
      "rd": null,
      "sga": null,
      "fcf": -350000000,
      "ocf": -200000000,
      "capex": -150000000,
      "gross_margin": null,
      "op_margin": 0.15548236585700562,
      "fcf_margin": -0.04803073967339097,
      "incr_op_margin_yoy": 0.7671517671517671,
      "rev_growth_yoy": 0.0706729356450191,
      "rev_growth_yoy_accel": -0.015244078083193141,
      "op_leverage_ratio": 1.8756624597747387,
      "fcf_margin_change": -0.19007619421884553
    },
    {
      "date": "2023-09-30T00:00:00",
      "quarter_label": "2023-09 (Q3)",
      "revenue": 7418000000,
      "gross_profit": null,
      "operating_income": 1168000000,
      "net_income": 1020000000,
      "opex": 6250000000,
      "cogs": null,
      "rd": null,
      "sga": null,
      "fcf": 1101000000,
      "ocf": 1259000000,
      "capex": -158000000,
      "gross_margin": null,
      "op_margin": 0.15745483957940146,
      "fcf_margin": 0.14842275545969263,
      "incr_op_margin_yoy": 0.08741258741258741,
      "rev_growth_yoy": 0.08355243938066025,
      "rev_growth_yoy_accel": 0.012879503735641146,
      "op_leverage_ratio": 1.1524146882576276,
      "fcf_margin_change": 0.1964534951330836
    },
    {
      "date": "2023-12-31T00:00:00",
      "quarter_label": "2023-12 (Q4)",
      "revenue": 8026000000,
      "gross_profit": null,
      "operating_income": 1728000000,
      "net_income": 1402000000,
      "opex": 6298000000,
      "cogs": null,
      "rd": null,
      "sga": null,
      "fcf": 2469000000,
      "ocf": 2614000000,
      "capex": -145000000,
      "gross_margin": null,
      "op_margin": 0.2153002741091453,
      "fcf_margin": 0.30762521804136556,
      "incr_op_margin_yoy": 0.7527216174183515,
      "rev_growth_yoy": 0.08709196803467426,
      "rev_growth_yoy_accel": 0.0035395286540140097,
      "op_leverage_ratio": 10.672238698660914,
      "fcf_margin_change": 0.15920246258167292
    },
    {
      "date": "2024-03-31T00:00:00",
      "quarter_label": "2024-03 (Q1)",
      "revenue": 7699000000,
      "gross_profit": null,
      "operating_income": 1168000000,
      "net_income": 888000000,
      "opex": 6531000000,
      "cogs": null,
      "rd": null,
      "sga": null,
      "fcf": 1763000000,
      "ocf": 1917000000,
      "capex": -154000000,
      "gross_margin": null,
      "op_margin": 0.15170801402779582,
      "fcf_margin": 0.22899077802311987,
      "incr_op_margin_yoy": 0.2564491654021244,
      "rev_growth_yoy": 0.09360795454545455,
      "rev_growth_yoy_accel": 0.0065159865107802944,
      "fcf_margin_change": -0.07863444001824568
    },
    {
      "date": "2024-06-30T00:00:00",
      "quarter_label": "2024-06 (Q2)",
      "revenue": 7885000000,
      "gross_profit": null,
      "operating_income": 1325000000,
      "net_income": 1128000000,
      "opex": 6560000000,
      "cogs": null,
      "rd": null,
      "sga": null,
      "fcf": 1368000000,
      "ocf": 1525000000,
      "capex": -157000000,
      "gross_margin": null,
      "op_margin": 0.16804058338617628,
      "fcf_margin": 0.17349397590361446,
      "incr_op_margin_yoy": 0.3210702341137124,
      "rev_growth_yoy": 0.082063949499108,
      "rev_growth_yoy_accel": -0.011544005046346548,
      "op_leverage_ratio": 5.440769289338965,
      "fcf_margin_change": -0.05549680211950542
    },
    {
      "date": "2024-09-30T00:00:00",
      "quarter_label": "2024-09 (Q3)",
      "revenue": 7847000000,
      "gross_profit": null,
      "operating_income": 1391000000,
      "net_income": 1010000000,
      "opex": 6456000000,
      "cogs": null,
      "rd": null,
      "sga": null,
      "fcf": 1445000000,
      "ocf": 1614000000,
      "capex": -169000000,
      "gross_margin": null,
      "op_margin": 0.1772651968905314,
      "fcf_margin": 0.18414680769720912,
      "incr_op_margin_yoy": 0.5198135198135199,
      "rev_growth_yoy": 0.05783229981126988,
      "rev_growth_yoy_accel": -0.02423164968783812,
      "fcf_margin_change": 0.010652831793594664
    },
    {
      "date": "2024-12-31T00:00:00",
      "quarter_label": "2024-12 (Q4)",
      "revenue": 8366000000,
      "gross_profit": null,
      "operating_income": 1441000000,
      "net_income": 1121000000,
      "opex": 6925000000,
      "cogs": null,
      "rd": null,
      "sga": null,
      "fcf": 2191000000,
      "ocf": 2394000000,
      "capex": -203000000,
      "gross_margin": null,
      "op_margin": 0.1722448003825006,
      "fcf_margin": 0.26189337795840306,
      "incr_op_margin_yoy": -0.8441176470588235,
      "rev_growth_yoy": 0.0423623224520309,
      "rev_growth_yoy_accel": -0.015469977359238982,
      "op_leverage_ratio": 0.9104464025880898,
      "fcf_margin_change": 0.07774657026119394
    },
    {
      "date": "2025-03-31T00:00:00",
      "quarter_label": "2025-03 (Q1)",
      "revenue": 7791000000,
      "gross_profit": null,
      "operating_income": 1530000000,
      "net_income": 1287000000,
      "opex": 6261000000,
      "cogs": null,
      "rd": null,
      "sga": null,
      "fcf": 964000000,
      "ocf": 1160000000,
      "capex": -196000000,
      "gross_margin": null,
      "op_margin": 0.19638043896804006,
      "fcf_margin": 0.1237325118726736,
      "incr_op_margin_yoy": 3.9347826086956523,
      "rev_growth_yoy": 0.01194960384465515,
      "rev_growth_yoy_accel": -0.030412718607375752,
      "fcf_margin_change": -0.13816086608572947
    },
    {
      "date": "2025-06-30T00:00:00",
      "quarter_label": "2025-06 (Q2)",
      "revenue": 8288000000,
      "gross_profit": null,
      "operating_income": 1504000000,
      "net_income": 1261000000,
      "opex": 6784000000,
      "cogs": null,
      "rd": null,
      "sga": null,
      "fcf": 692000000,
      "ocf": 898000000,
      "capex": -206000000,
      "gross_margin": null,
      "op_margin": 0.18146718146718147,
      "fcf_margin": 0.0834942084942085,
      "incr_op_margin_yoy": 0.4441687344913151,
      "rev_growth_yoy": 0.051109701965757766,
      "rev_growth_yoy_accel": 0.03916009812110262,
      "op_leverage_ratio": 0.7636690666020729,
      "fcf_margin_change": -0.04023830337846511
    },
    {
      "date": "2025-09-30T00:00:00",
      "quarter_label": "2025-09 (Q3)",
      "revenue": 8417000000,
      "gross_profit": null,
      "operating_income": 1520000000,
      "net_income": 1248000000,
      "opex": 6897000000,
      "cogs": null,
      "rd": null,
      "sga": null,
      "fcf": 1718000000,
      "ocf": 1974000000,
      "capex": -256000000,
      "gross_margin": null,
      "op_margin": 0.18058690744920994,
      "fcf_margin": 0.2041107282879886,
      "incr_op_margin_yoy": 0.22631578947368422,
      "rev_growth_yoy": 0.07263922518159806,
      "rev_growth_yoy_accel": 0.021529523215840292,
      "op_leverage_ratio": 0.9344312707144565,
      "fcf_margin_change": 0.1206165197937801
    }
  ],
  "signals": [
    {
      "quarter": "2025-09 (Q3)",
      "signal": "FCF MARGIN EXPANSION",
      "detail": "FCF margin: +8.3% -> +20.4% (+12.1%)",
      "severity": "MEDIUM"
    },
    {
      "quarter": "2025-06 (Q2)",
      "signal": "INCREMENTAL MARGIN (YoY)",
      "detail": "YoY Incr OPM: +44.4% vs year-ago OPM: +16.8%",
      "severity": "HIGH"
    },
    {
      "quarter": "2025-03 (Q1)",
      "signal": "INCREMENTAL MARGIN (YoY)",
      "detail": "YoY Incr OPM: +393.5% vs year-ago OPM: +15.2%",
      "severity": "HIGH"
    },
    {
      "quarter": "2024-12 (Q4)",
      "signal": "FCF MARGIN EXPANSION",
      "detail": "FCF margin: +18.4% -> +26.2% (+7.8%)",
      "severity": "MEDIUM"
    },
    {
      "quarter": "2024-09 (Q3)",
      "signal": "INCREMENTAL MARGIN (YoY)",
      "detail": "YoY Incr OPM: +52.0% vs year-ago OPM: +15.7%",
      "severity": "HIGH"
    },
    {
      "quarter": "2024-06 (Q2)",
      "signal": "OPERATING LEVERAGE",
      "detail": "Rev growth +2.4% vs OpEx growth +0.4% (leverage: 5.4x)",
      "severity": "MEDIUM"
    },
    {
      "quarter": "2024-06 (Q2)",
      "signal": "INCREMENTAL MARGIN (YoY)",
      "detail": "YoY Incr OPM: +32.1% vs year-ago OPM: +15.5%",
      "severity": "MEDIUM"
    },
    {
      "quarter": "2024-03 (Q1)",
      "signal": "INCREMENTAL MARGIN (YoY)",
      "detail": "YoY Incr OPM: +25.6% vs year-ago OPM: +14.2%",
      "severity": "MEDIUM"
    },
    {
      "quarter": "2023-12 (Q4)",
      "signal": "FCF MARGIN EXPANSION",
      "detail": "FCF margin: +14.8% -> +30.8% (+15.9%)",
      "severity": "MEDIUM"
    },
    {
      "quarter": "2023-12 (Q4)",
      "signal": "OPERATING LEVERAGE",
      "detail": "Rev growth +8.2% vs OpEx growth +0.8% (leverage: 10.7x)",
      "severity": "MEDIUM"
    },
    {
      "quarter": "2023-12 (Q4)",
      "signal": "INCREMENTAL MARGIN (YoY)",
      "detail": "YoY Incr OPM: +75.3% vs year-ago OPM: +16.8%",
      "severity": "HIGH"
    },
    {
      "quarter": "2023-09 (Q3)",
      "signal": "FCF TURNED POSITIVE",
      "detail": "FCF margin: -4.8% -> +14.8%",
      "severity": "HIGH"
    },
    {
      "quarter": "2023-06 (Q2)",
      "signal": "OPERATING LEVERAGE",
      "detail": "Rev growth +3.5% vs OpEx growth +1.9% (leverage: 1.9x)",
      "severity": "MEDIUM"
    },
    {
      "quarter": "2023-06 (Q2)",
      "signal": "INCREMENTAL MARGIN (YoY)",
      "detail": "YoY Incr OPM: +76.7% vs year-ago OPM: +11.2%",
      "severity": "HIGH"
    },
    {
      "quarter": "2023-03 (Q1)",
      "signal": "INCREMENTAL MARGIN (YoY)",
      "detail": "YoY Incr OPM: +51.7% vs year-ago OPM: +11.0%",
      "severity": "HIGH"
    },
    {
      "quarter": "2022-12 (Q4)",
      "signal": "INCREMENTAL MARGIN (YoY)",
      "detail": "YoY Incr OPM: +41.7% vs year-ago OPM: +15.2%",
      "severity": "HIGH"
    },
    {
      "quarter": "2022-09 (Q3)",
      "signal": "FCF MARGIN EXPANSION",
      "detail": "FCF margin: +15.8% -> +23.0% (+7.2%)",
      "severity": "MEDIUM"
    },
    {
      "quarter": "2022-03 (Q1)",
      "signal": "YoY REVENUE GROWTH DECELERATION",
      "detail": "YoY growth: +7.5% vs prior quarter YoY: +13.1% (decel: -5.7%)",
      "severity": "WARNING"
    }
  ],
  "data_quality": {
    "n_quarters": 20,
    "coverage": {
      "revenue": [
        20,
        20
      ],
      "gross_profit": [
        0,
        20
      ],
      "op_income": [
        20,
        20
      ],
      "fcf": [
        20,
        20
      ]
    },
    "gaps": [],
    "warnings": [
      "gross_profit: no data"
    ]
  },
  "market_cap": null,
  "source": "SEC EDGAR",
  "last_updated": "2026-02-02T19:58:56.614045"
}