{
  "ticker": "PZZA",
  "name": "PAPA JOHN\u2019S INTERNATIONAL, INC.",
  "quarters": [
    {
      "date": "2020-12-27T00:00:00",
      "quarter_label": "2020-12 (Q4)",
      "revenue": 469811000,
      "gross_profit": null,
      "operating_income": 19698000,
      "net_income": 13167000,
      "opex": 450113000,
      "cogs": null,
      "rd": null,
      "sga": null,
      "fcf": 6509000,
      "ocf": 17892000,
      "capex": -11383000,
      "gross_margin": null,
      "op_margin": 0.04192749850471785,
      "fcf_margin": 0.01385450745086854
    },
    {
      "date": "2021-03-28T00:00:00",
      "quarter_label": "2021-03 (Q1)",
      "revenue": 511746000,
      "gross_profit": null,
      "operating_income": 46862000,
      "net_income": 33883000,
      "opex": 464884000,
      "cogs": null,
      "rd": null,
      "sga": null,
      "fcf": 56141000,
      "ocf": 63217000,
      "capex": -7076000,
      "gross_margin": null,
      "op_margin": 0.09157277243007274,
      "fcf_margin": 0.10970481449781727,
      "op_leverage_ratio": 2.7199763286307395,
      "fcf_margin_change": 0.09585030704694873
    },
    {
      "date": "2021-06-27T00:00:00",
      "quarter_label": "2021-06 (Q2)",
      "revenue": 515008000,
      "gross_profit": null,
      "operating_income": 44637000,
      "net_income": 32254000,
      "opex": 470371000,
      "cogs": null,
      "rd": null,
      "sga": null,
      "fcf": 50346000,
      "ocf": 64813000,
      "capex": -14467000,
      "gross_margin": null,
      "op_margin": 0.08667244003976637,
      "fcf_margin": 0.09775770473468373,
      "fcf_margin_change": -0.01194710976313354
    },
    {
      "date": "2021-09-26T00:00:00",
      "quarter_label": "2021-09 (Q3)",
      "revenue": 512782000,
      "gross_profit": null,
      "operating_income": 38577000,
      "net_income": 29256000,
      "opex": 474205000,
      "cogs": null,
      "rd": null,
      "sga": null,
      "fcf": 45809000,
      "ocf": 65594000,
      "capex": -19785000,
      "gross_margin": null,
      "op_margin": 0.07523079983306746,
      "fcf_margin": 0.08933425900285111,
      "fcf_margin_change": -0.008423445731832624
    },
    {
      "date": "2021-12-26T00:00:00",
      "quarter_label": "2021-12 (Q4)",
      "revenue": 528885000,
      "gross_profit": null,
      "operating_income": 38165000,
      "net_income": 24623000,
      "opex": 490720000,
      "cogs": null,
      "rd": null,
      "sga": null,
      "fcf": -36180000,
      "ocf": -8949000,
      "capex": -27231000,
      "gross_margin": null,
      "op_margin": 0.07216124488310313,
      "fcf_margin": -0.06840806602569556,
      "incr_op_margin_yoy": 0.3126079154958188,
      "rev_growth_yoy": 0.125739925203965,
      "op_leverage_ratio": 0.9016989664116326,
      "fcf_margin_change": -0.15774232502854668
    },
    {
      "date": "2022-03-27T00:00:00",
      "quarter_label": "2022-03 (Q1)",
      "revenue": 542692000,
      "gross_profit": null,
      "operating_income": 14435000,
      "net_income": 10494000,
      "opex": 517097000,
      "cogs": null,
      "rd": null,
      "sga": null,
      "fcf": 15161000,
      "ocf": 25394000,
      "capex": -10233000,
      "gross_margin": null,
      "op_margin": 0.026598881133313188,
      "fcf_margin": 0.02793665651972021,
      "incr_op_margin_yoy": -1.047857558327409,
      "rev_growth_yoy": 0.06047140573643956,
      "rev_growth_yoy_accel": -0.06526851946752543,
      "op_leverage_ratio": 0.4856757664593773,
      "fcf_margin_change": 0.09634472254541576
    },
    {
      "date": "2022-06-26T00:00:00",
      "quarter_label": "2022-06 (Q2)",
      "revenue": 522665000,
      "gross_profit": null,
      "operating_income": 38904000,
      "net_income": 25433000,
      "opex": 483761000,
      "cogs": null,
      "rd": null,
      "sga": null,
      "fcf": -320000,
      "ocf": 20191000,
      "capex": -20511000,
      "gross_margin": null,
      "op_margin": 0.07443391082241971,
      "fcf_margin": -0.0006122468502769461,
      "incr_op_margin_yoy": -0.7487266553480475,
      "rev_growth_yoy": 0.014867730210016155,
      "rev_growth_yoy_accel": -0.04560367552642341,
      "fcf_margin_change": -0.028548903369997155
    },
    {
      "date": "2022-09-25T00:00:00",
      "quarter_label": "2022-09 (Q3)",
      "revenue": 510512000,
      "gross_profit": null,
      "operating_income": 19461000,
      "net_income": 8331000,
      "opex": 490146000,
      "cogs": null,
      "rd": null,
      "sga": null,
      "fcf": 13288000,
      "ocf": 30968000,
      "capex": -17680000,
      "gross_margin": null,
      "op_margin": 0.0381205534835616,
      "fcf_margin": 0.02602877111605604,
      "incr_op_margin_yoy": 8.42114537444934,
      "rev_growth_yoy": -0.004426832455117379,
      "rev_growth_yoy_accel": -0.019294562665133533,
      "fcf_margin_change": 0.026641017966332985
    },
    {
      "date": "2022-12-25T00:00:00",
      "quarter_label": "2022-12 (Q4)",
      "revenue": 526234000,
      "gross_profit": null,
      "operating_income": 36230000,
      "net_income": 23514000,
      "opex": 490004000,
      "cogs": null,
      "rd": null,
      "sga": null,
      "fcf": 11288000,
      "ocf": 41255000,
      "capex": -29967000,
      "gross_margin": null,
      "op_margin": 0.0688476989324141,
      "fcf_margin": 0.021450533412892363,
      "incr_op_margin_yoy": 0.7299132402866843,
      "rev_growth_yoy": -0.005012431814099473,
      "rev_growth_yoy_accel": -0.0005855993589820941,
      "op_leverage_ratio": Infinity,
      "fcf_margin_change": -0.0045782377031636755
    },
    {
      "date": "2023-03-26T00:00:00",
      "quarter_label": "2023-03 (Q1)",
      "revenue": 527049000,
      "gross_profit": null,
      "operating_income": 37796000,
      "net_income": 22376000,
      "opex": 489253000,
      "cogs": null,
      "rd": null,
      "sga": null,
      "fcf": 22378000,
      "ocf": 40788000,
      "capex": -18410000,
      "gross_margin": null,
      "op_margin": 0.07171249731998353,
      "fcf_margin": 0.0424590502970312,
      "incr_op_margin_yoy": -1.4933836220673784,
      "rev_growth_yoy": -0.028824821445681898,
      "rev_growth_yoy_accel": -0.023812389631582425,
      "fcf_margin_change": 0.02100851688413884
    },
    {
      "date": "2023-06-25T00:00:00",
      "quarter_label": "2023-06 (Q2)",
      "revenue": 514530000,
      "gross_profit": null,
      "operating_income": 34912000,
      "net_income": 17768000,
      "opex": 479618000,
      "cogs": null,
      "rd": null,
      "sga": null,
      "fcf": 36598000,
      "ocf": 52947000,
      "capex": -16349000,
      "gross_margin": null,
      "op_margin": 0.06785221464248926,
      "fcf_margin": 0.07112899150681204,
      "incr_op_margin_yoy": 0.49071911493546405,
      "rev_growth_yoy": -0.015564462896884238,
      "rev_growth_yoy_accel": 0.01326035854879766,
      "fcf_margin_change": 0.028669941209780836
    },
    {
      "date": "2023-09-24T00:00:00",
      "quarter_label": "2023-09 (Q3)",
      "revenue": 522812000,
      "gross_profit": null,
      "operating_income": 31868000,
      "net_income": 15861000,
      "opex": 490944000,
      "cogs": null,
      "rd": null,
      "sga": null,
      "fcf": 17055000,
      "ocf": 33201000,
      "capex": -16146000,
      "gross_margin": null,
      "op_margin": 0.06095498955647537,
      "fcf_margin": 0.03262166897469836,
      "incr_op_margin_yoy": 1.00869918699187,
      "rev_growth_yoy": 0.02409345911555458,
      "rev_growth_yoy_accel": 0.03965792201243882,
      "op_leverage_ratio": 0.6816217515743337,
      "fcf_margin_change": -0.038507322532113676
    },
    {
      "date": "2023-12-31T00:00:00",
      "quarter_label": "2023-12 (Q4)",
      "revenue": 571322000,
      "gross_profit": null,
      "operating_income": 42566000,
      "net_income": 26093000,
      "opex": 528756000,
      "cogs": null,
      "rd": null,
      "sga": null,
      "fcf": 40404000,
      "ocf": 66119000,
      "capex": -25715000,
      "gross_margin": null,
      "op_margin": 0.0745043950696805,
      "fcf_margin": 0.07072018931530731,
      "incr_op_margin_yoy": 0.14052519517388218,
      "rev_growth_yoy": 0.08568051475199245,
      "rev_growth_yoy_accel": 0.061587055636437876,
      "op_leverage_ratio": 1.2047253109228653,
      "fcf_margin_change": 0.03809852034060895
    },
    {
      "date": "2024-03-31T00:00:00",
      "quarter_label": "2024-03 (Q1)",
      "revenue": 513916000,
      "gross_profit": 146250000,
      "operating_income": 33718000,
      "net_income": 14636000,
      "opex": 480198000,
      "cogs": 367666000,
      "rd": null,
      "sga": null,
      "fcf": -1071000,
      "ocf": 11987000,
      "capex": -13058000,
      "gross_margin": 0.2845795810988566,
      "op_margin": 0.065609944037547,
      "fcf_margin": -0.0020839981631239346,
      "incr_op_margin_yoy": 0.31051549531714,
      "rev_growth_yoy": -0.024917986752654876,
      "rev_growth_yoy_accel": -0.11059850150464733,
      "fcf_margin_change": -0.07280418747843125
    },
    {
      "date": "2024-06-30T00:00:00",
      "quarter_label": "2024-06 (Q2)",
      "revenue": 507894000,
      "gross_profit": 144856000,
      "operating_income": 28226000,
      "net_income": 12243000,
      "opex": 479668000,
      "cogs": 363038000,
      "rd": null,
      "sga": null,
      "fcf": 13873000,
      "ocf": 29970000,
      "capex": -16097000,
      "gross_margin": 0.28520911843809926,
      "op_margin": 0.05557458839836659,
      "fcf_margin": 0.027314754653530067,
      "incr_op_margin_yoy": 1.0075346594333936,
      "rev_growth_yoy": -0.012897207159932365,
      "rev_growth_yoy_accel": 0.01202077959272251,
      "fcf_margin_change": 0.029398752816654
    },
    {
      "date": "2024-09-29T00:00:00",
      "quarter_label": "2024-09 (Q3)",
      "revenue": 506807000,
      "gross_profit": 136728000,
      "operating_income": 65229000,
      "net_income": 41808000,
      "opex": 441578000,
      "cogs": 370079000,
      "rd": null,
      "sga": null,
      "fcf": -3849000,
      "ocf": 13927000,
      "capex": -17776000,
      "gross_margin": 0.26978317189778356,
      "op_margin": 0.12870579924902378,
      "fcf_margin": -0.007594607020029321,
      "incr_op_margin_yoy": -2.0844111215245236,
      "rev_growth_yoy": -0.030613298853125023,
      "rev_growth_yoy_accel": -0.01771609169319266,
      "fcf_margin_change": -0.03490936167355939
    },
    {
      "date": "2024-12-29T00:00:00",
      "quarter_label": "2024-12 (Q4)",
      "revenue": 530770000,
      "gross_profit": 153127000,
      "operating_income": 29531000,
      "net_income": 14799000,
      "opex": 501239000,
      "cogs": 377643000,
      "rd": null,
      "sga": null,
      "fcf": 25195000,
      "ocf": 50748000,
      "capex": -25553000,
      "gross_margin": 0.28849972681199015,
      "op_margin": 0.05563803530719521,
      "fcf_margin": 0.04746877178438872,
      "incr_op_margin_yoy": 0.32143913986979683,
      "rev_growth_yoy": -0.07097923762781759,
      "rev_growth_yoy_accel": -0.040365938774692564,
      "op_leverage_ratio": 0.3499576428922687,
      "fcf_margin_change": 0.05506337880441804
    },
    {
      "date": "2025-03-30T00:00:00",
      "quarter_label": "2025-03 (Q1)",
      "revenue": 518309000,
      "gross_profit": 151813000,
      "operating_income": 23965000,
      "net_income": 9222000,
      "opex": 494344000,
      "cogs": 366496000,
      "rd": null,
      "sga": null,
      "fcf": 19105000,
      "ocf": 31336000,
      "capex": -12231000,
      "gross_margin": 0.292900567036266,
      "op_margin": 0.04623689729485693,
      "fcf_margin": 0.03686025131726441,
      "incr_op_margin_yoy": -2.220122922831778,
      "rev_growth_yoy": 0.008548089571058305,
      "rev_growth_yoy_accel": 0.0795273271988759,
      "fcf_margin_change": -0.010608520467124308
    },
    {
      "date": "2025-06-29T00:00:00",
      "quarter_label": "2025-06 (Q2)",
      "revenue": 529166000,
      "gross_profit": 157450000,
      "operating_income": 24490000,
      "net_income": 9531000,
      "opex": 504676000,
      "cogs": 371716000,
      "rd": null,
      "sga": null,
      "fcf": 17433000,
      "ocf": 35507000,
      "capex": -18074000,
      "gross_margin": 0.29754368194479613,
      "op_margin": 0.04628037326661199,
      "fcf_margin": 0.032944293473125635,
      "incr_op_margin_yoy": -0.1756299360661903,
      "rev_growth_yoy": 0.04188275506306434,
      "rev_growth_yoy_accel": 0.03333466549200603,
      "op_leverage_ratio": 1.0022266749970712,
      "fcf_margin_change": -0.003915957844138777
    },
    {
      "date": "2025-09-28T00:00:00",
      "quarter_label": "2025-09 (Q3)",
      "revenue": 508154000,
      "gross_profit": 139024000,
      "operating_income": 16171000,
      "net_income": 4707000,
      "opex": 491983000,
      "cogs": 369130000,
      "rd": null,
      "sga": null,
      "fcf": 22652000,
      "ocf": 39349000,
      "capex": -16697000,
      "gross_margin": 0.2735863537431566,
      "op_margin": 0.0318230300263306,
      "fcf_margin": 0.044577037669682816,
      "incr_op_margin_yoy": -36.42019302152932,
      "rev_growth_yoy": 0.0026578164863547663,
      "rev_growth_yoy_accel": -0.03922493857670957,
      "fcf_margin_change": 0.01163274419655718
    }
  ],
  "signals": [
    {
      "quarter": "2025-03 (Q1)",
      "signal": "YoY REVENUE GROWTH ACCELERATION",
      "detail": "YoY growth: +0.9% vs prior quarter YoY: -7.1% (accel: +8.0%)",
      "severity": "MEDIUM"
    },
    {
      "quarter": "2024-12 (Q4)",
      "signal": "FCF TURNED POSITIVE",
      "detail": "FCF margin: -0.8% -> +4.7%",
      "severity": "HIGH"
    },
    {
      "quarter": "2024-12 (Q4)",
      "signal": "INCREMENTAL MARGIN (YoY)",
      "detail": "YoY Incr OPM: +32.1% vs year-ago OPM: +7.5%",
      "severity": "HIGH"
    },
    {
      "quarter": "2024-06 (Q2)",
      "signal": "FCF TURNED POSITIVE",
      "detail": "FCF margin: -0.2% -> +2.7%",
      "severity": "HIGH"
    },
    {
      "quarter": "2024-06 (Q2)",
      "signal": "INCREMENTAL MARGIN (YoY)",
      "detail": "YoY Incr OPM: +100.8% vs year-ago OPM: +6.8%",
      "severity": "HIGH"
    },
    {
      "quarter": "2024-03 (Q1)",
      "signal": "YoY REVENUE GROWTH DECELERATION",
      "detail": "YoY growth: -2.5% vs prior quarter YoY: +8.6% (decel: -11.1%)",
      "severity": "WARNING"
    },
    {
      "quarter": "2024-03 (Q1)",
      "signal": "INCREMENTAL MARGIN (YoY)",
      "detail": "YoY Incr OPM: +31.1% vs year-ago OPM: +7.2%",
      "severity": "HIGH"
    },
    {
      "quarter": "2023-12 (Q4)",
      "signal": "YoY REVENUE GROWTH ACCELERATION",
      "detail": "YoY growth: +8.6% vs prior quarter YoY: +2.4% (accel: +6.2%)",
      "severity": "MEDIUM"
    },
    {
      "quarter": "2023-09 (Q3)",
      "signal": "INCREMENTAL MARGIN (YoY)",
      "detail": "YoY Incr OPM: +100.9% vs year-ago OPM: +3.8%",
      "severity": "HIGH"
    },
    {
      "quarter": "2023-06 (Q2)",
      "signal": "INCREMENTAL MARGIN (YoY)",
      "detail": "YoY Incr OPM: +49.1% vs year-ago OPM: +7.4%",
      "severity": "HIGH"
    },
    {
      "quarter": "2022-12 (Q4)",
      "signal": "INCREMENTAL MARGIN (YoY)",
      "detail": "YoY Incr OPM: +73.0% vs year-ago OPM: +7.2%",
      "severity": "HIGH"
    },
    {
      "quarter": "2022-09 (Q3)",
      "signal": "FCF TURNED POSITIVE",
      "detail": "FCF margin: -0.1% -> +2.6%",
      "severity": "HIGH"
    },
    {
      "quarter": "2022-09 (Q3)",
      "signal": "INCREMENTAL MARGIN (YoY)",
      "detail": "YoY Incr OPM: +842.1% vs year-ago OPM: +7.5%",
      "severity": "HIGH"
    },
    {
      "quarter": "2022-03 (Q1)",
      "signal": "FCF TURNED POSITIVE",
      "detail": "FCF margin: -6.8% -> +2.8%",
      "severity": "HIGH"
    },
    {
      "quarter": "2022-03 (Q1)",
      "signal": "YoY REVENUE GROWTH DECELERATION",
      "detail": "YoY growth: +6.0% vs prior quarter YoY: +12.6% (decel: -6.5%)",
      "severity": "WARNING"
    },
    {
      "quarter": "2021-12 (Q4)",
      "signal": "INCREMENTAL MARGIN (YoY)",
      "detail": "YoY Incr OPM: +31.3% vs year-ago OPM: +4.2%",
      "severity": "HIGH"
    },
    {
      "quarter": "2021-03 (Q1)",
      "signal": "FCF MARGIN EXPANSION",
      "detail": "FCF margin: +1.4% -> +11.0% (+9.6%)",
      "severity": "MEDIUM"
    },
    {
      "quarter": "2021-03 (Q1)",
      "signal": "OPERATING LEVERAGE",
      "detail": "Rev growth +8.9% vs OpEx growth +3.3% (leverage: 2.7x)",
      "severity": "MEDIUM"
    }
  ],
  "data_quality": {
    "n_quarters": 20,
    "coverage": {
      "revenue": [
        20,
        20
      ],
      "gross_profit": [
        7,
        20
      ],
      "op_income": [
        20,
        20
      ],
      "fcf": [
        20,
        20
      ]
    },
    "gaps": [],
    "warnings": [
      "gross_profit: 7/20Q"
    ]
  },
  "market_cap": null,
  "source": "SEC EDGAR",
  "last_updated": "2026-02-02T21:56:09.890918"
}