{
  "ticker": "QCRH",
  "name": "QCR HOLDINGS, INC.",
  "quarters": [
    {
      "date": "2019-12-31T00:00:00",
      "quarter_label": "2019-12 (Q4)",
      "revenue": 82781000,
      "gross_profit": null,
      "operating_income": null,
      "net_income": null,
      "opex": null,
      "cogs": null,
      "rd": null,
      "sga": null,
      "fcf": null,
      "ocf": null,
      "capex": null,
      "gross_margin": null,
      "op_margin": null,
      "fcf_margin": null
    },
    {
      "date": "2020-03-31T00:00:00",
      "quarter_label": "2020-03 (Q1)",
      "revenue": 64178000,
      "gross_profit": null,
      "operating_income": null,
      "net_income": null,
      "opex": null,
      "cogs": null,
      "rd": null,
      "sga": null,
      "fcf": null,
      "ocf": null,
      "capex": null,
      "gross_margin": null,
      "op_margin": null,
      "fcf_margin": null
    },
    {
      "date": "2020-06-30T00:00:00",
      "quarter_label": "2020-06 (Q2)",
      "revenue": 77276000,
      "gross_profit": null,
      "operating_income": null,
      "net_income": null,
      "opex": null,
      "cogs": null,
      "rd": null,
      "sga": null,
      "fcf": null,
      "ocf": null,
      "capex": null,
      "gross_margin": null,
      "op_margin": null,
      "fcf_margin": null
    },
    {
      "date": "2020-09-30T00:00:00",
      "quarter_label": "2020-09 (Q3)",
      "revenue": 88849000,
      "gross_profit": null,
      "operating_income": null,
      "net_income": null,
      "opex": null,
      "cogs": null,
      "rd": null,
      "sga": null,
      "fcf": null,
      "ocf": null,
      "capex": null,
      "gross_margin": null,
      "op_margin": null,
      "fcf_margin": null
    },
    {
      "date": "2020-12-31T00:00:00",
      "quarter_label": "2020-12 (Q4)",
      "revenue": 81868000,
      "gross_profit": null,
      "operating_income": null,
      "net_income": 18271000,
      "opex": null,
      "cogs": null,
      "rd": null,
      "sga": null,
      "fcf": -19157000,
      "ocf": -17139000,
      "capex": -2018000,
      "gross_margin": null,
      "op_margin": null,
      "fcf_margin": -0.23399863194410514,
      "rev_growth_yoy": -0.01102910088063686
    },
    {
      "date": "2021-03-31T00:00:00",
      "quarter_label": "2021-03 (Q1)",
      "revenue": 71054000,
      "gross_profit": null,
      "operating_income": null,
      "net_income": 17982000,
      "opex": null,
      "cogs": null,
      "rd": null,
      "sga": null,
      "fcf": 9343000,
      "ocf": 11143000,
      "capex": -1800000,
      "gross_margin": null,
      "op_margin": null,
      "fcf_margin": 0.13149154164438315,
      "rev_growth_yoy": 0.10713951821496463,
      "rev_growth_yoy_accel": 0.11816861909560149,
      "fcf_margin_change": 0.3654901735884883
    },
    {
      "date": "2021-06-30T00:00:00",
      "quarter_label": "2021-06 (Q2)",
      "revenue": 68199000,
      "gross_profit": null,
      "operating_income": null,
      "net_income": 22349000,
      "opex": null,
      "cogs": null,
      "rd": null,
      "sga": null,
      "fcf": 18619000,
      "ocf": 21592000,
      "capex": -2973000,
      "gross_margin": null,
      "op_margin": null,
      "fcf_margin": 0.2730098681798853,
      "rev_growth_yoy": -0.11746208395879704,
      "rev_growth_yoy_accel": -0.22460160217376168,
      "fcf_margin_change": 0.14151832653550217
    },
    {
      "date": "2021-09-30T00:00:00",
      "quarter_label": "2021-09 (Q3)",
      "revenue": 86319000,
      "gross_profit": null,
      "operating_income": null,
      "net_income": 31565000,
      "opex": null,
      "cogs": null,
      "rd": null,
      "sga": null,
      "fcf": 28480000,
      "ocf": 31573000,
      "capex": -3093000,
      "gross_margin": null,
      "op_margin": null,
      "fcf_margin": 0.3299389473928104,
      "rev_growth_yoy": -0.028475278281128655,
      "rev_growth_yoy_accel": 0.08898680567766838,
      "fcf_margin_change": 0.05692907921292506
    },
    {
      "date": "2021-12-31T00:00:00",
      "quarter_label": "2021-12 (Q4)",
      "revenue": 75005000,
      "gross_profit": null,
      "operating_income": null,
      "net_income": 27009000,
      "opex": null,
      "cogs": null,
      "rd": null,
      "sga": null,
      "fcf": 17795000,
      "ocf": 23910000,
      "capex": -6115000,
      "gross_margin": null,
      "op_margin": null,
      "fcf_margin": 0.23725084994333712,
      "rev_growth_yoy": -0.08383006791420335,
      "rev_growth_yoy_accel": -0.05535478963307469,
      "fcf_margin_change": -0.09268809744947326
    },
    {
      "date": "2022-03-31T00:00:00",
      "quarter_label": "2022-03 (Q1)",
      "revenue": 66695000,
      "gross_profit": null,
      "operating_income": null,
      "net_income": 23624000,
      "opex": null,
      "cogs": null,
      "rd": null,
      "sga": null,
      "fcf": 3518000,
      "ocf": 6946000,
      "capex": -3428000,
      "gross_margin": null,
      "op_margin": null,
      "fcf_margin": 0.05274758227753205,
      "rev_growth_yoy": -0.06134770737748754,
      "rev_growth_yoy_accel": 0.022482360536715804,
      "fcf_margin_change": -0.18450326766580508
    },
    {
      "date": "2022-06-30T00:00:00",
      "quarter_label": "2022-06 (Q2)",
      "revenue": 90987000,
      "gross_profit": null,
      "operating_income": null,
      "net_income": 15242000,
      "opex": null,
      "cogs": null,
      "rd": null,
      "sga": null,
      "fcf": 26147000,
      "ocf": 46684000,
      "capex": -20537000,
      "gross_margin": null,
      "op_margin": null,
      "fcf_margin": 0.28737072329014035,
      "rev_growth_yoy": 0.33413979677121364,
      "rev_growth_yoy_accel": 0.39548750414870115,
      "fcf_margin_change": 0.2346231410126083
    },
    {
      "date": "2022-09-30T00:00:00",
      "quarter_label": "2022-09 (Q3)",
      "revenue": 100362000,
      "gross_profit": null,
      "operating_income": null,
      "net_income": 29294000,
      "opex": null,
      "cogs": null,
      "rd": null,
      "sga": null,
      "fcf": 19850000,
      "ocf": 23004000,
      "capex": -3154000,
      "gross_margin": null,
      "op_margin": null,
      "fcf_margin": 0.19778402184093583,
      "rev_growth_yoy": 0.16268724151113892,
      "rev_growth_yoy_accel": -0.17145255526007472,
      "fcf_margin_change": -0.08958670144920453
    },
    {
      "date": "2022-12-31T00:00:00",
      "quarter_label": "2022-12 (Q4)",
      "revenue": 115256000,
      "gross_profit": null,
      "operating_income": null,
      "net_income": 30906000,
      "opex": null,
      "cogs": null,
      "rd": null,
      "sga": null,
      "fcf": 35923000,
      "ocf": 42065000,
      "capex": -6142000,
      "gross_margin": null,
      "op_margin": null,
      "fcf_margin": 0.3116800860692719,
      "rev_growth_yoy": 0.5366442237184188,
      "rev_growth_yoy_accel": 0.3739569822072799,
      "fcf_margin_change": 0.11389606422833606
    },
    {
      "date": "2023-03-31T00:00:00",
      "quarter_label": "2023-03 (Q1)",
      "revenue": 120059000,
      "gross_profit": null,
      "operating_income": null,
      "net_income": 27157000,
      "opex": null,
      "cogs": null,
      "rd": null,
      "sga": null,
      "fcf": 20065000,
      "ocf": 21764000,
      "capex": -1699000,
      "gross_margin": null,
      "op_margin": null,
      "fcf_margin": 0.16712616296987315,
      "rev_growth_yoy": 0.8001199490216658,
      "rev_growth_yoy_accel": 0.26347572530324703,
      "fcf_margin_change": -0.14455392309939874
    },
    {
      "date": "2023-06-30T00:00:00",
      "quarter_label": "2023-06 (Q2)",
      "revenue": 130897000,
      "gross_profit": null,
      "operating_income": null,
      "net_income": 28425000,
      "opex": null,
      "cogs": null,
      "rd": null,
      "sga": null,
      "fcf": 35662000,
      "ocf": 38693000,
      "capex": -3031000,
      "gross_margin": null,
      "op_margin": null,
      "fcf_margin": 0.27244321871395066,
      "rev_growth_yoy": 0.4386340905843692,
      "rev_growth_yoy_accel": -0.36148585843729664,
      "fcf_margin_change": 0.10531705574407751
    },
    {
      "date": "2023-09-30T00:00:00",
      "quarter_label": "2023-09 (Q3)",
      "revenue": 135161000,
      "gross_profit": null,
      "operating_income": null,
      "net_income": 25121000,
      "opex": null,
      "cogs": null,
      "rd": null,
      "sga": null,
      "fcf": 21599000,
      "ocf": 24892000,
      "capex": -3293000,
      "gross_margin": null,
      "op_margin": null,
      "fcf_margin": 0.15980201389454057,
      "rev_growth_yoy": 0.3467348199517746,
      "rev_growth_yoy_accel": -0.09189927063259462,
      "fcf_margin_change": -0.11264120481941009
    },
    {
      "date": "2023-12-31T00:00:00",
      "quarter_label": "2023-12 (Q4)",
      "revenue": 159977000,
      "gross_profit": null,
      "operating_income": null,
      "net_income": 32855000,
      "opex": null,
      "cogs": null,
      "rd": null,
      "sga": null,
      "fcf": 284052000,
      "ocf": 290974000,
      "capex": -6922000,
      "gross_margin": null,
      "op_margin": null,
      "fcf_margin": 1.775580239659451,
      "rev_growth_yoy": 0.38801450683695426,
      "rev_growth_yoy_accel": 0.04127968688517969,
      "fcf_margin_change": 1.6157782257649105
    },
    {
      "date": "2024-03-31T00:00:00",
      "quarter_label": "2024-03 (Q1)",
      "revenue": 141907000,
      "gross_profit": null,
      "operating_income": null,
      "net_income": 26726000,
      "opex": null,
      "cogs": null,
      "rd": null,
      "sga": null,
      "fcf": -9398000,
      "ocf": 2744000,
      "capex": -12142000,
      "gross_margin": null,
      "op_margin": null,
      "fcf_margin": -0.06622647226704814,
      "rev_growth_yoy": 0.18197719454601488,
      "rev_growth_yoy_accel": -0.20603731229093938,
      "fcf_margin_change": -1.8418067119264991
    },
    {
      "date": "2024-06-30T00:00:00",
      "quarter_label": "2024-06 (Q2)",
      "revenue": 150635000,
      "gross_profit": null,
      "operating_income": null,
      "net_income": 29114000,
      "opex": null,
      "cogs": null,
      "rd": null,
      "sga": null,
      "fcf": 16171000,
      "ocf": 26343000,
      "capex": -10172000,
      "gross_margin": null,
      "op_margin": null,
      "fcf_margin": 0.1073522089819763,
      "rev_growth_yoy": 0.15079031605002408,
      "rev_growth_yoy_accel": -0.031186878495990805,
      "fcf_margin_change": 0.17357868124902442
    },
    {
      "date": "2024-09-30T00:00:00",
      "quarter_label": "2024-09 (Q3)",
      "revenue": 152577000,
      "gross_profit": null,
      "operating_income": null,
      "net_income": 27785000,
      "opex": null,
      "cogs": null,
      "rd": null,
      "sga": null,
      "fcf": 229893000,
      "ocf": 238121000,
      "capex": -8228000,
      "gross_margin": null,
      "op_margin": null,
      "fcf_margin": 1.5067343046461787,
      "rev_growth_yoy": 0.12885373739466266,
      "rev_growth_yoy_accel": -0.021936578655361416,
      "fcf_margin_change": 1.3993820956642025
    }
  ],
  "signals": [
    {
      "quarter": "2024-09 (Q3)",
      "signal": "FCF MARGIN EXPANSION",
      "detail": "FCF margin: +10.7% -> +150.7% (+139.9%)",
      "severity": "MEDIUM"
    },
    {
      "quarter": "2024-06 (Q2)",
      "signal": "FCF TURNED POSITIVE",
      "detail": "FCF margin: -6.6% -> +10.7%",
      "severity": "HIGH"
    },
    {
      "quarter": "2024-03 (Q1)",
      "signal": "YoY REVENUE GROWTH DECELERATION",
      "detail": "YoY growth: +18.2% vs prior quarter YoY: +38.8% (decel: -20.6%)",
      "severity": "WARNING"
    },
    {
      "quarter": "2023-12 (Q4)",
      "signal": "FCF MARGIN EXPANSION",
      "detail": "FCF margin: +16.0% -> +177.6% (+161.6%)",
      "severity": "MEDIUM"
    },
    {
      "quarter": "2023-09 (Q3)",
      "signal": "YoY REVENUE GROWTH DECELERATION",
      "detail": "YoY growth: +34.7% vs prior quarter YoY: +43.9% (decel: -9.2%)",
      "severity": "WARNING"
    },
    {
      "quarter": "2023-06 (Q2)",
      "signal": "FCF MARGIN EXPANSION",
      "detail": "FCF margin: +16.7% -> +27.2% (+10.5%)",
      "severity": "MEDIUM"
    },
    {
      "quarter": "2023-06 (Q2)",
      "signal": "YoY REVENUE GROWTH DECELERATION",
      "detail": "YoY growth: +43.9% vs prior quarter YoY: +80.0% (decel: -36.1%)",
      "severity": "WARNING"
    },
    {
      "quarter": "2023-03 (Q1)",
      "signal": "YoY REVENUE GROWTH ACCELERATION",
      "detail": "YoY growth: +80.0% vs prior quarter YoY: +53.7% (accel: +26.3%)",
      "severity": "HIGH"
    },
    {
      "quarter": "2022-12 (Q4)",
      "signal": "FCF MARGIN EXPANSION",
      "detail": "FCF margin: +19.8% -> +31.2% (+11.4%)",
      "severity": "MEDIUM"
    },
    {
      "quarter": "2022-12 (Q4)",
      "signal": "YoY REVENUE GROWTH ACCELERATION",
      "detail": "YoY growth: +53.7% vs prior quarter YoY: +16.3% (accel: +37.4%)",
      "severity": "HIGH"
    },
    {
      "quarter": "2022-09 (Q3)",
      "signal": "YoY REVENUE GROWTH DECELERATION",
      "detail": "YoY growth: +16.3% vs prior quarter YoY: +33.4% (decel: -17.1%)",
      "severity": "WARNING"
    },
    {
      "quarter": "2022-06 (Q2)",
      "signal": "FCF MARGIN EXPANSION",
      "detail": "FCF margin: +5.3% -> +28.7% (+23.5%)",
      "severity": "MEDIUM"
    },
    {
      "quarter": "2022-06 (Q2)",
      "signal": "YoY REVENUE GROWTH ACCELERATION",
      "detail": "YoY growth: +33.4% vs prior quarter YoY: -6.1% (accel: +39.5%)",
      "severity": "HIGH"
    },
    {
      "quarter": "2021-12 (Q4)",
      "signal": "YoY REVENUE GROWTH DECELERATION",
      "detail": "YoY growth: -8.4% vs prior quarter YoY: -2.8% (decel: -5.5%)",
      "severity": "WARNING"
    },
    {
      "quarter": "2021-09 (Q3)",
      "signal": "FCF MARGIN EXPANSION",
      "detail": "FCF margin: +27.3% -> +33.0% (+5.7%)",
      "severity": "MEDIUM"
    },
    {
      "quarter": "2021-09 (Q3)",
      "signal": "YoY REVENUE GROWTH ACCELERATION",
      "detail": "YoY growth: -2.8% vs prior quarter YoY: -11.7% (accel: +8.9%)",
      "severity": "MEDIUM"
    },
    {
      "quarter": "2021-06 (Q2)",
      "signal": "FCF MARGIN EXPANSION",
      "detail": "FCF margin: +13.1% -> +27.3% (+14.2%)",
      "severity": "MEDIUM"
    },
    {
      "quarter": "2021-06 (Q2)",
      "signal": "YoY REVENUE GROWTH DECELERATION",
      "detail": "YoY growth: -11.7% vs prior quarter YoY: +10.7% (decel: -22.5%)",
      "severity": "WARNING"
    },
    {
      "quarter": "2021-03 (Q1)",
      "signal": "FCF TURNED POSITIVE",
      "detail": "FCF margin: -23.4% -> +13.1%",
      "severity": "HIGH"
    },
    {
      "quarter": "2021-03 (Q1)",
      "signal": "YoY REVENUE GROWTH ACCELERATION",
      "detail": "YoY growth: +10.7% vs prior quarter YoY: -1.1% (accel: +11.8%)",
      "severity": "MEDIUM"
    }
  ],
  "data_quality": {
    "n_quarters": 20,
    "coverage": {
      "revenue": [
        20,
        20
      ],
      "gross_profit": [
        0,
        20
      ],
      "op_income": [
        0,
        20
      ],
      "fcf": [
        16,
        20
      ]
    },
    "gaps": [],
    "warnings": [
      "gross_profit: no data",
      "op_income: no data"
    ]
  },
  "market_cap": null,
  "source": "SEC EDGAR",
  "last_updated": "2026-02-02T21:48:58.285684"
}