{
  "ticker": "QIND",
  "name": "Quality Industrial Corp.",
  "quarters": [
    {
      "date": "2022-06-30T00:00:00",
      "quarter_label": "2022-06 (Q2)",
      "revenue": 18216000,
      "gross_profit": 5378000,
      "operating_income": -90656,
      "net_income": 245443,
      "opex": 90656,
      "cogs": 12829000,
      "rd": 58516,
      "sga": 19734,
      "fcf": -140281,
      "ocf": -140281,
      "capex": null,
      "gross_margin": 0.29523495827843654,
      "op_margin": -0.004976723759332455,
      "fcf_margin": -0.007700977162933684
    },
    {
      "date": "2022-09-30T00:00:00",
      "quarter_label": "2022-09 (Q3)",
      "revenue": 19126800,
      "gross_profit": 6645250,
      "operating_income": 2851362,
      "net_income": 2431115,
      "opex": 3793888,
      "cogs": 12481550,
      "rd": null,
      "sga": 3756616,
      "fcf": 538158,
      "ocf": 793158,
      "capex": -255000,
      "gross_margin": 0.34743135286613547,
      "op_margin": 0.14907679277244495,
      "fcf_margin": 0.02813633226676705,
      "op_leverage_ratio": 0.0012240118901543301,
      "fcf_margin_change": 0.03583730942970073
    },
    {
      "date": "2022-12-31T00:00:00",
      "quarter_label": "2022-12 (Q4)",
      "revenue": 28260873,
      "gross_profit": 9639882,
      "operating_income": 5515926,
      "net_income": 2565700,
      "opex": 4123956,
      "cogs": 18620991,
      "rd": null,
      "sga": 4123956,
      "fcf": -291827,
      "ocf": -291827,
      "capex": null,
      "gross_margin": 0.34110347546588526,
      "op_margin": 0.1951788962782572,
      "fcf_margin": -0.010326184898817528,
      "op_leverage_ratio": 5.489126579306859,
      "fcf_margin_change": -0.038462517165584575
    },
    {
      "date": "2023-03-31T00:00:00",
      "quarter_label": "2023-03 (Q1)",
      "revenue": 18157850,
      "gross_profit": 5453031,
      "operating_income": 3021621,
      "net_income": 2030710,
      "opex": 2431410,
      "cogs": 12704819,
      "rd": null,
      "sga": null,
      "fcf": -180769,
      "ocf": -180769,
      "capex": null,
      "gross_margin": 0.3003125920745022,
      "op_margin": 0.16640852303549153,
      "fcf_margin": -0.009955418730741801,
      "fcf_margin_change": 0.00037076616807572675
    },
    {
      "date": "2023-06-30T00:00:00",
      "quarter_label": "2023-06 (Q2)",
      "revenue": 21601906,
      "gross_profit": 7939550,
      "operating_income": 4610023,
      "net_income": 2852633,
      "opex": 3329527,
      "cogs": 13662355,
      "rd": 14220,
      "sga": null,
      "fcf": 1823571,
      "ocf": 1823571,
      "capex": null,
      "gross_margin": 0.3675393273167655,
      "op_margin": 0.21340815944667105,
      "fcf_margin": 0.08441713430287123,
      "incr_op_margin_yoy": 1.388307590346572,
      "rev_growth_yoy": 0.1858753842775582,
      "op_leverage_ratio": 0.5134889022234508,
      "fcf_margin_change": 0.09437255303361303
    },
    {
      "date": "2023-09-30T00:00:00",
      "quarter_label": "2023-09 (Q3)",
      "revenue": 22129973,
      "gross_profit": 7995368,
      "operating_income": 2987274,
      "net_income": 1859103,
      "opex": 5008094,
      "cogs": 14134605,
      "rd": null,
      "sga": null,
      "fcf": 1307065,
      "ocf": 2105790,
      "capex": -798725,
      "gross_margin": 0.3612913581051364,
      "op_margin": 0.1349876929357302,
      "fcf_margin": 0.05906310866262693,
      "incr_op_margin_yoy": 0.04525613409550499,
      "rev_growth_yoy": 0.15701387581822365,
      "rev_growth_yoy_accel": -0.02886150845933455,
      "op_leverage_ratio": 0.04848873081840473,
      "fcf_margin_change": -0.025354025640244304
    },
    {
      "date": "2024-03-31T00:00:00",
      "quarter_label": "2024-03 (Q1)",
      "revenue": 3086519,
      "gross_profit": 1144240,
      "operating_income": 470930,
      "net_income": 206690,
      "opex": 673310,
      "cogs": 1942279,
      "rd": null,
      "sga": null,
      "fcf": -173976,
      "ocf": -170860,
      "capex": -3116,
      "gross_margin": 0.3707218390685429,
      "op_margin": 0.15257641375283937,
      "fcf_margin": -0.056366411481672395,
      "incr_op_margin_yoy": 0.16924125679410795,
      "rev_growth_yoy": -0.8300173754051278,
      "rev_growth_yoy_accel": -0.9870312512233514,
      "fcf_margin_change": -0.11542952014429933
    },
    {
      "date": "2024-06-30T00:00:00",
      "quarter_label": "2024-06 (Q2)",
      "revenue": 3317206,
      "gross_profit": 1248498,
      "operating_income": 423068,
      "net_income": 130279,
      "opex": 825430,
      "cogs": 2068708,
      "rd": null,
      "sga": null,
      "fcf": 1408328,
      "ocf": 1408328,
      "capex": null,
      "gross_margin": 0.37637035505181166,
      "op_margin": 0.12753745169880917,
      "fcf_margin": 0.4245524697591889,
      "incr_op_margin_yoy": 0.22898680317423858,
      "rev_growth_yoy": -0.8464391984670242,
      "rev_growth_yoy_accel": -0.016421823061896434,
      "op_leverage_ratio": 0.33081326406655076,
      "fcf_margin_change": 0.4809188812408613
    },
    {
      "date": "2024-09-30T00:00:00",
      "quarter_label": "2024-09 (Q3)",
      "revenue": 2662050,
      "gross_profit": 1080762,
      "operating_income": -106821,
      "net_income": -469107,
      "opex": 1187583,
      "cogs": 1581288,
      "rd": null,
      "sga": null,
      "fcf": -193659,
      "ocf": -193659,
      "capex": null,
      "gross_margin": 0.4059886177945568,
      "op_margin": -0.040127345466839465,
      "fcf_margin": -0.07274807009635431,
      "incr_op_margin_yoy": 0.15893297913701426,
      "rev_growth_yoy": -0.8797083936794681,
      "rev_growth_yoy_accel": -0.03326919521244387,
      "fcf_margin_change": -0.49730053985554323
    },
    {
      "date": "2024-12-31T00:00:00",
      "quarter_label": "2024-12 (Q4)",
      "revenue": 5198311,
      "gross_profit": 1634003,
      "operating_income": 452757,
      "net_income": -368495,
      "opex": 1181246,
      "cogs": 3564308,
      "rd": null,
      "sga": null,
      "fcf": 111037,
      "ocf": 111037,
      "capex": null,
      "gross_margin": 0.3143334440744311,
      "op_margin": 0.08709694360341272,
      "fcf_margin": 0.021360207190373952,
      "op_leverage_ratio": Infinity,
      "fcf_margin_change": 0.09410827728672827
    },
    {
      "date": "2025-03-31T00:00:00",
      "quarter_label": "2025-03 (Q1)",
      "revenue": 3621473,
      "gross_profit": 955386,
      "operating_income": -947122,
      "net_income": -1406210,
      "opex": 1902508,
      "cogs": 2666087,
      "rd": 3507,
      "sga": null,
      "fcf": -334816,
      "ocf": -334816,
      "capex": null,
      "gross_margin": 0.263811438052969,
      "op_margin": -0.2615294936618332,
      "fcf_margin": -0.09245298805209924,
      "rev_growth_yoy": 0.17331952273742685,
      "fcf_margin_change": -0.11381319524247319
    },
    {
      "date": "2025-06-30T00:00:00",
      "quarter_label": "2025-06 (Q2)",
      "revenue": 4009461,
      "gross_profit": 1320106,
      "operating_income": 440459,
      "net_income": -195881,
      "opex": 879647,
      "cogs": 2689355,
      "rd": null,
      "sga": null,
      "fcf": -179784,
      "ocf": -179784,
      "capex": null,
      "gross_margin": 0.32924774676695945,
      "op_margin": 0.10985491566073345,
      "fcf_margin": -0.04483994232641245,
      "rev_growth_yoy": 0.20868616540546472,
      "rev_growth_yoy_accel": 0.03536664266803788,
      "op_leverage_ratio": Infinity,
      "fcf_margin_change": 0.04761304572568679
    },
    {
      "date": "2025-09-30T00:00:00",
      "quarter_label": "2025-09 (Q3)",
      "revenue": 3515873,
      "gross_profit": 1212444,
      "operating_income": -285805,
      "net_income": -264230,
      "opex": 1498249,
      "cogs": 2303429,
      "rd": null,
      "sga": null,
      "fcf": -1340733,
      "ocf": -1340733,
      "capex": null,
      "gross_margin": 0.3448486336110548,
      "op_margin": -0.08128991007354361,
      "fcf_margin": -0.3813371529631474,
      "rev_growth_yoy": 0.32073890422794465,
      "rev_growth_yoy_accel": 0.11205273882247993,
      "fcf_margin_change": -0.33649721063673493
    }
  ],
  "signals": [
    {
      "quarter": "2025-09 (Q3)",
      "signal": "YoY REVENUE GROWTH ACCELERATION",
      "detail": "YoY growth: +32.1% vs prior quarter YoY: +20.9% (accel: +11.2%)",
      "severity": "MEDIUM"
    },
    {
      "quarter": "2025-06 (Q2)",
      "signal": "GROSS MARGIN INFLECTION",
      "detail": "GM: +31.4% -> +26.4% -> +32.9% (reversal +6.5%)",
      "severity": "HIGH"
    },
    {
      "quarter": "2025-06 (Q2)",
      "signal": "OP MARGIN TURNED POSITIVE (QoQ)",
      "detail": "Op margin: -26.2% -> +11.0%",
      "severity": "HIGH"
    },
    {
      "quarter": "2024-12 (Q4)",
      "signal": "FCF TURNED POSITIVE",
      "detail": "FCF margin: -7.3% -> +2.1%",
      "severity": "HIGH"
    },
    {
      "quarter": "2024-12 (Q4)",
      "signal": "OP MARGIN TURNED POSITIVE (QoQ)",
      "detail": "Op margin: -4.0% -> +8.7%",
      "severity": "HIGH"
    },
    {
      "quarter": "2024-06 (Q2)",
      "signal": "FCF TURNED POSITIVE",
      "detail": "FCF margin: -5.6% -> +42.5%",
      "severity": "HIGH"
    },
    {
      "quarter": "2024-03 (Q1)",
      "signal": "YoY REVENUE GROWTH DECELERATION",
      "detail": "YoY growth: -83.0% vs prior quarter YoY: +15.7% (decel: -98.7%)",
      "severity": "WARNING"
    },
    {
      "quarter": "2023-06 (Q2)",
      "signal": "FCF TURNED POSITIVE",
      "detail": "FCF margin: -1.0% -> +8.4%",
      "severity": "HIGH"
    },
    {
      "quarter": "2023-06 (Q2)",
      "signal": "GROSS MARGIN INFLECTION",
      "detail": "GM: +34.1% -> +30.0% -> +36.8% (reversal +6.7%)",
      "severity": "HIGH"
    },
    {
      "quarter": "2023-06 (Q2)",
      "signal": "OP MARGIN TURNED POSITIVE (YoY)",
      "detail": "Op margin: -0.5% (year-ago) -> +21.3%",
      "severity": "HIGH"
    },
    {
      "quarter": "2022-12 (Q4)",
      "signal": "OPERATING LEVERAGE",
      "detail": "Rev growth +47.8% vs OpEx growth +8.7% (leverage: 5.5x)",
      "severity": "MEDIUM"
    },
    {
      "quarter": "2022-09 (Q3)",
      "signal": "FCF TURNED POSITIVE",
      "detail": "FCF margin: -0.8% -> +2.8%",
      "severity": "HIGH"
    },
    {
      "quarter": "2022-09 (Q3)",
      "signal": "OP MARGIN TURNED POSITIVE (QoQ)",
      "detail": "Op margin: -0.5% -> +14.9%",
      "severity": "HIGH"
    }
  ],
  "data_quality": {
    "n_quarters": 13,
    "coverage": {
      "revenue": [
        13,
        13
      ],
      "gross_profit": [
        13,
        13
      ],
      "op_income": [
        13,
        13
      ],
      "fcf": [
        13,
        13
      ]
    },
    "gaps": [
      [
        "2023-09 (Q3)",
        "2024-03 (Q1)",
        183
      ]
    ],
    "warnings": [
      "gap: 1Q missing between 2023-09 (Q3) and 2024-03 (Q1)"
    ]
  },
  "market_cap": null,
  "source": "SEC EDGAR",
  "last_updated": "2026-02-03T00:31:17.421100"
}