{
  "ticker": "QIPT",
  "name": "Quipt Home Medical Corp.",
  "sector": "Healthcare",
  "industry": "Medical Distribution",
  "quarters": [
    {
      "date": "2023-12-31T00:00:00",
      "quarter_label": "2023-12 (Q4)",
      "revenue": 62573000,
      "gross_profit": 44676000,
      "operating_income": 1075000,
      "net_income": -1488000,
      "opex": 43601000,
      "cogs": 17897000,
      "rd": null,
      "sga": null,
      "fcf": 9035000,
      "ocf": 10606000,
      "capex": -1571000,
      "gross_margin": 0.713982068943474,
      "op_margin": 0.01717993383727806,
      "fcf_margin": 0.1443913509021463
    },
    {
      "date": "2024-03-31T00:00:00",
      "quarter_label": "2024-03 (Q1)",
      "revenue": 61251000,
      "gross_profit": 44581000,
      "operating_income": 901000,
      "net_income": -739000,
      "opex": 43680000,
      "cogs": 16670000,
      "rd": null,
      "sga": null,
      "fcf": 3104000,
      "ocf": 4289000,
      "capex": -1185000,
      "gross_margin": 0.7278411781032147,
      "op_margin": 0.014709963918956424,
      "fcf_margin": 0.05067672364532824,
      "fcf_margin_change": -0.09371462725681806
    },
    {
      "date": "2024-06-30T00:00:00",
      "quarter_label": "2024-06 (Q2)",
      "revenue": 60759000,
      "gross_profit": 44065000,
      "operating_income": 100000,
      "net_income": -1596000,
      "opex": 43965000,
      "cogs": 16694000,
      "rd": null,
      "sga": null,
      "fcf": 6413000,
      "ocf": 10509000,
      "capex": -4096000,
      "gross_margin": 0.7252423509274346,
      "op_margin": 0.0016458467058378182,
      "fcf_margin": 0.10554814924537928,
      "fcf_margin_change": 0.05487142560005104
    },
    {
      "date": "2024-09-30T00:00:00",
      "quarter_label": "2024-09 (Q3)",
      "revenue": 61332000,
      "gross_profit": 43667000,
      "operating_income": -960000,
      "net_income": -2940000,
      "opex": 44627000,
      "cogs": 17665000,
      "rd": null,
      "sga": null,
      "fcf": 6516000,
      "ocf": 9977000,
      "capex": -3461000,
      "gross_margin": 0.7119774342920498,
      "op_margin": -0.01565251418509098,
      "fcf_margin": 0.10624144003130503,
      "fcf_margin_change": 0.0006932907859257542
    },
    {
      "date": "2024-12-31T00:00:00",
      "quarter_label": "2024-12 (Q4)",
      "revenue": 61381000,
      "gross_profit": 43614000,
      "operating_income": 448000,
      "net_income": -1084000,
      "opex": 43166000,
      "cogs": 17767000,
      "rd": null,
      "sga": null,
      "fcf": 5619000,
      "ocf": 9300000,
      "capex": -3681000,
      "gross_margin": 0.7105456085759437,
      "op_margin": 0.0072986754858995456,
      "fcf_margin": 0.09154298561444095,
      "incr_op_margin_yoy": 0.5260067114093959,
      "rev_growth_yoy": -0.019049749892125996,
      "fcf_margin_change": -0.014698454416864085
    },
    {
      "date": "2025-03-31T00:00:00",
      "quarter_label": "2025-03 (Q1)",
      "revenue": 57376000,
      "gross_profit": 42240000,
      "operating_income": -999000,
      "net_income": -3042000,
      "opex": 43239000,
      "cogs": 15136000,
      "rd": null,
      "sga": null,
      "fcf": 7335000,
      "ocf": 8946000,
      "capex": -1611000,
      "gross_margin": 0.7361963190184049,
      "op_margin": -0.017411461238148355,
      "fcf_margin": 0.1278409090909091,
      "incr_op_margin_yoy": 0.49032258064516127,
      "rev_growth_yoy": -0.06326427323635532,
      "rev_growth_yoy_accel": -0.044214523344229324,
      "fcf_margin_change": 0.03629792347646814
    },
    {
      "date": "2025-06-30T00:00:00",
      "quarter_label": "2025-06 (Q2)",
      "revenue": 58289000,
      "gross_profit": 43416000,
      "operating_income": -1823000,
      "net_income": -3025000,
      "opex": 45239000,
      "cogs": 14873000,
      "rd": null,
      "sga": null,
      "fcf": 4430000,
      "ocf": 9668000,
      "capex": -5238000,
      "gross_margin": 0.744840364391223,
      "op_margin": -0.03127519772169706,
      "fcf_margin": 0.07600061761224244,
      "incr_op_margin_yoy": 0.7785425101214575,
      "rev_growth_yoy": -0.04065241363419411,
      "rev_growth_yoy_accel": 0.022611859602161208,
      "op_leverage_ratio": 0.3440219516871166,
      "fcf_margin_change": -0.051840291478666645
    },
    {
      "date": "2025-09-30T00:00:00",
      "quarter_label": "2025-09 (Q3)",
      "revenue": 68313000,
      "gross_profit": 47907000,
      "operating_income": -1447000,
      "net_income": -3550000,
      "opex": 49354000,
      "cogs": 20406000,
      "rd": null,
      "sga": null,
      "fcf": 7954000,
      "ocf": 9778000,
      "capex": -1824000,
      "gross_margin": 0.7012867243423653,
      "op_margin": -0.021181912666695942,
      "fcf_margin": 0.11643464640697963,
      "incr_op_margin_yoy": -0.06976077925798596,
      "rev_growth_yoy": 0.11382312658970847,
      "rev_growth_yoy_accel": 0.15447554022390259,
      "op_leverage_ratio": 1.8905911044033807,
      "fcf_margin_change": 0.04043402879473719
    },
    {
      "date": "2025-12-31T00:00:00",
      "quarter_label": "2025-12 (Q4)",
      "revenue": 80996000,
      "gross_profit": 58221000,
      "operating_income": 1024000,
      "net_income": -1053000,
      "opex": 57197000,
      "cogs": 22775000,
      "rd": null,
      "sga": null,
      "fcf": 6867000,
      "ocf": 8941000,
      "capex": -2074000,
      "gross_margin": 0.7188132747296163,
      "op_margin": 0.012642599634549855,
      "fcf_margin": 0.08478196454145884,
      "incr_op_margin_yoy": 0.02936528167218965,
      "rev_growth_yoy": 0.3195614278033919,
      "rev_growth_yoy_accel": 0.20573830121368344,
      "op_leverage_ratio": 1.1683118351633204,
      "fcf_margin_change": -0.031652681865520796
    }
  ],
  "signals": [
    {
      "quarter": "2025-12 (Q4)",
      "signal": "YoY REVENUE GROWTH ACCELERATION",
      "detail": "YoY growth: +32.0% vs prior quarter YoY: +11.4% (accel: +20.6%)",
      "severity": "HIGH"
    },
    {
      "quarter": "2025-12 (Q4)",
      "signal": "OP MARGIN TURNED POSITIVE (QoQ)",
      "detail": "Op margin: -2.1% -> +1.3%",
      "severity": "HIGH"
    },
    {
      "quarter": "2025-09 (Q3)",
      "signal": "OPERATING LEVERAGE",
      "detail": "Rev growth +17.2% vs OpEx growth +9.1% (leverage: 1.9x)",
      "severity": "MEDIUM"
    },
    {
      "quarter": "2025-09 (Q3)",
      "signal": "YoY REVENUE GROWTH ACCELERATION",
      "detail": "YoY growth: +11.4% vs prior quarter YoY: -4.1% (accel: +15.4%)",
      "severity": "HIGH"
    },
    {
      "quarter": "2025-03 (Q1)",
      "signal": "GROSS MARGIN INFLECTION",
      "detail": "GM: +71.2% -> +71.1% -> +73.6% (reversal +2.6%)",
      "severity": "MEDIUM"
    },
    {
      "quarter": "2024-12 (Q4)",
      "signal": "INCREMENTAL MARGIN (YoY)",
      "detail": "YoY Incr OPM: +52.6% vs year-ago OPM: +1.7%",
      "severity": "HIGH"
    },
    {
      "quarter": "2024-12 (Q4)",
      "signal": "OP MARGIN TURNED POSITIVE (QoQ)",
      "detail": "Op margin: -1.6% -> +0.7%",
      "severity": "HIGH"
    },
    {
      "quarter": "2024-06 (Q2)",
      "signal": "FCF MARGIN EXPANSION",
      "detail": "FCF margin: +5.1% -> +10.6% (+5.5%)",
      "severity": "MEDIUM"
    }
  ],
  "data_quality": {
    "n_quarters": 9,
    "coverage": {
      "revenue": [
        9,
        9
      ],
      "gross_profit": [
        9,
        9
      ],
      "op_income": [
        9,
        9
      ],
      "fcf": [
        9,
        9
      ]
    },
    "gaps": [],
    "warnings": []
  },
  "market_cap": null,
  "source": "SEC EDGAR",
  "last_updated": "2026-02-24T11:09:38.763292"
}