{
  "ticker": "QMCI",
  "name": "QUOTEMEDIA, INC.",
  "quarters": [
    {
      "date": "2020-12-31T00:00:00",
      "quarter_label": "2020-12 (Q4)",
      "revenue": 3266083,
      "gross_profit": 1358912,
      "operating_income": -317734,
      "net_income": -326596,
      "opex": 1676646,
      "cogs": 1907171,
      "rd": null,
      "sga": null,
      "fcf": 203449,
      "ocf": 226582,
      "capex": -23133,
      "gross_margin": 0.41606780966680884,
      "op_margin": -0.09728289207592092,
      "fcf_margin": 0.062291435949423206
    },
    {
      "date": "2021-03-31T00:00:00",
      "quarter_label": "2021-03 (Q1)",
      "revenue": 3606218,
      "gross_profit": 1542578,
      "operating_income": -110814,
      "net_income": 23087,
      "opex": 1653392,
      "cogs": 2063640,
      "rd": null,
      "sga": null,
      "fcf": 904968,
      "ocf": 936027,
      "capex": -31059,
      "gross_margin": 0.4277550608421343,
      "op_margin": -0.03072859156046584,
      "fcf_margin": 0.2509465595257968,
      "op_leverage_ratio": Infinity,
      "fcf_margin_change": 0.1886551235763736
    },
    {
      "date": "2021-06-30T00:00:00",
      "quarter_label": "2021-06 (Q2)",
      "revenue": 3833018,
      "gross_profit": 1646661,
      "operating_income": -98237,
      "net_income": -79625,
      "opex": 1744898,
      "cogs": 2186357,
      "rd": null,
      "sga": null,
      "fcf": 373933,
      "ocf": 378502,
      "capex": -4569,
      "gross_margin": 0.42959907832418215,
      "op_margin": -0.02562915175457042,
      "fcf_margin": 0.09755576415242506,
      "op_leverage_ratio": 1.1363636522731813,
      "fcf_margin_change": -0.15339079537337175
    },
    {
      "date": "2021-09-30T00:00:00",
      "quarter_label": "2021-09 (Q3)",
      "revenue": 3818713,
      "gross_profit": 1785693,
      "operating_income": 100544,
      "net_income": 154931,
      "opex": 1685149,
      "cogs": 2033020,
      "rd": null,
      "sga": null,
      "fcf": 217919,
      "ocf": 271918,
      "capex": -53999,
      "gross_margin": 0.4676164456454308,
      "op_margin": 0.026329289475276095,
      "fcf_margin": 0.05706608483015089,
      "fcf_margin_change": -0.04048967932227417
    },
    {
      "date": "2021-12-31T00:00:00",
      "quarter_label": "2021-12 (Q4)",
      "revenue": 3916423,
      "gross_profit": 1760782,
      "operating_income": 86065,
      "net_income": 113979,
      "opex": 1674717,
      "cogs": 2155641,
      "rd": null,
      "sga": null,
      "fcf": 567161,
      "ocf": 571940,
      "capex": -4779,
      "gross_margin": 0.44958933189801,
      "op_margin": 0.021975409704212235,
      "fcf_margin": 0.14481607323825849,
      "rev_growth_yoy": 0.1991192507967495,
      "op_leverage_ratio": Infinity,
      "fcf_margin_change": 0.0877499884081076
    },
    {
      "date": "2022-03-31T00:00:00",
      "quarter_label": "2022-03 (Q1)",
      "revenue": 4263796,
      "gross_profit": 2023680,
      "operating_income": 189090,
      "net_income": 204666,
      "opex": 1834590,
      "cogs": 2240116,
      "rd": null,
      "sga": null,
      "fcf": 743679,
      "ocf": 757053,
      "capex": -13374,
      "gross_margin": 0.47461932981784305,
      "op_margin": 0.04434780650856655,
      "fcf_margin": 0.17441711564061696,
      "rev_growth_yoy": 0.1823456041758984,
      "rev_growth_yoy_accel": -0.016773646620851096,
      "op_leverage_ratio": 0.9291220593485211,
      "fcf_margin_change": 0.029601042402358474
    },
    {
      "date": "2022-06-30T00:00:00",
      "quarter_label": "2022-06 (Q2)",
      "revenue": 4298957,
      "gross_profit": 2036450,
      "operating_income": -26567,
      "net_income": -163080,
      "opex": 2063017,
      "cogs": 2262507,
      "rd": null,
      "sga": null,
      "fcf": 1193321,
      "ocf": 1260297,
      "capex": -66976,
      "gross_margin": 0.4737079249687773,
      "op_margin": -0.0061798710710528155,
      "fcf_margin": 0.2775838418481506,
      "rev_growth_yoy": 0.12155930392187045,
      "rev_growth_yoy_accel": -0.06078630025402795,
      "fcf_margin_change": 0.10316672620753364
    },
    {
      "date": "2022-09-30T00:00:00",
      "quarter_label": "2022-09 (Q3)",
      "revenue": 4390667,
      "gross_profit": 2293894,
      "operating_income": 207957,
      "net_income": 309543,
      "opex": 2085937,
      "cogs": 2096773,
      "rd": null,
      "sga": null,
      "fcf": 360519,
      "ocf": 174540,
      "capex": 185979,
      "gross_margin": 0.5224477283292037,
      "op_margin": 0.04736341881541005,
      "fcf_margin": 0.08211030351424965,
      "rev_growth_yoy": 0.1497766394070463,
      "rev_growth_yoy_accel": 0.028217335485175854,
      "op_leverage_ratio": 1.9201793095468072,
      "fcf_margin_change": -0.19547353833390096
    },
    {
      "date": "2022-12-31T00:00:00",
      "quarter_label": "2022-12 (Q4)",
      "revenue": 4574185,
      "gross_profit": 2201452,
      "operating_income": 175796,
      "net_income": 148966,
      "opex": 2025656,
      "cogs": 2372733,
      "rd": null,
      "sga": null,
      "fcf": 679760,
      "ocf": 949610,
      "capex": -269850,
      "gross_margin": 0.48127742974978055,
      "op_margin": 0.03843220158345148,
      "fcf_margin": 0.14860789408386413,
      "rev_growth_yoy": 0.16794968265685295,
      "rev_growth_yoy_accel": 0.018173043249806647,
      "op_leverage_ratio": Infinity,
      "fcf_margin_change": 0.06649759056961448
    },
    {
      "date": "2023-03-31T00:00:00",
      "quarter_label": "2023-03 (Q1)",
      "revenue": 4750048,
      "gross_profit": 2430113,
      "operating_income": 123473,
      "net_income": 113290,
      "opex": 2306640,
      "cogs": 2319935,
      "rd": null,
      "sga": null,
      "fcf": 963593,
      "ocf": 992379,
      "capex": -28786,
      "gross_margin": 0.5115975670140597,
      "op_margin": 0.02599405311272644,
      "fcf_margin": 0.202859634260538,
      "rev_growth_yoy": 0.11404204141098682,
      "rev_growth_yoy_accel": -0.053907641245866125,
      "op_leverage_ratio": 0.2771691283525579,
      "fcf_margin_change": 0.05425174017667386
    },
    {
      "date": "2023-06-30T00:00:00",
      "quarter_label": "2023-06 (Q2)",
      "revenue": 4712977,
      "gross_profit": 2388179,
      "operating_income": 104265,
      "net_income": 73036,
      "opex": 2283914,
      "cogs": 2324798,
      "rd": null,
      "sga": null,
      "fcf": 873866,
      "ocf": 882200,
      "capex": -8334,
      "gross_margin": 0.5067240939219521,
      "op_margin": 0.022122959649495424,
      "fcf_margin": 0.1854169880311319,
      "rev_growth_yoy": 0.09630708099662313,
      "rev_growth_yoy_accel": -0.01773496041436369,
      "fcf_margin_change": -0.017442646229406084
    },
    {
      "date": "2023-09-30T00:00:00",
      "quarter_label": "2023-09 (Q3)",
      "revenue": 4762442,
      "gross_profit": 2465706,
      "operating_income": 104147,
      "net_income": 126036,
      "opex": 2361559,
      "cogs": 2296736,
      "rd": null,
      "sga": null,
      "fcf": 893267,
      "ocf": 927396,
      "capex": -34129,
      "gross_margin": 0.517739848590282,
      "op_margin": 0.021868402806795337,
      "fcf_margin": 0.18756490892697486,
      "rev_growth_yoy": 0.08467392311919807,
      "rev_growth_yoy_accel": -0.011633157877425068,
      "op_leverage_ratio": 0.30872297130255744,
      "fcf_margin_change": 0.002147920895842953
    },
    {
      "date": "2023-12-31T00:00:00",
      "quarter_label": "2023-12 (Q4)",
      "revenue": 4682258,
      "gross_profit": 2360654,
      "operating_income": 79528,
      "net_income": 49222,
      "opex": 2281126,
      "cogs": 2321604,
      "rd": null,
      "sga": null,
      "fcf": 336346,
      "ocf": 346906,
      "capex": -10560,
      "gross_margin": 0.5041699966127454,
      "op_margin": 0.016984967509265828,
      "fcf_margin": 0.07183414497876879,
      "rev_growth_yoy": 0.02362672257462258,
      "rev_growth_yoy_accel": -0.061047200544575485,
      "fcf_margin_change": -0.11573076394820607
    },
    {
      "date": "2024-03-31T00:00:00",
      "quarter_label": "2024-03 (Q1)",
      "revenue": 4679200,
      "gross_profit": 2337086,
      "operating_income": -51792,
      "net_income": -28176,
      "opex": 2388878,
      "cogs": 2342114,
      "rd": null,
      "sga": null,
      "fcf": 717578,
      "ocf": 727667,
      "capex": -10089,
      "gross_margin": 0.49946272867156777,
      "op_margin": -0.01106855872798769,
      "fcf_margin": 0.15335484698239016,
      "rev_growth_yoy": -0.014915217698852727,
      "rev_growth_yoy_accel": -0.03854194027347531,
      "fcf_margin_change": 0.08152070200362137
    },
    {
      "date": "2024-06-30T00:00:00",
      "quarter_label": "2024-06 (Q2)",
      "revenue": 4675946,
      "gross_profit": 2244486,
      "operating_income": -260439,
      "net_income": -251173,
      "opex": 2504925,
      "cogs": 2431460,
      "rd": null,
      "sga": null,
      "fcf": 855858,
      "ocf": 874424,
      "capex": -18566,
      "gross_margin": 0.48000682642613923,
      "op_margin": -0.055697606430869816,
      "fcf_margin": 0.1830341924393481,
      "rev_growth_yoy": -0.007857241824010599,
      "rev_growth_yoy_accel": 0.007057975874842129,
      "fcf_margin_change": 0.02967934545695794
    },
    {
      "date": "2024-09-30T00:00:00",
      "quarter_label": "2024-09 (Q3)",
      "revenue": 4695845,
      "gross_profit": 2180764,
      "operating_income": -408398,
      "net_income": -440941,
      "opex": 2589162,
      "cogs": 2515081,
      "rd": null,
      "sga": null,
      "fcf": 967517,
      "ocf": 973236,
      "capex": -5719,
      "gross_margin": 0.4644028923441894,
      "op_margin": -0.08697007673805247,
      "fcf_margin": 0.2060368261729252,
      "rev_growth_yoy": -0.013983792348547236,
      "rev_growth_yoy_accel": -0.006126550524536638,
      "fcf_margin_change": 0.02300263373357711
    },
    {
      "date": "2024-12-31T00:00:00",
      "quarter_label": "2024-12 (Q4)",
      "revenue": 4691261,
      "gross_profit": 2111086,
      "operating_income": -560655,
      "net_income": -606747,
      "opex": 2671741,
      "cogs": 2580175,
      "rd": null,
      "sga": null,
      "fcf": 1102245,
      "ocf": 1105533,
      "capex": -3288,
      "gross_margin": 0.45000395416072564,
      "op_margin": -0.11951051113975539,
      "fcf_margin": 0.23495708296767118,
      "rev_growth_yoy": 0.0019227902435107163,
      "rev_growth_yoy_accel": 0.015906582592057954,
      "fcf_margin_change": 0.02892025679474597
    },
    {
      "date": "2025-03-31T00:00:00",
      "quarter_label": "2025-03 (Q1)",
      "revenue": 4824356,
      "gross_profit": 2108501,
      "operating_income": -437235,
      "net_income": -499811,
      "opex": 2545736,
      "cogs": 2715855,
      "rd": null,
      "sga": null,
      "fcf": 111471,
      "ocf": 125768,
      "capex": -14297,
      "gross_margin": 0.43705336007541734,
      "op_margin": -0.09063074947205389,
      "fcf_margin": 0.023105881904237582,
      "rev_growth_yoy": 0.03102154214395623,
      "rev_growth_yoy_accel": 0.029098751900445516,
      "op_leverage_ratio": Infinity,
      "fcf_margin_change": -0.21185120106343358
    },
    {
      "date": "2025-06-30T00:00:00",
      "quarter_label": "2025-06 (Q2)",
      "revenue": 4929211,
      "gross_profit": 2283115,
      "operating_income": -729567,
      "net_income": -853582,
      "opex": 3012682,
      "cogs": 2646096,
      "rd": null,
      "sga": null,
      "fcf": 555471,
      "ocf": 568289,
      "capex": -12818,
      "gross_margin": 0.4631806185614696,
      "op_margin": -0.14800888012300548,
      "fcf_margin": 0.11268963734764043,
      "rev_growth_yoy": 0.05416337143328858,
      "rev_growth_yoy_accel": 0.02314182928933235,
      "op_leverage_ratio": 0.11849403851109143,
      "fcf_margin_change": 0.08958375544340284
    },
    {
      "date": "2025-09-30T00:00:00",
      "quarter_label": "2025-09 (Q3)",
      "revenue": 5154555,
      "gross_profit": 2498384,
      "operating_income": -374376,
      "net_income": -367192,
      "opex": 2872760,
      "cogs": 2656171,
      "rd": null,
      "sga": null,
      "fcf": 122630,
      "ocf": 138098,
      "capex": -15468,
      "gross_margin": 0.4846944110597326,
      "op_margin": -0.07263013005002372,
      "fcf_margin": 0.023790608500636815,
      "rev_growth_yoy": 0.0976842293559519,
      "rev_growth_yoy_accel": 0.043520857922663324,
      "op_leverage_ratio": Infinity,
      "fcf_margin_change": -0.08889902884700361
    }
  ],
  "signals": [
    {
      "quarter": "2025-06 (Q2)",
      "signal": "FCF MARGIN EXPANSION",
      "detail": "FCF margin: +2.3% -> +11.3% (+9.0%)",
      "severity": "MEDIUM"
    },
    {
      "quarter": "2025-06 (Q2)",
      "signal": "GROSS MARGIN INFLECTION",
      "detail": "GM: +45.0% -> +43.7% -> +46.3% (reversal +2.6%)",
      "severity": "MEDIUM"
    },
    {
      "quarter": "2024-03 (Q1)",
      "signal": "FCF MARGIN EXPANSION",
      "detail": "FCF margin: +7.2% -> +15.3% (+8.2%)",
      "severity": "MEDIUM"
    },
    {
      "quarter": "2023-12 (Q4)",
      "signal": "YoY REVENUE GROWTH DECELERATION",
      "detail": "YoY growth: +2.4% vs prior quarter YoY: +8.5% (decel: -6.1%)",
      "severity": "WARNING"
    },
    {
      "quarter": "2023-06 (Q2)",
      "signal": "OP MARGIN TURNED POSITIVE (YoY)",
      "detail": "Op margin: -0.6% (year-ago) -> +2.2%",
      "severity": "HIGH"
    },
    {
      "quarter": "2023-03 (Q1)",
      "signal": "FCF MARGIN EXPANSION",
      "detail": "FCF margin: +14.9% -> +20.3% (+5.4%)",
      "severity": "MEDIUM"
    },
    {
      "quarter": "2023-03 (Q1)",
      "signal": "GROSS MARGIN INFLECTION",
      "detail": "GM: +52.2% -> +48.1% -> +51.2% (reversal +3.0%)",
      "severity": "MEDIUM"
    },
    {
      "quarter": "2023-03 (Q1)",
      "signal": "YoY REVENUE GROWTH DECELERATION",
      "detail": "YoY growth: +11.4% vs prior quarter YoY: +16.8% (decel: -5.4%)",
      "severity": "WARNING"
    },
    {
      "quarter": "2022-12 (Q4)",
      "signal": "FCF MARGIN EXPANSION",
      "detail": "FCF margin: +8.2% -> +14.9% (+6.6%)",
      "severity": "MEDIUM"
    },
    {
      "quarter": "2022-09 (Q3)",
      "signal": "OPERATING LEVERAGE",
      "detail": "Rev growth +2.1% vs OpEx growth +1.1% (leverage: 1.9x)",
      "severity": "MEDIUM"
    },
    {
      "quarter": "2022-09 (Q3)",
      "signal": "GROSS MARGIN INFLECTION",
      "detail": "GM: +47.5% -> +47.4% -> +52.2% (reversal +4.9%)",
      "severity": "MEDIUM"
    },
    {
      "quarter": "2022-09 (Q3)",
      "signal": "OP MARGIN TURNED POSITIVE (QoQ)",
      "detail": "Op margin: -0.6% -> +4.7%",
      "severity": "HIGH"
    },
    {
      "quarter": "2022-06 (Q2)",
      "signal": "FCF MARGIN EXPANSION",
      "detail": "FCF margin: +17.4% -> +27.8% (+10.3%)",
      "severity": "MEDIUM"
    },
    {
      "quarter": "2022-06 (Q2)",
      "signal": "YoY REVENUE GROWTH DECELERATION",
      "detail": "YoY growth: +12.2% vs prior quarter YoY: +18.2% (decel: -6.1%)",
      "severity": "WARNING"
    },
    {
      "quarter": "2022-03 (Q1)",
      "signal": "GROSS MARGIN INFLECTION",
      "detail": "GM: +46.8% -> +45.0% -> +47.5% (reversal +2.5%)",
      "severity": "MEDIUM"
    },
    {
      "quarter": "2022-03 (Q1)",
      "signal": "OP MARGIN TURNED POSITIVE (YoY)",
      "detail": "Op margin: -3.1% (year-ago) -> +4.4%",
      "severity": "HIGH"
    },
    {
      "quarter": "2021-12 (Q4)",
      "signal": "FCF MARGIN EXPANSION",
      "detail": "FCF margin: +5.7% -> +14.5% (+8.8%)",
      "severity": "MEDIUM"
    },
    {
      "quarter": "2021-12 (Q4)",
      "signal": "OP MARGIN TURNED POSITIVE (YoY)",
      "detail": "Op margin: -9.7% (year-ago) -> +2.2%",
      "severity": "HIGH"
    },
    {
      "quarter": "2021-09 (Q3)",
      "signal": "OP MARGIN TURNED POSITIVE (QoQ)",
      "detail": "Op margin: -2.6% -> +2.6%",
      "severity": "HIGH"
    },
    {
      "quarter": "2021-03 (Q1)",
      "signal": "FCF MARGIN EXPANSION",
      "detail": "FCF margin: +6.2% -> +25.1% (+18.9%)",
      "severity": "MEDIUM"
    }
  ],
  "data_quality": {
    "n_quarters": 20,
    "coverage": {
      "revenue": [
        20,
        20
      ],
      "gross_profit": [
        20,
        20
      ],
      "op_income": [
        20,
        20
      ],
      "fcf": [
        20,
        20
      ]
    },
    "gaps": [],
    "warnings": []
  },
  "market_cap": null,
  "source": "SEC EDGAR",
  "last_updated": "2026-02-03T00:05:57.361109"
}