{
  "ticker": "QSR",
  "name": "RESTAURANT BRANDS INTERNATIONAL INC.",
  "sector": "Consumer Cyclical",
  "industry": "Restaurants",
  "quarters": [
    {
      "date": "2021-03-31T00:00:00",
      "quarter_label": "2021-03 (Q1)",
      "revenue": 1260000000,
      "gross_profit": 859000000,
      "operating_income": 442000000,
      "net_income": null,
      "opex": 818000000,
      "cogs": 401000000,
      "rd": null,
      "sga": 105000000,
      "fcf": 251000000,
      "ocf": 266000000,
      "capex": -15000000,
      "gross_margin": 0.6817460317460318,
      "op_margin": 0.35079365079365077,
      "fcf_margin": 0.1992063492063492
    },
    {
      "date": "2021-06-30T00:00:00",
      "quarter_label": "2021-06 (Q2)",
      "revenue": 1438000000,
      "gross_profit": 971000000,
      "operating_income": 488000000,
      "net_income": null,
      "opex": 950000000,
      "cogs": 467000000,
      "rd": null,
      "sga": 113000000,
      "fcf": 448000000,
      "ocf": 479000000,
      "capex": -31000000,
      "gross_margin": 0.6752433936022253,
      "op_margin": 0.33936022253129344,
      "fcf_margin": 0.31154381084840055,
      "op_leverage_ratio": 0.8754449254449255,
      "fcf_margin_change": 0.11233746164205136
    },
    {
      "date": "2021-09-30T00:00:00",
      "quarter_label": "2021-09 (Q3)",
      "revenue": 1495000000,
      "gross_profit": 1005000000,
      "operating_income": 533000000,
      "net_income": null,
      "opex": 962000000,
      "cogs": 490000000,
      "rd": null,
      "sga": 123000000,
      "fcf": 486000000,
      "ocf": 510000000,
      "capex": -24000000,
      "gross_margin": 0.6722408026755853,
      "op_margin": 0.3565217391304348,
      "fcf_margin": 0.3250836120401338,
      "op_leverage_ratio": 3.1380389429763564,
      "fcf_margin_change": 0.013539801191733258
    },
    {
      "date": "2021-12-31T00:00:00",
      "quarter_label": "2021-12 (Q4)",
      "revenue": 1546000000,
      "gross_profit": 1014000000,
      "operating_income": 416000000,
      "net_income": null,
      "opex": 1130000000,
      "cogs": 532000000,
      "rd": null,
      "sga": null,
      "fcf": 435000000,
      "ocf": 471000000,
      "capex": -36000000,
      "gross_margin": 0.6558861578266494,
      "op_margin": 0.2690815006468305,
      "fcf_margin": 0.28137128072445017,
      "op_leverage_ratio": 0.19534161490683227,
      "fcf_margin_change": -0.04371233131568364
    },
    {
      "date": "2022-03-31T00:00:00",
      "quarter_label": "2022-03 (Q1)",
      "revenue": 1451000000,
      "gross_profit": 957000000,
      "operating_income": 450000000,
      "net_income": null,
      "opex": 1001000000,
      "cogs": 494000000,
      "rd": null,
      "sga": 133000000,
      "fcf": 224000000,
      "ocf": 234000000,
      "capex": -10000000,
      "gross_margin": 0.6595451412818746,
      "op_margin": 0.31013094417643006,
      "fcf_margin": 0.1543762922122674,
      "incr_op_margin_yoy": 0.041884816753926704,
      "rev_growth_yoy": 0.15158730158730158,
      "fcf_margin_change": -0.12699498851218277
    },
    {
      "date": "2022-06-30T00:00:00",
      "quarter_label": "2022-06 (Q2)",
      "revenue": 1639000000,
      "gross_profit": 1055000000,
      "operating_income": 541000000,
      "net_income": null,
      "opex": 1098000000,
      "cogs": 584000000,
      "rd": null,
      "sga": 146000000,
      "fcf": 417000000,
      "ocf": 435000000,
      "capex": -18000000,
      "gross_margin": 0.6436851738865161,
      "op_margin": 0.33007931665649787,
      "fcf_margin": 0.2544234289200732,
      "incr_op_margin_yoy": 0.263681592039801,
      "rev_growth_yoy": 0.13977746870653684,
      "rev_growth_yoy_accel": -0.011809832880764731,
      "op_leverage_ratio": 1.3370657989157853,
      "fcf_margin_change": 0.1000471367078058
    },
    {
      "date": "2022-09-30T00:00:00",
      "quarter_label": "2022-09 (Q3)",
      "revenue": 1726000000,
      "gross_profit": 1111000000,
      "operating_income": 561000000,
      "net_income": null,
      "opex": 1165000000,
      "cogs": 615000000,
      "rd": null,
      "sga": 156000000,
      "fcf": 374000000,
      "ocf": 398000000,
      "capex": -24000000,
      "gross_margin": 0.6436848203939745,
      "op_margin": 0.3250289687137891,
      "fcf_margin": 0.21668597914252608,
      "incr_op_margin_yoy": 0.12121212121212122,
      "rev_growth_yoy": 0.15451505016722408,
      "rev_growth_yoy_accel": 0.014737581460687238,
      "op_leverage_ratio": 0.8698970067296222,
      "fcf_margin_change": -0.037737449777547116
    },
    {
      "date": "2022-12-31T00:00:00",
      "quarter_label": "2022-12 (Q4)",
      "revenue": 1689000000,
      "gross_profit": 1070000000,
      "operating_income": 346000000,
      "net_income": null,
      "opex": 1343000000,
      "cogs": 619000000,
      "rd": null,
      "sga": null,
      "fcf": 375000000,
      "ocf": 423000000,
      "capex": -48000000,
      "gross_margin": 0.6335109532267614,
      "op_margin": 0.20485494375370042,
      "fcf_margin": 0.22202486678507993,
      "incr_op_margin_yoy": -0.48951048951048953,
      "rev_growth_yoy": 0.09249676584734799,
      "rev_growth_yoy_accel": -0.06201828431987609,
      "fcf_margin_change": 0.005338887642553858
    },
    {
      "date": "2023-03-31T00:00:00",
      "quarter_label": "2023-03 (Q1)",
      "revenue": 1590000000,
      "gross_profit": 1040000000,
      "operating_income": 447000000,
      "net_income": null,
      "opex": 1143000000,
      "cogs": 550000000,
      "rd": null,
      "sga": 175000000,
      "fcf": 77000000,
      "ocf": 95000000,
      "capex": -18000000,
      "gross_margin": 0.6540880503144654,
      "op_margin": 0.2811320754716981,
      "fcf_margin": 0.048427672955974846,
      "incr_op_margin_yoy": -0.02158273381294964,
      "rev_growth_yoy": 0.0957960027567195,
      "rev_growth_yoy_accel": 0.0032992369093715057,
      "fcf_margin_change": -0.1735971938291051
    },
    {
      "date": "2023-06-30T00:00:00",
      "quarter_label": "2023-06 (Q2)",
      "revenue": 1775000000,
      "gross_profit": 1163000000,
      "operating_income": 554000000,
      "net_income": null,
      "opex": 1221000000,
      "cogs": 612000000,
      "rd": null,
      "sga": 163000000,
      "fcf": 362000000,
      "ocf": 392000000,
      "capex": -30000000,
      "gross_margin": 0.6552112676056338,
      "op_margin": 0.312112676056338,
      "fcf_margin": 0.20394366197183098,
      "incr_op_margin_yoy": 0.09558823529411764,
      "rev_growth_yoy": 0.08297742525930446,
      "rev_growth_yoy_accel": -0.012818577497415037,
      "op_leverage_ratio": 1.7050072568940493,
      "fcf_margin_change": 0.15551598901585612
    },
    {
      "date": "2023-09-30T00:00:00",
      "quarter_label": "2023-09 (Q3)",
      "revenue": 1837000000,
      "gross_profit": 1207000000,
      "operating_income": 582000000,
      "net_income": null,
      "opex": 1255000000,
      "cogs": 630000000,
      "rd": null,
      "sga": 169000000,
      "fcf": 408000000,
      "ocf": 433000000,
      "capex": -25000000,
      "gross_margin": 0.6570495372890582,
      "op_margin": 0.31682090364725096,
      "fcf_margin": 0.2221012520413718,
      "incr_op_margin_yoy": 0.1891891891891892,
      "rev_growth_yoy": 0.06431054461181923,
      "rev_growth_yoy_accel": -0.01866688064748523,
      "op_leverage_ratio": 1.2543827671913834,
      "fcf_margin_change": 0.01815759006954082
    },
    {
      "date": "2023-12-31T00:00:00",
      "quarter_label": "2023-12 (Q4)",
      "revenue": 1820000000,
      "gross_profit": 1177000000,
      "operating_income": 468000000,
      "net_income": null,
      "opex": 1352000000,
      "cogs": 643000000,
      "rd": null,
      "sga": null,
      "fcf": 356000000,
      "ocf": 403000000,
      "capex": -47000000,
      "gross_margin": 0.6467032967032967,
      "op_margin": 0.2571428571428571,
      "fcf_margin": 0.1956043956043956,
      "incr_op_margin_yoy": 0.9312977099236641,
      "rev_growth_yoy": 0.07756068679692125,
      "rev_growth_yoy_accel": 0.013250142185102023,
      "fcf_margin_change": -0.02649685643697619
    },
    {
      "date": "2024-03-31T00:00:00",
      "quarter_label": "2024-03 (Q1)",
      "revenue": 1739000000,
      "gross_profit": 1133000000,
      "operating_income": 544000000,
      "net_income": null,
      "opex": 1195000000,
      "cogs": 606000000,
      "rd": null,
      "sga": 173000000,
      "fcf": 122000000,
      "ocf": 148000000,
      "capex": -26000000,
      "gross_margin": 0.6515238642898218,
      "op_margin": 0.312823461759632,
      "fcf_margin": 0.07015526164462335,
      "incr_op_margin_yoy": 0.6510067114093959,
      "rev_growth_yoy": 0.09371069182389936,
      "rev_growth_yoy_accel": 0.01615000502697811,
      "fcf_margin_change": -0.12544913395977225
    },
    {
      "date": "2024-06-30T00:00:00",
      "quarter_label": "2024-06 (Q2)",
      "revenue": 2080000000,
      "gross_profit": null,
      "operating_income": 663000000,
      "net_income": null,
      "opex": 1417000000,
      "cogs": null,
      "rd": null,
      "sga": null,
      "fcf": 291000000,
      "ocf": 334000000,
      "capex": -43000000,
      "gross_margin": null,
      "op_margin": 0.31875,
      "fcf_margin": 0.13990384615384616,
      "incr_op_margin_yoy": 0.35737704918032787,
      "rev_growth_yoy": 0.17183098591549295,
      "rev_growth_yoy_accel": 0.07812029409159359,
      "op_leverage_ratio": 1.0555279258557004,
      "fcf_margin_change": 0.0697485845092228
    },
    {
      "date": "2024-09-30T00:00:00",
      "quarter_label": "2024-09 (Q3)",
      "revenue": 2291000000,
      "gross_profit": null,
      "operating_income": 577000000,
      "net_income": null,
      "opex": 1714000000,
      "cogs": null,
      "rd": null,
      "sga": null,
      "fcf": 485000000,
      "ocf": 540000000,
      "capex": -55000000,
      "gross_margin": null,
      "op_margin": 0.25185508511567,
      "fcf_margin": 0.21169794849410736,
      "incr_op_margin_yoy": -0.011013215859030838,
      "rev_growth_yoy": 0.24714207947740882,
      "rev_growth_yoy_accel": 0.07531109356191587,
      "op_leverage_ratio": 0.4839856902356902,
      "fcf_margin_change": 0.0717941023402612
    },
    {
      "date": "2024-12-31T00:00:00",
      "quarter_label": "2024-12 (Q4)",
      "revenue": 2296000000,
      "gross_profit": null,
      "operating_income": 635000000,
      "net_income": null,
      "opex": 1661000000,
      "cogs": null,
      "rd": null,
      "sga": null,
      "fcf": 404000000,
      "ocf": 481000000,
      "capex": -77000000,
      "gross_margin": null,
      "op_margin": 0.27656794425087106,
      "fcf_margin": 0.1759581881533101,
      "incr_op_margin_yoy": 0.35084033613445376,
      "rev_growth_yoy": 0.26153846153846155,
      "rev_growth_yoy_accel": 0.014396382061052732,
      "fcf_margin_change": -0.03573976034079726
    },
    {
      "date": "2025-03-31T00:00:00",
      "quarter_label": "2025-03 (Q1)",
      "revenue": 2109000000,
      "gross_profit": null,
      "operating_income": 435000000,
      "net_income": null,
      "opex": 1674000000,
      "cogs": null,
      "rd": null,
      "sga": null,
      "fcf": 54000000,
      "ocf": 118000000,
      "capex": -64000000,
      "gross_margin": null,
      "op_margin": 0.20625889046941678,
      "fcf_margin": 0.025604551920341393,
      "incr_op_margin_yoy": -0.2945945945945946,
      "rev_growth_yoy": 0.2127659574468085,
      "rev_growth_yoy_accel": -0.04877250409165304,
      "fcf_margin_change": -0.1503536362329687
    },
    {
      "date": "2025-06-30T00:00:00",
      "quarter_label": "2025-06 (Q2)",
      "revenue": 2410000000,
      "gross_profit": null,
      "operating_income": 483000000,
      "net_income": null,
      "opex": 1927000000,
      "cogs": null,
      "rd": null,
      "sga": null,
      "fcf": 411000000,
      "ocf": 449000000,
      "capex": -38000000,
      "gross_margin": null,
      "op_margin": 0.2004149377593361,
      "fcf_margin": 0.17053941908713693,
      "incr_op_margin_yoy": -0.5454545454545454,
      "rev_growth_yoy": 0.15865384615384615,
      "rev_growth_yoy_accel": -0.05411211129296237,
      "op_leverage_ratio": 0.9443323081767017,
      "fcf_margin_change": 0.14493486716679554
    },
    {
      "date": "2025-09-30T00:00:00",
      "quarter_label": "2025-09 (Q3)",
      "revenue": 2449000000,
      "gross_profit": null,
      "operating_income": 663000000,
      "net_income": null,
      "opex": 1786000000,
      "cogs": null,
      "rd": null,
      "sga": null,
      "fcf": 531000000,
      "ocf": 592000000,
      "capex": -61000000,
      "gross_margin": null,
      "op_margin": 0.27072274397713353,
      "fcf_margin": 0.21682319314005716,
      "incr_op_margin_yoy": 0.5443037974683544,
      "rev_growth_yoy": 0.06896551724137931,
      "rev_growth_yoy_accel": -0.08968832891246684,
      "op_leverage_ratio": null,
      "fcf_margin_change": 0.046283774052920224
    },
    {
      "date": "2025-12-31T00:00:00",
      "quarter_label": "2025-12 (Q4)",
      "revenue": 2466000000,
      "gross_profit": null,
      "operating_income": 621000000,
      "net_income": null,
      "opex": 1845000000,
      "cogs": null,
      "rd": null,
      "sga": null,
      "fcf": 453000000,
      "ocf": 555000000,
      "capex": -102000000,
      "gross_margin": null,
      "op_margin": 0.2518248175182482,
      "fcf_margin": 0.18369829683698297,
      "incr_op_margin_yoy": -0.08235294117647059,
      "rev_growth_yoy": 0.0740418118466899,
      "rev_growth_yoy_accel": 0.005076294605310588,
      "fcf_margin_change": -0.03312489630307419
    }
  ],
  "signals": [
    {
      "quarter": "2025-09 (Q3)",
      "signal": "YoY REVENUE GROWTH DECELERATION",
      "detail": "YoY growth: +6.9% vs prior quarter YoY: +15.9% (decel: -9.0%)",
      "severity": "WARNING"
    },
    {
      "quarter": "2025-09 (Q3)",
      "signal": "INCREMENTAL MARGIN (YoY)",
      "detail": "YoY Incr OPM: +54.4% vs year-ago OPM: +25.2%",
      "severity": "HIGH"
    },
    {
      "quarter": "2025-06 (Q2)",
      "signal": "FCF MARGIN EXPANSION",
      "detail": "FCF margin: +2.6% -> +17.1% (+14.5%)",
      "severity": "MEDIUM"
    },
    {
      "quarter": "2025-06 (Q2)",
      "signal": "YoY REVENUE GROWTH DECELERATION",
      "detail": "YoY growth: +15.9% vs prior quarter YoY: +21.3% (decel: -5.4%)",
      "severity": "WARNING"
    },
    {
      "quarter": "2024-09 (Q3)",
      "signal": "FCF MARGIN EXPANSION",
      "detail": "FCF margin: +14.0% -> +21.2% (+7.2%)",
      "severity": "MEDIUM"
    },
    {
      "quarter": "2024-09 (Q3)",
      "signal": "YoY REVENUE GROWTH ACCELERATION",
      "detail": "YoY growth: +24.7% vs prior quarter YoY: +17.2% (accel: +7.5%)",
      "severity": "MEDIUM"
    },
    {
      "quarter": "2024-06 (Q2)",
      "signal": "FCF MARGIN EXPANSION",
      "detail": "FCF margin: +7.0% -> +14.0% (+7.0%)",
      "severity": "MEDIUM"
    },
    {
      "quarter": "2024-06 (Q2)",
      "signal": "YoY REVENUE GROWTH ACCELERATION",
      "detail": "YoY growth: +17.2% vs prior quarter YoY: +9.4% (accel: +7.8%)",
      "severity": "MEDIUM"
    },
    {
      "quarter": "2024-03 (Q1)",
      "signal": "INCREMENTAL MARGIN (YoY)",
      "detail": "YoY Incr OPM: +65.1% vs year-ago OPM: +28.1%",
      "severity": "HIGH"
    },
    {
      "quarter": "2023-12 (Q4)",
      "signal": "INCREMENTAL MARGIN (YoY)",
      "detail": "YoY Incr OPM: +93.1% vs year-ago OPM: +20.5%",
      "severity": "HIGH"
    },
    {
      "quarter": "2023-06 (Q2)",
      "signal": "FCF MARGIN EXPANSION",
      "detail": "FCF margin: +4.8% -> +20.4% (+15.6%)",
      "severity": "MEDIUM"
    },
    {
      "quarter": "2023-06 (Q2)",
      "signal": "OPERATING LEVERAGE",
      "detail": "Rev growth +11.6% vs OpEx growth +6.8% (leverage: 1.7x)",
      "severity": "MEDIUM"
    },
    {
      "quarter": "2023-03 (Q1)",
      "signal": "GROSS MARGIN INFLECTION",
      "detail": "GM: +64.4% -> +63.4% -> +65.4% (reversal +2.1%)",
      "severity": "MEDIUM"
    },
    {
      "quarter": "2022-12 (Q4)",
      "signal": "YoY REVENUE GROWTH DECELERATION",
      "detail": "YoY growth: +9.2% vs prior quarter YoY: +15.5% (decel: -6.2%)",
      "severity": "WARNING"
    },
    {
      "quarter": "2022-06 (Q2)",
      "signal": "FCF MARGIN EXPANSION",
      "detail": "FCF margin: +15.4% -> +25.4% (+10.0%)",
      "severity": "MEDIUM"
    },
    {
      "quarter": "2021-09 (Q3)",
      "signal": "OPERATING LEVERAGE",
      "detail": "Rev growth +4.0% vs OpEx growth +1.3% (leverage: 3.1x)",
      "severity": "MEDIUM"
    },
    {
      "quarter": "2021-06 (Q2)",
      "signal": "FCF MARGIN EXPANSION",
      "detail": "FCF margin: +19.9% -> +31.2% (+11.2%)",
      "severity": "MEDIUM"
    }
  ],
  "data_quality": {
    "n_quarters": 20,
    "coverage": {
      "revenue": [
        20,
        20
      ],
      "gross_profit": [
        13,
        20
      ],
      "op_income": [
        20,
        20
      ],
      "fcf": [
        20,
        20
      ]
    },
    "gaps": [],
    "warnings": [
      "gross_profit: 13/20Q"
    ]
  },
  "market_cap": null,
  "source": "SEC EDGAR",
  "last_updated": "2026-02-24T10:11:41.015744"
}