{
  "ticker": "QVCC",
  "name": "QVC,\u00a0Inc.",
  "quarters": [
    {
      "date": "2020-12-31T00:00:00",
      "quarter_label": "2020-12 (Q4)",
      "revenue": 3619000000,
      "gross_profit": 1242000000,
      "operating_income": 528000000,
      "net_income": 323000000,
      "opex": 3091000000,
      "cogs": 2377000000,
      "rd": null,
      "sga": null,
      "fcf": 554000000,
      "ocf": 554000000,
      "capex": null,
      "gross_margin": 0.34318872616744955,
      "op_margin": 0.1458966565349544,
      "fcf_margin": 0.1530809615915999
    },
    {
      "date": "2021-03-31T00:00:00",
      "quarter_label": "2021-03 (Q1)",
      "revenue": 2710000000,
      "gross_profit": 952000000,
      "operating_income": 381000000,
      "net_income": 222000000,
      "opex": 2329000000,
      "cogs": 1758000000,
      "rd": null,
      "sga": null,
      "fcf": 247000000,
      "ocf": 247000000,
      "capex": null,
      "gross_margin": 0.35129151291512917,
      "op_margin": 0.14059040590405905,
      "fcf_margin": 0.09114391143911439,
      "fcf_margin_change": -0.061937050152485504
    },
    {
      "date": "2021-06-30T00:00:00",
      "quarter_label": "2021-06 (Q2)",
      "revenue": 2780000000,
      "gross_profit": 1025000000,
      "operating_income": 422000000,
      "net_income": 240000000,
      "opex": 2358000000,
      "cogs": 1755000000,
      "rd": null,
      "sga": null,
      "fcf": 398000000,
      "ocf": 398000000,
      "capex": null,
      "gross_margin": 0.368705035971223,
      "op_margin": 0.15179856115107915,
      "fcf_margin": 0.14316546762589927,
      "op_leverage_ratio": 2.0744369512660645,
      "fcf_margin_change": 0.052021556186784876
    },
    {
      "date": "2021-09-30T00:00:00",
      "quarter_label": "2021-09 (Q3)",
      "revenue": 2512000000,
      "gross_profit": 895000000,
      "operating_income": 316000000,
      "net_income": 145000000,
      "opex": 2196000000,
      "cogs": 1617000000,
      "rd": null,
      "sga": null,
      "fcf": 33000000,
      "ocf": 33000000,
      "capex": null,
      "gross_margin": 0.35628980891719747,
      "op_margin": 0.12579617834394904,
      "fcf_margin": 0.013136942675159236,
      "fcf_margin_change": -0.13002852495074002
    },
    {
      "date": "2021-12-31T00:00:00",
      "quarter_label": "2021-12 (Q4)",
      "revenue": 3352000000,
      "gross_profit": 1114000000,
      "operating_income": 388000000,
      "net_income": 180000000,
      "opex": 2964000000,
      "cogs": 2238000000,
      "rd": null,
      "sga": null,
      "fcf": 491000000,
      "ocf": 491000000,
      "capex": null,
      "gross_margin": 0.33233890214797135,
      "op_margin": 0.11575178997613365,
      "fcf_margin": 0.14647971360381862,
      "incr_op_margin_yoy": 0.5243445692883895,
      "rev_growth_yoy": -0.07377728654324399,
      "op_leverage_ratio": 0.9561604299363057,
      "fcf_margin_change": 0.13334277092865937
    },
    {
      "date": "2022-03-31T00:00:00",
      "quarter_label": "2022-03 (Q1)",
      "revenue": 2354000000,
      "gross_profit": 713000000,
      "operating_income": 130000000,
      "net_income": 42000000,
      "opex": 2224000000,
      "cogs": 1641000000,
      "rd": null,
      "sga": null,
      "fcf": -18000000,
      "ocf": -18000000,
      "capex": null,
      "gross_margin": 0.30288870008496177,
      "op_margin": 0.055225148683092605,
      "fcf_margin": -0.0076465590484282074,
      "incr_op_margin_yoy": 0.7050561797752809,
      "rev_growth_yoy": -0.13136531365313653,
      "rev_growth_yoy_accel": -0.05758802710989254,
      "fcf_margin_change": -0.15412627265224682
    },
    {
      "date": "2022-06-30T00:00:00",
      "quarter_label": "2022-06 (Q2)",
      "revenue": 2392000000,
      "gross_profit": 784000000,
      "operating_income": 442000000,
      "net_income": 270000000,
      "opex": 1950000000,
      "cogs": 1608000000,
      "rd": null,
      "sga": null,
      "fcf": 62000000,
      "ocf": 62000000,
      "capex": null,
      "gross_margin": 0.3277591973244147,
      "op_margin": 0.18478260869565216,
      "fcf_margin": 0.025919732441471572,
      "incr_op_margin_yoy": -0.05154639175257732,
      "rev_growth_yoy": -0.13956834532374102,
      "rev_growth_yoy_accel": -0.008203031670604488,
      "op_leverage_ratio": Infinity,
      "fcf_margin_change": 0.03356629148989978
    },
    {
      "date": "2022-09-30T00:00:00",
      "quarter_label": "2022-09 (Q3)",
      "revenue": 2217000000,
      "gross_profit": 691000000,
      "operating_income": -2084000000,
      "net_income": -2226000000,
      "opex": 4301000000,
      "cogs": 1526000000,
      "rd": null,
      "sga": null,
      "fcf": 133000000,
      "ocf": 133000000,
      "capex": null,
      "gross_margin": 0.3116824537663509,
      "op_margin": -0.9400090211998195,
      "fcf_margin": 0.05999097880018042,
      "incr_op_margin_yoy": 8.135593220338983,
      "rev_growth_yoy": -0.11743630573248408,
      "rev_growth_yoy_accel": 0.02213203959125694,
      "fcf_margin_change": 0.034071246358708854
    },
    {
      "date": "2022-12-31T00:00:00",
      "quarter_label": "2022-12 (Q4)",
      "revenue": 2924000000,
      "gross_profit": 853000000,
      "operating_income": 113000000,
      "net_income": 47000000,
      "opex": 2811000000,
      "cogs": 2071000000,
      "rd": null,
      "sga": null,
      "fcf": 232000000,
      "ocf": 232000000,
      "capex": null,
      "gross_margin": 0.2917236662106703,
      "op_margin": 0.03864569083447333,
      "fcf_margin": 0.07934336525307797,
      "incr_op_margin_yoy": 0.6425233644859814,
      "rev_growth_yoy": -0.1276849642004773,
      "rev_growth_yoy_accel": -0.010248658467993235,
      "op_leverage_ratio": Infinity,
      "fcf_margin_change": 0.019352386452897552
    },
    {
      "date": "2023-03-31T00:00:00",
      "quarter_label": "2023-03 (Q1)",
      "revenue": 2193000000,
      "gross_profit": 705000000,
      "operating_income": 230000000,
      "net_income": 122000000,
      "opex": 1963000000,
      "cogs": 1488000000,
      "rd": null,
      "sga": null,
      "fcf": 177000000,
      "ocf": 177000000,
      "capex": null,
      "gross_margin": 0.32147742818057456,
      "op_margin": 0.10487916096671226,
      "fcf_margin": 0.08071135430916553,
      "incr_op_margin_yoy": -0.6211180124223602,
      "rev_growth_yoy": -0.06839422259983008,
      "rev_growth_yoy_accel": 0.059290741600647234,
      "fcf_margin_change": 0.0013679890560875513
    },
    {
      "date": "2023-06-30T00:00:00",
      "quarter_label": "2023-06 (Q2)",
      "revenue": 2224000000,
      "gross_profit": 768000000,
      "operating_income": 374000000,
      "net_income": 213000000,
      "opex": 1850000000,
      "cogs": 1456000000,
      "rd": null,
      "sga": null,
      "fcf": 414000000,
      "ocf": 414000000,
      "capex": null,
      "gross_margin": 0.34532374100719426,
      "op_margin": 0.1681654676258993,
      "fcf_margin": 0.18615107913669066,
      "incr_op_margin_yoy": 0.40476190476190477,
      "rev_growth_yoy": -0.07023411371237458,
      "rev_growth_yoy_accel": -0.0018398911125444978,
      "op_leverage_ratio": Infinity,
      "fcf_margin_change": 0.10543972482752513
    },
    {
      "date": "2023-09-30T00:00:00",
      "quarter_label": "2023-09 (Q3)",
      "revenue": 2194000000,
      "gross_profit": 770000000,
      "operating_income": 154000000,
      "net_income": 51000000,
      "opex": 2040000000,
      "cogs": 1424000000,
      "rd": null,
      "sga": null,
      "fcf": 173000000,
      "ocf": 173000000,
      "capex": null,
      "gross_margin": 0.35095715587967186,
      "op_margin": 0.07019143117593436,
      "fcf_margin": 0.0788514129443938,
      "incr_op_margin_yoy": -97.30434782608695,
      "rev_growth_yoy": -0.010374379792512404,
      "rev_growth_yoy_accel": 0.05985973391986217,
      "fcf_margin_change": -0.10729966619229686
    },
    {
      "date": "2023-12-31T00:00:00",
      "quarter_label": "2023-12 (Q4)",
      "revenue": 2838000000,
      "gross_profit": 933000000,
      "operating_income": -113000000,
      "net_income": -227000000,
      "opex": 2951000000,
      "cogs": 1905000000,
      "rd": null,
      "sga": null,
      "fcf": 330000000,
      "ocf": 330000000,
      "capex": null,
      "gross_margin": 0.3287526427061311,
      "op_margin": -0.03981677237491191,
      "fcf_margin": 0.11627906976744186,
      "incr_op_margin_yoy": 2.627906976744186,
      "rev_growth_yoy": -0.029411764705882353,
      "rev_growth_yoy_accel": -0.019037384913369947,
      "op_leverage_ratio": 0.6572960684113043,
      "fcf_margin_change": 0.037427656823048064
    },
    {
      "date": "2024-03-31T00:00:00",
      "quarter_label": "2024-03 (Q1)",
      "revenue": 2111000000,
      "gross_profit": 738000000,
      "operating_income": 157000000,
      "net_income": 51000000,
      "opex": 1954000000,
      "cogs": 1373000000,
      "rd": null,
      "sga": null,
      "fcf": 84000000,
      "ocf": 84000000,
      "capex": null,
      "gross_margin": 0.34959734722880154,
      "op_margin": 0.07437233538607295,
      "fcf_margin": 0.03979156797726196,
      "incr_op_margin_yoy": 0.8902439024390244,
      "rev_growth_yoy": -0.03739170086639307,
      "rev_growth_yoy_accel": -0.007979936160510716,
      "fcf_margin_change": -0.07648750179017991
    },
    {
      "date": "2024-06-30T00:00:00",
      "quarter_label": "2024-06 (Q2)",
      "revenue": 2134000000,
      "gross_profit": 760000000,
      "operating_income": 163000000,
      "net_income": 53000000,
      "opex": 1971000000,
      "cogs": 1374000000,
      "rd": null,
      "sga": null,
      "fcf": 164000000,
      "ocf": 164000000,
      "capex": null,
      "gross_margin": 0.3561387066541706,
      "op_margin": 0.07638238050609185,
      "fcf_margin": 0.07685098406747891,
      "incr_op_margin_yoy": 2.3444444444444446,
      "rev_growth_yoy": -0.040467625899280574,
      "rev_growth_yoy_accel": -0.0030759250328875054,
      "op_leverage_ratio": 1.2523197815364895,
      "fcf_margin_change": 0.03705941609021695
    },
    {
      "date": "2024-09-30T00:00:00",
      "quarter_label": "2024-09 (Q3)",
      "revenue": 2092000000,
      "gross_profit": 726000000,
      "operating_income": 164000000,
      "net_income": 51000000,
      "opex": 1928000000,
      "cogs": 1366000000,
      "rd": null,
      "sga": null,
      "fcf": 98000000,
      "ocf": 98000000,
      "capex": null,
      "gross_margin": 0.34703632887189295,
      "op_margin": 0.07839388145315487,
      "fcf_margin": 0.04684512428298279,
      "incr_op_margin_yoy": -0.09803921568627451,
      "rev_growth_yoy": -0.04649042844120328,
      "rev_growth_yoy_accel": -0.006022802541922709,
      "fcf_margin_change": -0.030005859784496117
    },
    {
      "date": "2024-12-31T00:00:00",
      "quarter_label": "2024-12 (Q4)",
      "revenue": 2660000000,
      "gross_profit": 868000000,
      "operating_income": -1254000000,
      "net_income": -1224000000,
      "opex": 3914000000,
      "cogs": 1792000000,
      "rd": null,
      "sga": null,
      "fcf": 189000000,
      "ocf": 189000000,
      "capex": null,
      "gross_margin": 0.3263157894736842,
      "op_margin": -0.4714285714285714,
      "fcf_margin": 0.07105263157894737,
      "incr_op_margin_yoy": 6.410112359550562,
      "rev_growth_yoy": -0.06272022551092318,
      "rev_growth_yoy_accel": -0.0162297970697199,
      "op_leverage_ratio": 0.2635812061100745,
      "fcf_margin_change": 0.024207507295964575
    },
    {
      "date": "2025-03-31T00:00:00",
      "quarter_label": "2025-03 (Q1)",
      "revenue": 1905000000,
      "gross_profit": 634000000,
      "operating_income": 29000000,
      "net_income": -42000000,
      "opex": 1876000000,
      "cogs": 1271000000,
      "rd": null,
      "sga": null,
      "fcf": 46000000,
      "ocf": 46000000,
      "capex": null,
      "gross_margin": 0.33280839895013126,
      "op_margin": 0.015223097112860892,
      "fcf_margin": 0.024146981627296588,
      "incr_op_margin_yoy": 0.6213592233009708,
      "rev_growth_yoy": -0.09758408337280909,
      "rev_growth_yoy_accel": -0.03486385786188591,
      "fcf_margin_change": -0.04690564995165078
    },
    {
      "date": "2025-06-30T00:00:00",
      "quarter_label": "2025-06 (Q2)",
      "revenue": 1984000000,
      "gross_profit": 703000000,
      "operating_income": -2272000000,
      "net_income": -2165000000,
      "opex": 4256000000,
      "cogs": 1281000000,
      "rd": null,
      "sga": null,
      "fcf": 52000000,
      "ocf": 52000000,
      "capex": null,
      "gross_margin": 0.3543346774193548,
      "op_margin": -1.1451612903225807,
      "fcf_margin": 0.02620967741935484,
      "incr_op_margin_yoy": 16.233333333333334,
      "rev_growth_yoy": -0.07029053420805999,
      "rev_growth_yoy_accel": 0.027293549164749104,
      "op_leverage_ratio": 0.032687972826926044,
      "fcf_margin_change": 0.002062695792058252
    },
    {
      "date": "2025-09-30T00:00:00",
      "quarter_label": "2025-09 (Q3)",
      "revenue": 1982000000,
      "gross_profit": 665000000,
      "operating_income": 91000000,
      "net_income": 2000000,
      "opex": 1891000000,
      "cogs": 1317000000,
      "rd": null,
      "sga": null,
      "fcf": 76000000,
      "ocf": 76000000,
      "capex": null,
      "gross_margin": 0.3355196770938446,
      "op_margin": 0.04591321897073663,
      "fcf_margin": 0.03834510595358224,
      "incr_op_margin_yoy": 0.6636363636363637,
      "rev_growth_yoy": -0.052581261950286805,
      "rev_growth_yoy_accel": 0.017709272257773183,
      "fcf_margin_change": 0.012135428534227399
    }
  ],
  "signals": [
    {
      "quarter": "2025-09 (Q3)",
      "signal": "INCREMENTAL MARGIN (YoY)",
      "detail": "YoY Incr OPM: +66.4% vs year-ago OPM: +7.8%",
      "severity": "HIGH"
    },
    {
      "quarter": "2025-09 (Q3)",
      "signal": "OP MARGIN TURNED POSITIVE (QoQ)",
      "detail": "Op margin: -114.5% -> +4.6%",
      "severity": "HIGH"
    },
    {
      "quarter": "2025-03 (Q1)",
      "signal": "INCREMENTAL MARGIN (YoY)",
      "detail": "YoY Incr OPM: +62.1% vs year-ago OPM: +7.4%",
      "severity": "HIGH"
    },
    {
      "quarter": "2025-03 (Q1)",
      "signal": "OP MARGIN TURNED POSITIVE (QoQ)",
      "detail": "Op margin: -47.1% -> +1.5%",
      "severity": "HIGH"
    },
    {
      "quarter": "2024-06 (Q2)",
      "signal": "INCREMENTAL MARGIN (YoY)",
      "detail": "YoY Incr OPM: +234.4% vs year-ago OPM: +16.8%",
      "severity": "HIGH"
    },
    {
      "quarter": "2024-03 (Q1)",
      "signal": "GROSS MARGIN INFLECTION",
      "detail": "GM: +35.1% -> +32.9% -> +35.0% (reversal +2.1%)",
      "severity": "MEDIUM"
    },
    {
      "quarter": "2024-03 (Q1)",
      "signal": "INCREMENTAL MARGIN (YoY)",
      "detail": "YoY Incr OPM: +89.0% vs year-ago OPM: +10.5%",
      "severity": "HIGH"
    },
    {
      "quarter": "2024-03 (Q1)",
      "signal": "OP MARGIN TURNED POSITIVE (QoQ)",
      "detail": "Op margin: -4.0% -> +7.4%",
      "severity": "HIGH"
    },
    {
      "quarter": "2023-09 (Q3)",
      "signal": "YoY REVENUE GROWTH ACCELERATION",
      "detail": "YoY growth: -1.0% vs prior quarter YoY: -7.0% (accel: +6.0%)",
      "severity": "MEDIUM"
    },
    {
      "quarter": "2023-09 (Q3)",
      "signal": "OP MARGIN TURNED POSITIVE (YoY)",
      "detail": "Op margin: -94.0% (year-ago) -> +7.0%",
      "severity": "HIGH"
    },
    {
      "quarter": "2023-06 (Q2)",
      "signal": "FCF MARGIN EXPANSION",
      "detail": "FCF margin: +8.1% -> +18.6% (+10.5%)",
      "severity": "MEDIUM"
    },
    {
      "quarter": "2023-06 (Q2)",
      "signal": "INCREMENTAL MARGIN (YoY)",
      "detail": "YoY Incr OPM: +40.5% vs year-ago OPM: +18.5%",
      "severity": "HIGH"
    },
    {
      "quarter": "2023-03 (Q1)",
      "signal": "GROSS MARGIN INFLECTION",
      "detail": "GM: +31.2% -> +29.2% -> +32.1% (reversal +3.0%)",
      "severity": "MEDIUM"
    },
    {
      "quarter": "2023-03 (Q1)",
      "signal": "YoY REVENUE GROWTH ACCELERATION",
      "detail": "YoY growth: -6.8% vs prior quarter YoY: -12.8% (accel: +5.9%)",
      "severity": "MEDIUM"
    },
    {
      "quarter": "2022-12 (Q4)",
      "signal": "INCREMENTAL MARGIN (YoY)",
      "detail": "YoY Incr OPM: +64.3% vs year-ago OPM: +11.6%",
      "severity": "HIGH"
    },
    {
      "quarter": "2022-12 (Q4)",
      "signal": "OP MARGIN TURNED POSITIVE (QoQ)",
      "detail": "Op margin: -94.0% -> +3.9%",
      "severity": "HIGH"
    },
    {
      "quarter": "2022-06 (Q2)",
      "signal": "FCF TURNED POSITIVE",
      "detail": "FCF margin: -0.8% -> +2.6%",
      "severity": "HIGH"
    },
    {
      "quarter": "2022-06 (Q2)",
      "signal": "GROSS MARGIN INFLECTION",
      "detail": "GM: +33.2% -> +30.3% -> +32.8% (reversal +2.5%)",
      "severity": "MEDIUM"
    },
    {
      "quarter": "2022-03 (Q1)",
      "signal": "YoY REVENUE GROWTH DECELERATION",
      "detail": "YoY growth: -13.1% vs prior quarter YoY: -7.4% (decel: -5.8%)",
      "severity": "WARNING"
    },
    {
      "quarter": "2022-03 (Q1)",
      "signal": "INCREMENTAL MARGIN (YoY)",
      "detail": "YoY Incr OPM: +70.5% vs year-ago OPM: +14.1%",
      "severity": "HIGH"
    },
    {
      "quarter": "2021-12 (Q4)",
      "signal": "FCF MARGIN EXPANSION",
      "detail": "FCF margin: +1.3% -> +14.6% (+13.3%)",
      "severity": "MEDIUM"
    },
    {
      "quarter": "2021-12 (Q4)",
      "signal": "INCREMENTAL MARGIN (YoY)",
      "detail": "YoY Incr OPM: +52.4% vs year-ago OPM: +14.6%",
      "severity": "HIGH"
    },
    {
      "quarter": "2021-06 (Q2)",
      "signal": "FCF MARGIN EXPANSION",
      "detail": "FCF margin: +9.1% -> +14.3% (+5.2%)",
      "severity": "MEDIUM"
    },
    {
      "quarter": "2021-06 (Q2)",
      "signal": "OPERATING LEVERAGE",
      "detail": "Rev growth +2.6% vs OpEx growth +1.2% (leverage: 2.1x)",
      "severity": "MEDIUM"
    }
  ],
  "data_quality": {
    "n_quarters": 20,
    "coverage": {
      "revenue": [
        20,
        20
      ],
      "gross_profit": [
        20,
        20
      ],
      "op_income": [
        20,
        20
      ],
      "fcf": [
        20,
        20
      ]
    },
    "gaps": [],
    "warnings": []
  },
  "market_cap": null,
  "source": "SEC EDGAR",
  "last_updated": "2026-02-03T01:08:29.607612"
}