{
  "ticker": "QVCGP",
  "name": "QVC GROUP, INC.",
  "quarters": [
    {
      "date": "2020-12-31T00:00:00",
      "quarter_label": "2020-12 (Q4)",
      "revenue": 4452000000,
      "gross_profit": 1489000000,
      "operating_income": 530000000,
      "net_income": 666000000,
      "opex": 3922000000,
      "cogs": 2963000000,
      "rd": null,
      "sga": 562000000,
      "fcf": 600000000,
      "ocf": 600000000,
      "capex": null,
      "gross_margin": 0.33445642407906556,
      "op_margin": 0.11904761904761904,
      "fcf_margin": 0.1347708894878706
    },
    {
      "date": "2021-03-31T00:00:00",
      "quarter_label": "2021-03 (Q1)",
      "revenue": 3337000000,
      "gross_profit": 1142000000,
      "operating_income": 373000000,
      "net_income": 206000000,
      "opex": 2964000000,
      "cogs": 2195000000,
      "rd": null,
      "sga": 435000000,
      "fcf": 153000000,
      "ocf": 153000000,
      "capex": null,
      "gross_margin": 0.3422235540905004,
      "op_margin": 0.11177704525022475,
      "fcf_margin": 0.04584956547797423,
      "fcf_margin_change": -0.08892132400989639
    },
    {
      "date": "2021-06-30T00:00:00",
      "quarter_label": "2021-06 (Q2)",
      "revenue": 3504000000,
      "gross_profit": 1264000000,
      "operating_income": 433000000,
      "net_income": 222000000,
      "opex": 3071000000,
      "cogs": 2240000000,
      "rd": null,
      "sga": 485000000,
      "fcf": 549000000,
      "ocf": 549000000,
      "capex": null,
      "gross_margin": 0.3607305936073059,
      "op_margin": 0.1235730593607306,
      "fcf_margin": 0.1566780821917808,
      "op_leverage_ratio": 1.3862919013384343,
      "fcf_margin_change": 0.11082851671380659
    },
    {
      "date": "2021-09-30T00:00:00",
      "quarter_label": "2021-09 (Q3)",
      "revenue": 3144000000,
      "gross_profit": 1075000000,
      "operating_income": 274000000,
      "net_income": 127000000,
      "opex": 2870000000,
      "cogs": 2069000000,
      "rd": null,
      "sga": 458000000,
      "fcf": 13000000,
      "ocf": 13000000,
      "capex": null,
      "gross_margin": 0.3419211195928753,
      "op_margin": 0.0871501272264631,
      "fcf_margin": 0.004134860050890585,
      "fcf_margin_change": -0.15254322214089022
    },
    {
      "date": "2021-12-31T00:00:00",
      "quarter_label": "2021-12 (Q4)",
      "revenue": 4059000000,
      "gross_profit": 1332000000,
      "operating_income": 7000000,
      "net_income": -215000000,
      "opex": 4052000000,
      "cogs": 2727000000,
      "rd": null,
      "sga": 552000000,
      "fcf": 510000000,
      "ocf": 510000000,
      "capex": null,
      "gross_margin": 0.328159645232816,
      "op_margin": 0.0017245627001724563,
      "fcf_margin": 0.12564671101256467,
      "incr_op_margin_yoy": 1.3307888040712468,
      "rev_growth_yoy": -0.08827493261455525,
      "op_leverage_ratio": 0.7066477441521034,
      "fcf_margin_change": 0.12151185096167408
    },
    {
      "date": "2022-03-31T00:00:00",
      "quarter_label": "2022-03 (Q1)",
      "revenue": 2883000000,
      "gross_profit": 881000000,
      "operating_income": 106000000,
      "net_income": 1000000,
      "opex": 2777000000,
      "cogs": 2002000000,
      "rd": null,
      "sga": 445000000,
      "fcf": -179000000,
      "ocf": -179000000,
      "capex": null,
      "gross_margin": 0.30558446063128686,
      "op_margin": 0.036767256330211585,
      "fcf_margin": -0.062088102670828996,
      "incr_op_margin_yoy": 0.5881057268722467,
      "rev_growth_yoy": -0.136050344620917,
      "rev_growth_yoy_accel": -0.04777541200636175,
      "fcf_margin_change": -0.18773481368339368
    },
    {
      "date": "2022-06-30T00:00:00",
      "quarter_label": "2022-06 (Q2)",
      "revenue": 2953000000,
      "gross_profit": 975000000,
      "operating_income": 418000000,
      "net_income": 203000000,
      "opex": 2535000000,
      "cogs": 1978000000,
      "rd": null,
      "sga": 461000000,
      "fcf": 121000000,
      "ocf": 121000000,
      "capex": null,
      "gross_margin": 0.33017270572299356,
      "op_margin": 0.14155096512021673,
      "fcf_margin": 0.040975279376904844,
      "incr_op_margin_yoy": 0.02722323049001815,
      "rev_growth_yoy": -0.1572488584474886,
      "rev_growth_yoy_accel": -0.02119851382657159,
      "op_leverage_ratio": Infinity,
      "fcf_margin_change": 0.10306338204773384
    },
    {
      "date": "2022-09-30T00:00:00",
      "quarter_label": "2022-09 (Q3)",
      "revenue": 2744000000,
      "gross_profit": 839000000,
      "operating_income": -2607000000,
      "net_income": -2747000000,
      "opex": 5351000000,
      "cogs": 1905000000,
      "rd": null,
      "sga": 464000000,
      "fcf": 21000000,
      "ocf": 21000000,
      "capex": null,
      "gross_margin": 0.30575801749271136,
      "op_margin": -0.9500728862973761,
      "fcf_margin": 0.007653061224489796,
      "incr_op_margin_yoy": 7.2025,
      "rev_growth_yoy": -0.1272264631043257,
      "rev_growth_yoy_accel": 0.030022395343162894,
      "fcf_margin_change": -0.03332221815241505
    },
    {
      "date": "2022-12-31T00:00:00",
      "quarter_label": "2022-12 (Q4)",
      "revenue": 3526000000,
      "gross_profit": 994000000,
      "operating_income": 42000000,
      "net_income": -51000000,
      "opex": 3484000000,
      "cogs": 2532000000,
      "rd": null,
      "sga": 575000000,
      "fcf": 231000000,
      "ocf": 231000000,
      "capex": null,
      "gross_margin": 0.2819058423142371,
      "op_margin": 0.01191151446398185,
      "fcf_margin": 0.06551332955190017,
      "incr_op_margin_yoy": -0.06566604127579738,
      "rev_growth_yoy": -0.13131313131313133,
      "rev_growth_yoy_accel": -0.004086668208805627,
      "op_leverage_ratio": Infinity,
      "fcf_margin_change": 0.057860268327410376
    },
    {
      "date": "2023-03-31T00:00:00",
      "quarter_label": "2023-03 (Q1)",
      "revenue": 2644000000,
      "gross_profit": 835000000,
      "operating_income": 176000000,
      "net_income": 20000000,
      "opex": 2468000000,
      "cogs": 1809000000,
      "rd": null,
      "sga": 478000000,
      "fcf": 16000000,
      "ocf": 16000000,
      "capex": null,
      "gross_margin": 0.3158093797276853,
      "op_margin": 0.06656580937972768,
      "fcf_margin": 0.006051437216338881,
      "incr_op_margin_yoy": -0.2928870292887029,
      "rev_growth_yoy": -0.08289975719736385,
      "rev_growth_yoy_accel": 0.048413374115767474,
      "fcf_margin_change": -0.05946189233556129
    },
    {
      "date": "2023-06-30T00:00:00",
      "quarter_label": "2023-06 (Q2)",
      "revenue": 2649000000,
      "gross_profit": 915000000,
      "operating_income": 366000000,
      "net_income": 107000000,
      "opex": 2283000000,
      "cogs": 1734000000,
      "rd": null,
      "sga": 466000000,
      "fcf": 452000000,
      "ocf": 452000000,
      "capex": null,
      "gross_margin": 0.34541336353340885,
      "op_margin": 0.13816534541336353,
      "fcf_margin": 0.17063042657606645,
      "incr_op_margin_yoy": 0.17105263157894737,
      "rev_growth_yoy": -0.10294615645106671,
      "rev_growth_yoy_accel": -0.020046399253702857,
      "fcf_margin_change": 0.16457898935972756
    },
    {
      "date": "2023-09-30T00:00:00",
      "quarter_label": "2023-09 (Q3)",
      "revenue": 2479000000,
      "gross_profit": 876000000,
      "operating_income": 151000000,
      "net_income": 1000000,
      "opex": 2328000000,
      "cogs": 1603000000,
      "rd": null,
      "sga": 415000000,
      "fcf": 134000000,
      "ocf": 134000000,
      "capex": null,
      "gross_margin": 0.3533682936668011,
      "op_margin": 0.0609116579265833,
      "fcf_margin": 0.05405405405405406,
      "incr_op_margin_yoy": -10.407547169811322,
      "rev_growth_yoy": -0.09657434402332361,
      "rev_growth_yoy_accel": 0.006371812427743095,
      "fcf_margin_change": -0.11657637252201239
    },
    {
      "date": "2023-12-31T00:00:00",
      "quarter_label": "2023-12 (Q4)",
      "revenue": 3143000000,
      "gross_profit": 1059000000,
      "operating_income": -103000000,
      "net_income": -273000000,
      "opex": 3246000000,
      "cogs": 2084000000,
      "rd": null,
      "sga": 510000000,
      "fcf": 317000000,
      "ocf": 317000000,
      "capex": null,
      "gross_margin": 0.3369392300349984,
      "op_margin": -0.032771237671014954,
      "fcf_margin": 0.10085905186127904,
      "incr_op_margin_yoy": 0.3785900783289817,
      "rev_growth_yoy": -0.10862166761202496,
      "rev_growth_yoy_accel": -0.01204732358870135,
      "op_leverage_ratio": 0.6792534413254343,
      "fcf_margin_change": 0.04680499780722498
    },
    {
      "date": "2024-03-31T00:00:00",
      "quarter_label": "2024-03 (Q1)",
      "revenue": 2342000000,
      "gross_profit": 831000000,
      "operating_income": 145000000,
      "net_income": -1000000,
      "opex": 2197000000,
      "cogs": 1511000000,
      "rd": null,
      "sga": 408000000,
      "fcf": 26000000,
      "ocf": 26000000,
      "capex": null,
      "gross_margin": 0.3548249359521776,
      "op_margin": 0.061912894961571305,
      "fcf_margin": 0.011101622544833475,
      "incr_op_margin_yoy": 0.10264900662251655,
      "rev_growth_yoy": -0.11422087745839637,
      "rev_growth_yoy_accel": -0.005599209846371411,
      "fcf_margin_change": -0.08975742931644556
    },
    {
      "date": "2024-06-30T00:00:00",
      "quarter_label": "2024-06 (Q2)",
      "revenue": 2407000000,
      "gross_profit": 875000000,
      "operating_income": 165000000,
      "net_income": 20000000,
      "opex": 2242000000,
      "cogs": 1532000000,
      "rd": null,
      "sga": 418000000,
      "fcf": 267000000,
      "ocf": 267000000,
      "capex": null,
      "gross_margin": 0.3635230577482343,
      "op_margin": 0.06855006231823847,
      "fcf_margin": 0.11092646447860408,
      "incr_op_margin_yoy": 0.8305785123966942,
      "rev_growth_yoy": -0.09135522838807097,
      "rev_growth_yoy_accel": 0.0228656490703254,
      "op_leverage_ratio": 1.3550147072777303,
      "fcf_margin_change": 0.0998248419337706
    },
    {
      "date": "2024-09-30T00:00:00",
      "quarter_label": "2024-09 (Q3)",
      "revenue": 2344000000,
      "gross_profit": 827000000,
      "operating_income": 152000000,
      "net_income": -23000000,
      "opex": 2192000000,
      "cogs": 1517000000,
      "rd": null,
      "sga": 405000000,
      "fcf": 20000000,
      "ocf": 20000000,
      "capex": null,
      "gross_margin": 0.3528156996587031,
      "op_margin": 0.06484641638225255,
      "fcf_margin": 0.008532423208191127,
      "incr_op_margin_yoy": -0.007407407407407408,
      "rev_growth_yoy": -0.05445744251714401,
      "rev_growth_yoy_accel": 0.036897785870926965,
      "fcf_margin_change": -0.10239404127041295
    },
    {
      "date": "2024-12-31T00:00:00",
      "quarter_label": "2024-12 (Q4)",
      "revenue": 2944000000,
      "gross_profit": 980000000,
      "operating_income": -1271000000,
      "net_income": -1286000000,
      "opex": 4215000000,
      "cogs": 1964000000,
      "rd": null,
      "sga": 477000000,
      "fcf": 212000000,
      "ocf": 212000000,
      "capex": null,
      "gross_margin": 0.3328804347826087,
      "op_margin": -0.43172554347826086,
      "fcf_margin": 0.07201086956521739,
      "incr_op_margin_yoy": 5.869346733668341,
      "rev_growth_yoy": -0.063315303849825,
      "rev_growth_yoy_accel": -0.008857861332680995,
      "op_leverage_ratio": 0.27735647561574317,
      "fcf_margin_change": 0.06347844635702626
    },
    {
      "date": "2025-03-31T00:00:00",
      "quarter_label": "2025-03 (Q1)",
      "revenue": 2105000000,
      "gross_profit": 719000000,
      "operating_income": 14000000,
      "net_income": -100000000,
      "opex": 2091000000,
      "cogs": 1386000000,
      "rd": null,
      "sga": 383000000,
      "fcf": -60000000,
      "ocf": -60000000,
      "capex": null,
      "gross_margin": 0.34156769596199527,
      "op_margin": 0.00665083135391924,
      "fcf_margin": -0.028503562945368172,
      "incr_op_margin_yoy": 0.5527426160337553,
      "rev_growth_yoy": -0.10119555935098207,
      "rev_growth_yoy_accel": -0.03788025550115706,
      "fcf_margin_change": -0.10051443251058556
    },
    {
      "date": "2025-06-30T00:00:00",
      "quarter_label": "2025-06 (Q2)",
      "revenue": 2236000000,
      "gross_profit": 814000000,
      "operating_income": -2272000000,
      "net_income": -2222000000,
      "opex": 4508000000,
      "cogs": 1422000000,
      "rd": null,
      "sga": 422000000,
      "fcf": 86000000,
      "ocf": 86000000,
      "capex": null,
      "gross_margin": 0.36404293381037567,
      "op_margin": -1.0161001788908766,
      "fcf_margin": 0.038461538461538464,
      "incr_op_margin_yoy": 14.251461988304094,
      "rev_growth_yoy": -0.07104279185708351,
      "rev_growth_yoy_accel": 0.030152767493898558,
      "op_leverage_ratio": 0.05383894956253065,
      "fcf_margin_change": 0.06696510140690663
    },
    {
      "date": "2025-09-30T00:00:00",
      "quarter_label": "2025-09 (Q3)",
      "revenue": 2213000000,
      "gross_profit": 752000000,
      "operating_income": 60000000,
      "net_income": -80000000,
      "opex": 2153000000,
      "cogs": 1461000000,
      "rd": null,
      "sga": 428000000,
      "fcf": 4000000,
      "ocf": 4000000,
      "capex": null,
      "gross_margin": 0.33981021238138276,
      "op_margin": 0.02711251694532309,
      "fcf_margin": 0.0018075011296882061,
      "incr_op_margin_yoy": 0.7022900763358778,
      "rev_growth_yoy": -0.055887372013651876,
      "rev_growth_yoy_accel": 0.015155419843431633,
      "fcf_margin_change": -0.036654037331850256
    }
  ],
  "signals": [
    {
      "quarter": "2025-09 (Q3)",
      "signal": "INCREMENTAL MARGIN (YoY)",
      "detail": "YoY Incr OPM: +70.2% vs year-ago OPM: +6.5%",
      "severity": "HIGH"
    },
    {
      "quarter": "2025-09 (Q3)",
      "signal": "OP MARGIN TURNED POSITIVE (QoQ)",
      "detail": "Op margin: -101.6% -> +2.7%",
      "severity": "HIGH"
    },
    {
      "quarter": "2025-06 (Q2)",
      "signal": "FCF TURNED POSITIVE",
      "detail": "FCF margin: -2.9% -> +3.8%",
      "severity": "HIGH"
    },
    {
      "quarter": "2025-03 (Q1)",
      "signal": "INCREMENTAL MARGIN (YoY)",
      "detail": "YoY Incr OPM: +55.3% vs year-ago OPM: +6.2%",
      "severity": "HIGH"
    },
    {
      "quarter": "2025-03 (Q1)",
      "signal": "OP MARGIN TURNED POSITIVE (QoQ)",
      "detail": "Op margin: -43.2% -> +0.7%",
      "severity": "HIGH"
    },
    {
      "quarter": "2024-12 (Q4)",
      "signal": "FCF MARGIN EXPANSION",
      "detail": "FCF margin: +0.9% -> +7.2% (+6.3%)",
      "severity": "MEDIUM"
    },
    {
      "quarter": "2024-06 (Q2)",
      "signal": "FCF MARGIN EXPANSION",
      "detail": "FCF margin: +1.1% -> +11.1% (+10.0%)",
      "severity": "MEDIUM"
    },
    {
      "quarter": "2024-06 (Q2)",
      "signal": "INCREMENTAL MARGIN (YoY)",
      "detail": "YoY Incr OPM: +83.1% vs year-ago OPM: +13.8%",
      "severity": "HIGH"
    },
    {
      "quarter": "2024-03 (Q1)",
      "signal": "OP MARGIN TURNED POSITIVE (QoQ)",
      "detail": "Op margin: -3.3% -> +6.2%",
      "severity": "HIGH"
    },
    {
      "quarter": "2023-09 (Q3)",
      "signal": "OP MARGIN TURNED POSITIVE (YoY)",
      "detail": "Op margin: -95.0% (year-ago) -> +6.1%",
      "severity": "HIGH"
    },
    {
      "quarter": "2023-06 (Q2)",
      "signal": "FCF MARGIN EXPANSION",
      "detail": "FCF margin: +0.6% -> +17.1% (+16.5%)",
      "severity": "MEDIUM"
    },
    {
      "quarter": "2023-03 (Q1)",
      "signal": "GROSS MARGIN INFLECTION",
      "detail": "GM: +30.6% -> +28.2% -> +31.6% (reversal +3.4%)",
      "severity": "MEDIUM"
    },
    {
      "quarter": "2022-12 (Q4)",
      "signal": "FCF MARGIN EXPANSION",
      "detail": "FCF margin: +0.8% -> +6.6% (+5.8%)",
      "severity": "MEDIUM"
    },
    {
      "quarter": "2022-12 (Q4)",
      "signal": "OP MARGIN TURNED POSITIVE (QoQ)",
      "detail": "Op margin: -95.0% -> +1.2%",
      "severity": "HIGH"
    },
    {
      "quarter": "2022-06 (Q2)",
      "signal": "FCF TURNED POSITIVE",
      "detail": "FCF margin: -6.2% -> +4.1%",
      "severity": "HIGH"
    },
    {
      "quarter": "2022-06 (Q2)",
      "signal": "GROSS MARGIN INFLECTION",
      "detail": "GM: +32.8% -> +30.6% -> +33.0% (reversal +2.5%)",
      "severity": "MEDIUM"
    },
    {
      "quarter": "2022-03 (Q1)",
      "signal": "INCREMENTAL MARGIN (YoY)",
      "detail": "YoY Incr OPM: +58.8% vs year-ago OPM: +11.2%",
      "severity": "HIGH"
    },
    {
      "quarter": "2021-12 (Q4)",
      "signal": "FCF MARGIN EXPANSION",
      "detail": "FCF margin: +0.4% -> +12.6% (+12.2%)",
      "severity": "MEDIUM"
    },
    {
      "quarter": "2021-12 (Q4)",
      "signal": "INCREMENTAL MARGIN (YoY)",
      "detail": "YoY Incr OPM: +133.1% vs year-ago OPM: +11.9%",
      "severity": "HIGH"
    },
    {
      "quarter": "2021-06 (Q2)",
      "signal": "FCF MARGIN EXPANSION",
      "detail": "FCF margin: +4.6% -> +15.7% (+11.1%)",
      "severity": "MEDIUM"
    }
  ],
  "data_quality": {
    "n_quarters": 20,
    "coverage": {
      "revenue": [
        20,
        20
      ],
      "gross_profit": [
        20,
        20
      ],
      "op_income": [
        20,
        20
      ],
      "fcf": [
        20,
        20
      ]
    },
    "gaps": [],
    "warnings": []
  },
  "market_cap": null,
  "source": "SEC EDGAR",
  "last_updated": "2026-02-03T01:09:46.809650"
}