{
  "ticker": "R",
  "name": "RYDER SYSTEM, INC.",
  "quarters": [
    {
      "date": "2020-12-31T00:00:00",
      "quarter_label": "2020-12 (Q4)",
      "revenue": 2212928000,
      "gross_profit": null,
      "operating_income": null,
      "net_income": 25628000,
      "opex": null,
      "cogs": null,
      "rd": null,
      "sga": 277707000,
      "fcf": 484411000,
      "ocf": 484411000,
      "capex": null,
      "gross_margin": null,
      "op_margin": null,
      "fcf_margin": 0.21890047936489573
    },
    {
      "date": "2021-03-31T00:00:00",
      "quarter_label": "2021-03 (Q1)",
      "revenue": 2221622000,
      "gross_profit": null,
      "operating_income": null,
      "net_income": 50825000,
      "opex": null,
      "cogs": null,
      "rd": null,
      "sga": 241742000,
      "fcf": 465711000,
      "ocf": 465711000,
      "capex": null,
      "gross_margin": null,
      "op_margin": null,
      "fcf_margin": 0.2096265701365939,
      "fcf_margin_change": -0.009273909228301846
    },
    {
      "date": "2021-06-30T00:00:00",
      "quarter_label": "2021-06 (Q2)",
      "revenue": 2382237000,
      "gross_profit": null,
      "operating_income": null,
      "net_income": 149105000,
      "opex": null,
      "cogs": null,
      "rd": null,
      "sga": 269268000,
      "fcf": 665522000,
      "ocf": 665522000,
      "capex": null,
      "gross_margin": null,
      "op_margin": null,
      "fcf_margin": 0.27936850951437664,
      "fcf_margin_change": 0.06974193937778275
    },
    {
      "date": "2021-09-30T00:00:00",
      "quarter_label": "2021-09 (Q3)",
      "revenue": 2459049000,
      "gross_profit": null,
      "operating_income": null,
      "net_income": 138054000,
      "opex": null,
      "cogs": null,
      "rd": null,
      "sga": 255589000,
      "fcf": 553658000,
      "ocf": 553658000,
      "capex": null,
      "gross_margin": null,
      "op_margin": null,
      "fcf_margin": 0.22515126782752193,
      "fcf_margin_change": -0.05421724168685471
    },
    {
      "date": "2021-12-31T00:00:00",
      "quarter_label": "2021-12 (Q4)",
      "revenue": 2600045000,
      "gross_profit": null,
      "operating_income": null,
      "net_income": 181057000,
      "opex": null,
      "cogs": null,
      "rd": null,
      "sga": 287938000,
      "fcf": 490109000,
      "ocf": 490109000,
      "capex": null,
      "gross_margin": null,
      "op_margin": null,
      "fcf_margin": 0.1885001990350167,
      "rev_growth_yoy": 0.17493429519622872,
      "fcf_margin_change": -0.03665106879250524
    },
    {
      "date": "2022-03-31T00:00:00",
      "quarter_label": "2022-03 (Q1)",
      "revenue": 2853862000,
      "gross_profit": null,
      "operating_income": null,
      "net_income": 175587000,
      "opex": null,
      "cogs": null,
      "rd": null,
      "sga": 303215000,
      "fcf": 466000000,
      "ocf": 466000000,
      "capex": null,
      "gross_margin": null,
      "op_margin": null,
      "fcf_margin": 0.16328750303974054,
      "rev_growth_yoy": 0.2845848663724072,
      "rev_growth_yoy_accel": 0.10965057117617849,
      "fcf_margin_change": -0.025212695995276146
    },
    {
      "date": "2022-06-30T00:00:00",
      "quarter_label": "2022-06 (Q2)",
      "revenue": 3033662000,
      "gross_profit": null,
      "operating_income": null,
      "net_income": 239400000,
      "opex": null,
      "cogs": null,
      "rd": null,
      "sga": 360687000,
      "fcf": 637000000,
      "ocf": 637000000,
      "capex": null,
      "gross_margin": null,
      "op_margin": null,
      "fcf_margin": 0.20997724861899578,
      "rev_growth_yoy": 0.273450962267818,
      "rev_growth_yoy_accel": -0.011133904104589198,
      "fcf_margin_change": 0.04668974557925523
    },
    {
      "date": "2022-09-30T00:00:00",
      "quarter_label": "2022-09 (Q3)",
      "revenue": 3035464000,
      "gross_profit": null,
      "operating_income": null,
      "net_income": 245995000,
      "opex": null,
      "cogs": null,
      "rd": null,
      "sga": 349611000,
      "fcf": 683000000,
      "ocf": 683000000,
      "capex": null,
      "gross_margin": null,
      "op_margin": null,
      "fcf_margin": 0.2250067864418751,
      "rev_growth_yoy": 0.23440565844763564,
      "rev_growth_yoy_accel": -0.03904530382018237,
      "fcf_margin_change": 0.01502953782287933
    },
    {
      "date": "2022-12-31T00:00:00",
      "quarter_label": "2022-12 (Q4)",
      "revenue": 3088012000,
      "gross_profit": null,
      "operating_income": null,
      "net_income": 206018000,
      "opex": null,
      "cogs": null,
      "rd": null,
      "sga": 362693000,
      "fcf": 524000000,
      "ocf": 524000000,
      "capex": null,
      "gross_margin": null,
      "op_margin": null,
      "fcf_margin": 0.1696884597598714,
      "rev_growth_yoy": 0.18767636713979952,
      "rev_growth_yoy_accel": -0.046729291307836124,
      "fcf_margin_change": -0.055318326682003705
    },
    {
      "date": "2023-03-31T00:00:00",
      "quarter_label": "2023-03 (Q1)",
      "revenue": 2952000000,
      "gross_profit": null,
      "operating_income": null,
      "net_income": 139000000,
      "opex": null,
      "cogs": null,
      "rd": null,
      "sga": 363000000,
      "fcf": 478000000,
      "ocf": 478000000,
      "capex": null,
      "gross_margin": null,
      "op_margin": null,
      "fcf_margin": 0.1619241192411924,
      "rev_growth_yoy": 0.0343877874963821,
      "rev_growth_yoy_accel": -0.1532885796434174,
      "fcf_margin_change": -0.007764340518678997
    },
    {
      "date": "2023-06-30T00:00:00",
      "quarter_label": "2023-06 (Q2)",
      "revenue": 2884000000,
      "gross_profit": null,
      "operating_income": null,
      "net_income": -18000000,
      "opex": null,
      "cogs": null,
      "rd": null,
      "sga": 343000000,
      "fcf": 743000000,
      "ocf": 743000000,
      "capex": null,
      "gross_margin": null,
      "op_margin": null,
      "fcf_margin": 0.257628294036061,
      "rev_growth_yoy": -0.049333775483227864,
      "rev_growth_yoy_accel": -0.08372156297960996,
      "fcf_margin_change": 0.09570417479486862
    },
    {
      "date": "2023-09-30T00:00:00",
      "quarter_label": "2023-09 (Q3)",
      "revenue": 2924000000,
      "gross_profit": null,
      "operating_income": null,
      "net_income": 161000000,
      "opex": null,
      "cogs": null,
      "rd": null,
      "sga": 347000000,
      "fcf": 621000000,
      "ocf": 621000000,
      "capex": null,
      "gross_margin": null,
      "op_margin": null,
      "fcf_margin": 0.21238030095759233,
      "rev_growth_yoy": -0.03672058044503246,
      "rev_growth_yoy_accel": 0.012613195038195406,
      "fcf_margin_change": -0.04524799307846869
    },
    {
      "date": "2023-12-31T00:00:00",
      "quarter_label": "2023-12 (Q4)",
      "revenue": 3023000000,
      "gross_profit": null,
      "operating_income": null,
      "net_income": 124000000,
      "opex": null,
      "cogs": null,
      "rd": null,
      "sga": 368000000,
      "fcf": 511000000,
      "ocf": 511000000,
      "capex": null,
      "gross_margin": null,
      "op_margin": null,
      "fcf_margin": 0.16903738008600727,
      "rev_growth_yoy": -0.021053026996009083,
      "rev_growth_yoy_accel": 0.015667553449023375,
      "fcf_margin_change": -0.04334292087158506
    },
    {
      "date": "2024-03-31T00:00:00",
      "quarter_label": "2024-03 (Q1)",
      "revenue": 3098000000,
      "gross_profit": null,
      "operating_income": null,
      "net_income": 85000000,
      "opex": null,
      "cogs": null,
      "rd": null,
      "sga": 378000000,
      "fcf": 526000000,
      "ocf": 526000000,
      "capex": null,
      "gross_margin": null,
      "op_margin": null,
      "fcf_margin": 0.1697869593285991,
      "rev_growth_yoy": 0.0494579945799458,
      "rev_growth_yoy_accel": 0.07051102157595487,
      "fcf_margin_change": 0.0007495792425918357
    },
    {
      "date": "2024-06-30T00:00:00",
      "quarter_label": "2024-06 (Q2)",
      "revenue": 3182000000,
      "gross_profit": null,
      "operating_income": null,
      "net_income": 127000000,
      "opex": null,
      "cogs": null,
      "rd": null,
      "sga": 368000000,
      "fcf": 552000000,
      "ocf": 552000000,
      "capex": null,
      "gross_margin": null,
      "op_margin": null,
      "fcf_margin": 0.17347580138277813,
      "rev_growth_yoy": 0.10332871012482663,
      "rev_growth_yoy_accel": 0.05387071554488083,
      "fcf_margin_change": 0.00368884205417902
    },
    {
      "date": "2024-09-30T00:00:00",
      "quarter_label": "2024-09 (Q3)",
      "revenue": 3168000000,
      "gross_profit": null,
      "operating_income": null,
      "net_income": 142000000,
      "opex": null,
      "cogs": null,
      "rd": null,
      "sga": 368000000,
      "fcf": 629000000,
      "ocf": 629000000,
      "capex": null,
      "gross_margin": null,
      "op_margin": null,
      "fcf_margin": 0.1985479797979798,
      "rev_growth_yoy": 0.08344733242134063,
      "rev_growth_yoy_accel": -0.019881377703485997,
      "fcf_margin_change": 0.02507217841520168
    },
    {
      "date": "2024-12-31T00:00:00",
      "quarter_label": "2024-12 (Q4)",
      "revenue": 3189000000,
      "gross_profit": null,
      "operating_income": null,
      "net_income": 135000000,
      "opex": null,
      "cogs": null,
      "rd": null,
      "sga": 365000000,
      "fcf": 558000000,
      "ocf": 558000000,
      "capex": null,
      "gross_margin": null,
      "op_margin": null,
      "fcf_margin": 0.17497648165569143,
      "rev_growth_yoy": 0.054912338736354614,
      "rev_growth_yoy_accel": -0.028534993684986014,
      "fcf_margin_change": -0.023571498142288372
    },
    {
      "date": "2025-03-31T00:00:00",
      "quarter_label": "2025-03 (Q1)",
      "revenue": 3131000000,
      "gross_profit": null,
      "operating_income": null,
      "net_income": 98000000,
      "opex": null,
      "cogs": null,
      "rd": null,
      "sga": 368000000,
      "fcf": 651000000,
      "ocf": 651000000,
      "capex": null,
      "gross_margin": null,
      "op_margin": null,
      "fcf_margin": 0.2079207920792079,
      "rev_growth_yoy": 0.01065203357004519,
      "rev_growth_yoy_accel": -0.044260305166309424,
      "fcf_margin_change": 0.032944310423516476
    },
    {
      "date": "2025-06-30T00:00:00",
      "quarter_label": "2025-06 (Q2)",
      "revenue": 3189000000,
      "gross_profit": null,
      "operating_income": null,
      "net_income": 131000000,
      "opex": null,
      "cogs": null,
      "rd": null,
      "sga": 378000000,
      "fcf": 752000000,
      "ocf": 752000000,
      "capex": null,
      "gross_margin": null,
      "op_margin": null,
      "fcf_margin": 0.23581059893383505,
      "rev_growth_yoy": 0.0021998742928975488,
      "rev_growth_yoy_accel": -0.00845215927714764,
      "fcf_margin_change": 0.027889806854627136
    },
    {
      "date": "2025-09-30T00:00:00",
      "quarter_label": "2025-09 (Q3)",
      "revenue": 3171000000,
      "gross_profit": null,
      "operating_income": null,
      "net_income": 138000000,
      "opex": null,
      "cogs": null,
      "rd": null,
      "sga": 380000000,
      "fcf": 442000000,
      "ocf": 442000000,
      "capex": null,
      "gross_margin": null,
      "op_margin": null,
      "fcf_margin": 0.13938820561337117,
      "rev_growth_yoy": 0.000946969696969697,
      "rev_growth_yoy_accel": -0.0012529045959278518,
      "fcf_margin_change": -0.09642239332046387
    }
  ],
  "signals": [
    {
      "quarter": "2024-06 (Q2)",
      "signal": "YoY REVENUE GROWTH ACCELERATION",
      "detail": "YoY growth: +10.3% vs prior quarter YoY: +4.9% (accel: +5.4%)",
      "severity": "MEDIUM"
    },
    {
      "quarter": "2024-03 (Q1)",
      "signal": "YoY REVENUE GROWTH ACCELERATION",
      "detail": "YoY growth: +4.9% vs prior quarter YoY: -2.1% (accel: +7.1%)",
      "severity": "MEDIUM"
    },
    {
      "quarter": "2023-06 (Q2)",
      "signal": "FCF MARGIN EXPANSION",
      "detail": "FCF margin: +16.2% -> +25.8% (+9.6%)",
      "severity": "MEDIUM"
    },
    {
      "quarter": "2023-06 (Q2)",
      "signal": "YoY REVENUE GROWTH DECELERATION",
      "detail": "YoY growth: -4.9% vs prior quarter YoY: +3.4% (decel: -8.4%)",
      "severity": "WARNING"
    },
    {
      "quarter": "2023-03 (Q1)",
      "signal": "YoY REVENUE GROWTH DECELERATION",
      "detail": "YoY growth: +3.4% vs prior quarter YoY: +18.8% (decel: -15.3%)",
      "severity": "WARNING"
    },
    {
      "quarter": "2022-03 (Q1)",
      "signal": "YoY REVENUE GROWTH ACCELERATION",
      "detail": "YoY growth: +28.5% vs prior quarter YoY: +17.5% (accel: +11.0%)",
      "severity": "MEDIUM"
    },
    {
      "quarter": "2021-06 (Q2)",
      "signal": "FCF MARGIN EXPANSION",
      "detail": "FCF margin: +21.0% -> +27.9% (+7.0%)",
      "severity": "MEDIUM"
    }
  ],
  "data_quality": {
    "n_quarters": 20,
    "coverage": {
      "revenue": [
        20,
        20
      ],
      "gross_profit": [
        0,
        20
      ],
      "op_income": [
        0,
        20
      ],
      "fcf": [
        20,
        20
      ]
    },
    "gaps": [],
    "warnings": [
      "gross_profit: no data",
      "op_income: no data"
    ]
  },
  "market_cap": null,
  "source": "SEC EDGAR",
  "last_updated": "2026-02-02T20:47:17.702465"
}