{
  "ticker": "RAMP",
  "name": "LiveRamp Holdings, Inc.",
  "quarters": [
    {
      "date": "2020-12-31T00:00:00",
      "quarter_label": "2020-12 (Q4)",
      "revenue": 119753000,
      "gross_profit": 82668000,
      "operating_income": -15781000,
      "net_income": -11725000,
      "opex": 98449000,
      "cogs": 37085000,
      "rd": 30608000,
      "sga": null,
      "fcf": 14012000,
      "ocf": 14690000,
      "capex": -678000,
      "gross_margin": 0.6903209105408633,
      "op_margin": -0.13177957963474818,
      "fcf_margin": 0.11700750711881958
    },
    {
      "date": "2021-03-31T00:00:00",
      "quarter_label": "2021-03 (Q1)",
      "revenue": 119175000,
      "gross_profit": 81618000,
      "operating_income": -51908000,
      "net_income": -32847000,
      "opex": 133526000,
      "cogs": 37557000,
      "rd": 46479000,
      "sga": null,
      "fcf": null,
      "ocf": null,
      "capex": -376000,
      "gross_margin": 0.6848584015103839,
      "op_margin": -0.4355611495699601,
      "fcf_margin": null
    },
    {
      "date": "2021-06-30T00:00:00",
      "quarter_label": "2021-06 (Q2)",
      "revenue": 119038000,
      "gross_profit": 84723000,
      "operating_income": -17601000,
      "net_income": 17365000,
      "opex": 102324000,
      "cogs": 34315000,
      "rd": 34776000,
      "sga": null,
      "fcf": -17668000,
      "ocf": -17241000,
      "capex": -427000,
      "gross_margin": 0.7117307078411935,
      "op_margin": -0.14786034711604698,
      "fcf_margin": -0.14842319259396158
    },
    {
      "date": "2021-09-30T00:00:00",
      "quarter_label": "2021-09 (Q3)",
      "revenue": 127290000,
      "gross_profit": 92211000,
      "operating_income": -6182000,
      "net_income": -6431000,
      "opex": 98393000,
      "cogs": 35079000,
      "rd": 35788000,
      "sga": null,
      "fcf": 10025000,
      "ocf": 10901000,
      "capex": -876000,
      "gross_margin": 0.7244166863068584,
      "op_margin": -0.048566266006756224,
      "fcf_margin": 0.07875716866996622,
      "op_leverage_ratio": Infinity,
      "fcf_margin_change": 0.22718036126392782
    },
    {
      "date": "2021-12-31T00:00:00",
      "quarter_label": "2021-12 (Q4)",
      "revenue": 140604000,
      "gross_profit": 102047000,
      "operating_income": -13786000,
      "net_income": -15375000,
      "opex": 115833000,
      "cogs": 38557000,
      "rd": 41870000,
      "sga": null,
      "fcf": 24157000,
      "ocf": 25473000,
      "capex": -1316000,
      "gross_margin": 0.7257759380956446,
      "op_margin": -0.09804841967511593,
      "fcf_margin": 0.17180876788711558,
      "incr_op_margin_yoy": 0.09567886432305404,
      "rev_growth_yoy": 0.17411672358938815,
      "op_leverage_ratio": 0.5901086598109785,
      "fcf_margin_change": 0.09305159921714935
    },
    {
      "date": "2022-03-31T00:00:00",
      "quarter_label": "2022-03 (Q1)",
      "revenue": 141725000,
      "gross_profit": 102249000,
      "operating_income": -27969000,
      "net_income": -29392000,
      "opex": 130218000,
      "cogs": 39476000,
      "rd": 45501000,
      "sga": null,
      "fcf": null,
      "ocf": null,
      "capex": -1880000,
      "gross_margin": 0.7214605750573293,
      "op_margin": -0.1973469747750926,
      "fcf_margin": null,
      "incr_op_margin_yoy": 1.0615964523281596,
      "rev_growth_yoy": 0.18921753723515838,
      "rev_growth_yoy_accel": 0.015100813645770234
    },
    {
      "date": "2022-06-30T00:00:00",
      "quarter_label": "2022-06 (Q2)",
      "revenue": 142243000,
      "gross_profit": 101222000,
      "operating_income": -25602000,
      "net_income": -27218000,
      "opex": 126824000,
      "cogs": 41021000,
      "rd": 47661000,
      "sga": null,
      "fcf": -35110000,
      "ocf": -33369000,
      "capex": -1741000,
      "gross_margin": 0.7116132252553728,
      "op_margin": -0.17998776741210465,
      "fcf_margin": -0.24683112701503765,
      "incr_op_margin_yoy": -0.34479638009049773,
      "rev_growth_yoy": 0.1949377509702784,
      "rev_growth_yoy_accel": 0.005720213735120022
    },
    {
      "date": "2022-09-30T00:00:00",
      "quarter_label": "2022-09 (Q3)",
      "revenue": 147099000,
      "gross_profit": 104795000,
      "operating_income": -29122000,
      "net_income": -30436000,
      "opex": 133917000,
      "cogs": 42304000,
      "rd": 46139000,
      "sga": null,
      "fcf": 18702000,
      "ocf": 21375000,
      "capex": -2673000,
      "gross_margin": 0.7124113692139308,
      "op_margin": -0.19797551308982386,
      "fcf_margin": 0.12713886566190116,
      "incr_op_margin_yoy": -1.158059467918623,
      "rev_growth_yoy": 0.15562102286118312,
      "rev_growth_yoy_accel": -0.039316728109095284,
      "op_leverage_ratio": 0.6104066573231737,
      "fcf_margin_change": 0.3739699926769388
    },
    {
      "date": "2022-12-31T00:00:00",
      "quarter_label": "2022-12 (Q4)",
      "revenue": 158615000,
      "gross_profit": 115328000,
      "operating_income": -23949000,
      "net_income": -29684000,
      "opex": 139277000,
      "cogs": 43287000,
      "rd": 43175000,
      "sga": null,
      "fcf": null,
      "ocf": null,
      "capex": -179000,
      "gross_margin": 0.7270939066292595,
      "op_margin": -0.1509882419695489,
      "fcf_margin": null,
      "incr_op_margin_yoy": -0.5642662817167287,
      "rev_growth_yoy": 0.12809735142670195,
      "rev_growth_yoy_accel": -0.027523671434481173,
      "op_leverage_ratio": 1.955973010561574
    },
    {
      "date": "2023-03-31T00:00:00",
      "quarter_label": "2023-03 (Q1)",
      "revenue": 148626000,
      "gross_profit": 105154000,
      "operating_income": -47127000,
      "net_income": -31364000,
      "opex": 152281000,
      "cogs": 43472000,
      "rd": 52220000,
      "sga": null,
      "fcf": null,
      "ocf": null,
      "capex": -103000,
      "gross_margin": 0.7075074347691521,
      "op_margin": -0.31708449396471683,
      "fcf_margin": null,
      "incr_op_margin_yoy": -2.7761194029850746,
      "rev_growth_yoy": 0.04869289116246252,
      "rev_growth_yoy_accel": -0.07940446026423943
    },
    {
      "date": "2023-06-30T00:00:00",
      "quarter_label": "2023-06 (Q2)",
      "revenue": 154069000,
      "gross_profit": 108448000,
      "operating_income": 2270000,
      "net_income": -1586000,
      "opex": 106178000,
      "cogs": 45621000,
      "rd": 34519000,
      "sga": null,
      "fcf": 25640000,
      "ocf": 25693000,
      "capex": -53000,
      "gross_margin": 0.7038924118414477,
      "op_margin": 0.014733658295958305,
      "fcf_margin": 0.16641894216227793,
      "incr_op_margin_yoy": 2.356840859123964,
      "rev_growth_yoy": 0.08313941635089249,
      "rev_growth_yoy_accel": 0.03444652518842997,
      "op_leverage_ratio": Infinity
    },
    {
      "date": "2023-09-30T00:00:00",
      "quarter_label": "2023-09 (Q3)",
      "revenue": 159871000,
      "gross_profit": 118659000,
      "operating_income": 8208000,
      "net_income": 4863000,
      "opex": 110451000,
      "cogs": 41212000,
      "rd": 33733000,
      "sga": null,
      "fcf": null,
      "ocf": null,
      "capex": -200000,
      "gross_margin": 0.742217162587336,
      "op_margin": 0.05134139399891162,
      "fcf_margin": null,
      "incr_op_margin_yoy": 2.922799874725963,
      "rev_growth_yoy": 0.08682587916981081,
      "rev_growth_yoy_accel": 0.0036864628189183235,
      "op_leverage_ratio": 0.9357592061949285
    },
    {
      "date": "2023-12-31T00:00:00",
      "quarter_label": "2023-12 (Q4)",
      "revenue": 173869000,
      "gross_profit": 128935000,
      "operating_income": 15201000,
      "net_income": 13977000,
      "opex": 113734000,
      "cogs": 44934000,
      "rd": 37788000,
      "sga": null,
      "fcf": null,
      "ocf": null,
      "capex": -2211000,
      "gross_margin": 0.74156405109594,
      "op_margin": 0.08742789111342447,
      "fcf_margin": null,
      "incr_op_margin_yoy": 2.5665399239543727,
      "rev_growth_yoy": 0.09616997131418845,
      "rev_growth_yoy_accel": 0.009344092144377633,
      "op_leverage_ratio": 2.9457444437102542
    },
    {
      "date": "2024-03-31T00:00:00",
      "quarter_label": "2024-03 (Q1)",
      "revenue": 171852000,
      "gross_profit": 124130000,
      "operating_income": -14275000,
      "net_income": -5373000,
      "opex": 138405000,
      "cogs": 47722000,
      "rd": 45161000,
      "sga": null,
      "fcf": null,
      "ocf": null,
      "capex": -1791000,
      "gross_margin": 0.7223075669762353,
      "op_margin": -0.08306566115029211,
      "fcf_margin": null,
      "incr_op_margin_yoy": 1.4144493240334108,
      "rev_growth_yoy": 0.1562714464494772,
      "rev_growth_yoy_accel": 0.06010147513528877
    },
    {
      "date": "2024-06-30T00:00:00",
      "quarter_label": "2024-06 (Q2)",
      "revenue": 175961000,
      "gross_profit": 124212000,
      "operating_income": -5248000,
      "net_income": -7489000,
      "opex": 129460000,
      "cogs": 51749000,
      "rd": 44118000,
      "sga": null,
      "fcf": -9554000,
      "ocf": -9328000,
      "capex": -226000,
      "gross_margin": 0.7059064224458829,
      "op_margin": -0.029824790720671058,
      "fcf_margin": -0.054296122436221665,
      "incr_op_margin_yoy": -0.34341311894756077,
      "rev_growth_yoy": 0.14209217947802608,
      "rev_growth_yoy_accel": -0.014179266971451138,
      "op_leverage_ratio": Infinity
    },
    {
      "date": "2024-09-30T00:00:00",
      "quarter_label": "2024-09 (Q3)",
      "revenue": 185483000,
      "gross_profit": 134249000,
      "operating_income": 7487000,
      "net_income": 1732000,
      "opex": 126762000,
      "cogs": 51234000,
      "rd": 43889000,
      "sga": null,
      "fcf": 55355000,
      "ocf": 55596000,
      "capex": -241000,
      "gross_margin": 0.7237806160133273,
      "op_margin": 0.040364885191634815,
      "fcf_margin": 0.29843705353051225,
      "incr_op_margin_yoy": -0.028150866781196313,
      "rev_growth_yoy": 0.16020416460771497,
      "rev_growth_yoy_accel": 0.018111985129688896,
      "op_leverage_ratio": Infinity,
      "fcf_margin_change": 0.3527331759667339
    },
    {
      "date": "2024-12-31T00:00:00",
      "quarter_label": "2024-12 (Q4)",
      "revenue": 195412000,
      "gross_profit": 140414000,
      "operating_income": 14673000,
      "net_income": 11210000,
      "opex": 125741000,
      "cogs": 54998000,
      "rd": 42735000,
      "sga": null,
      "fcf": null,
      "ocf": null,
      "capex": -282000,
      "gross_margin": 0.7185536200438049,
      "op_margin": 0.07508750742021984,
      "fcf_margin": null,
      "incr_op_margin_yoy": -0.024509121292299124,
      "rev_growth_yoy": 0.12390362859394141,
      "rev_growth_yoy_accel": -0.03630053601377356,
      "op_leverage_ratio": Infinity
    },
    {
      "date": "2025-03-31T00:00:00",
      "quarter_label": "2025-03 (Q1)",
      "revenue": 188724000,
      "gross_profit": 130795000,
      "operating_income": -11508000,
      "net_income": -6267000,
      "opex": 142303000,
      "cogs": 57929000,
      "rd": 45926000,
      "sga": null,
      "fcf": null,
      "ocf": null,
      "capex": -293000,
      "gross_margin": 0.6930491087514041,
      "op_margin": -0.060977936033572835,
      "fcf_margin": null,
      "incr_op_margin_yoy": 0.1639995258416311,
      "rev_growth_yoy": 0.09817750157111933,
      "rev_growth_yoy_accel": -0.02572612702282208
    },
    {
      "date": "2025-06-30T00:00:00",
      "quarter_label": "2025-06 (Q2)",
      "revenue": 194822000,
      "gross_profit": 136503000,
      "operating_income": 7221000,
      "net_income": 7747000,
      "opex": 129282000,
      "cogs": 58319000,
      "rd": 39608000,
      "sga": null,
      "fcf": -16157000,
      "ocf": -15821000,
      "capex": -336000,
      "gross_margin": 0.7006549568323905,
      "op_margin": 0.0370646025602858,
      "fcf_margin": -0.08293211238977118,
      "incr_op_margin_yoy": 0.6610996235618471,
      "rev_growth_yoy": 0.10718852472991174,
      "rev_growth_yoy_accel": 0.009011023158792403,
      "op_leverage_ratio": Infinity
    },
    {
      "date": "2025-09-30T00:00:00",
      "quarter_label": "2025-09 (Q3)",
      "revenue": 199829000,
      "gross_profit": 140235000,
      "operating_income": 21428000,
      "net_income": 27420000,
      "opex": 118807000,
      "cogs": 59594000,
      "rd": 36952000,
      "sga": null,
      "fcf": 56819000,
      "ocf": 57408000,
      "capex": -589000,
      "gross_margin": 0.7017750176400823,
      "op_margin": 0.10723168308904113,
      "fcf_margin": 0.2843381090832662,
      "incr_op_margin_yoy": 0.9717691342534505,
      "rev_growth_yoy": 0.07734401535450688,
      "rev_growth_yoy_accel": -0.02984450937540485,
      "op_leverage_ratio": Infinity,
      "fcf_margin_change": 0.36727022147303734
    }
  ],
  "signals": [
    {
      "quarter": "2025-09 (Q3)",
      "signal": "FCF TURNED POSITIVE",
      "detail": "FCF margin: -8.3% -> +28.4%",
      "severity": "HIGH"
    },
    {
      "quarter": "2025-09 (Q3)",
      "signal": "INCREMENTAL MARGIN (YoY)",
      "detail": "YoY Incr OPM: +97.2% vs year-ago OPM: +4.0%",
      "severity": "HIGH"
    },
    {
      "quarter": "2025-06 (Q2)",
      "signal": "OP MARGIN TURNED POSITIVE (YoY)",
      "detail": "Op margin: -3.0% (year-ago) -> +3.7%",
      "severity": "HIGH"
    },
    {
      "quarter": "2025-06 (Q2)",
      "signal": "OP MARGIN TURNED POSITIVE (QoQ)",
      "detail": "Op margin: -6.1% -> +3.7%",
      "severity": "HIGH"
    },
    {
      "quarter": "2024-09 (Q3)",
      "signal": "FCF TURNED POSITIVE",
      "detail": "FCF margin: -5.4% -> +29.8%",
      "severity": "HIGH"
    },
    {
      "quarter": "2024-09 (Q3)",
      "signal": "OP MARGIN TURNED POSITIVE (QoQ)",
      "detail": "Op margin: -3.0% -> +4.0%",
      "severity": "HIGH"
    },
    {
      "quarter": "2024-03 (Q1)",
      "signal": "YoY REVENUE GROWTH ACCELERATION",
      "detail": "YoY growth: +15.6% vs prior quarter YoY: +9.6% (accel: +6.0%)",
      "severity": "MEDIUM"
    },
    {
      "quarter": "2023-12 (Q4)",
      "signal": "OPERATING LEVERAGE",
      "detail": "Rev growth +8.8% vs OpEx growth +3.0% (leverage: 2.9x)",
      "severity": "MEDIUM"
    },
    {
      "quarter": "2023-12 (Q4)",
      "signal": "OP MARGIN TURNED POSITIVE (YoY)",
      "detail": "Op margin: -15.1% (year-ago) -> +8.7%",
      "severity": "HIGH"
    },
    {
      "quarter": "2023-09 (Q3)",
      "signal": "GROSS MARGIN INFLECTION",
      "detail": "GM: +70.8% -> +70.4% -> +74.2% (reversal +3.8%)",
      "severity": "MEDIUM"
    },
    {
      "quarter": "2023-09 (Q3)",
      "signal": "OP MARGIN TURNED POSITIVE (YoY)",
      "detail": "Op margin: -19.8% (year-ago) -> +5.1%",
      "severity": "HIGH"
    },
    {
      "quarter": "2023-06 (Q2)",
      "signal": "OP MARGIN TURNED POSITIVE (YoY)",
      "detail": "Op margin: -18.0% (year-ago) -> +1.5%",
      "severity": "HIGH"
    },
    {
      "quarter": "2023-06 (Q2)",
      "signal": "OP MARGIN TURNED POSITIVE (QoQ)",
      "detail": "Op margin: -31.7% -> +1.5%",
      "severity": "HIGH"
    },
    {
      "quarter": "2023-03 (Q1)",
      "signal": "YoY REVENUE GROWTH DECELERATION",
      "detail": "YoY growth: +4.9% vs prior quarter YoY: +12.8% (decel: -7.9%)",
      "severity": "WARNING"
    },
    {
      "quarter": "2022-12 (Q4)",
      "signal": "OPERATING LEVERAGE",
      "detail": "Rev growth +7.8% vs OpEx growth +4.0% (leverage: 2.0x)",
      "severity": "MEDIUM"
    },
    {
      "quarter": "2022-09 (Q3)",
      "signal": "FCF TURNED POSITIVE",
      "detail": "FCF margin: -24.7% -> +12.7%",
      "severity": "HIGH"
    },
    {
      "quarter": "2021-12 (Q4)",
      "signal": "FCF MARGIN EXPANSION",
      "detail": "FCF margin: +7.9% -> +17.2% (+9.3%)",
      "severity": "MEDIUM"
    },
    {
      "quarter": "2021-09 (Q3)",
      "signal": "FCF TURNED POSITIVE",
      "detail": "FCF margin: -14.8% -> +7.9%",
      "severity": "HIGH"
    },
    {
      "quarter": "2021-06 (Q2)",
      "signal": "GROSS MARGIN INFLECTION",
      "detail": "GM: +69.0% -> +68.5% -> +71.2% (reversal +2.7%)",
      "severity": "MEDIUM"
    }
  ],
  "data_quality": {
    "n_quarters": 20,
    "coverage": {
      "revenue": [
        20,
        20
      ],
      "gross_profit": [
        20,
        20
      ],
      "op_income": [
        20,
        20
      ],
      "fcf": [
        11,
        20
      ]
    },
    "gaps": [],
    "warnings": [
      "fcf: 11/20Q"
    ]
  },
  "market_cap": null,
  "source": "SEC EDGAR",
  "last_updated": "2026-02-02T21:44:31.043780"
}