{
  "ticker": "RARE",
  "name": "Ultragenyx Pharmaceutical Inc.",
  "sector": "Healthcare",
  "industry": "Biotechnology",
  "quarters": [
    {
      "date": "2021-03-31T00:00:00",
      "quarter_label": "2021-03 (Q1)",
      "revenue": 99395000,
      "gross_profit": null,
      "operating_income": -106569000,
      "net_income": -136141000,
      "opex": 205964000,
      "cogs": null,
      "rd": 147518000,
      "sga": 53258000,
      "fcf": -175760000,
      "ocf": -159346000,
      "capex": -16414000,
      "gross_margin": null,
      "op_margin": -1.0721766688465215,
      "fcf_margin": -1.7682982041350168
    },
    {
      "date": "2021-06-30T00:00:00",
      "quarter_label": "2021-06 (Q2)",
      "revenue": 86975000,
      "gross_profit": null,
      "operating_income": -82776000,
      "net_income": -122428000,
      "opex": 169751000,
      "cogs": null,
      "rd": 113205000,
      "sga": 53410000,
      "fcf": -85427000,
      "ocf": -65356000,
      "capex": -20071000,
      "gross_margin": null,
      "op_margin": -0.9517217591261857,
      "fcf_margin": -0.9822017821212993,
      "fcf_margin_change": 0.7860964220137175
    },
    {
      "date": "2021-09-30T00:00:00",
      "quarter_label": "2021-09 (Q3)",
      "revenue": 81647000,
      "gross_profit": null,
      "operating_income": -89828000,
      "net_income": -72998000,
      "opex": null,
      "cogs": null,
      "rd": 113417000,
      "sga": 53883000,
      "fcf": -80209000,
      "ocf": -59649000,
      "capex": -20560000,
      "gross_margin": null,
      "op_margin": -1.1001996399132852,
      "fcf_margin": -0.982387595380112,
      "fcf_margin_change": -0.00018581325881272814
    },
    {
      "date": "2021-12-31T00:00:00",
      "quarter_label": "2021-12 (Q4)",
      "revenue": 83389000,
      "gross_profit": null,
      "operating_income": -102564000,
      "net_income": -122458000,
      "opex": null,
      "cogs": null,
      "rd": 123013000,
      "sga": 59431000,
      "fcf": -70392000,
      "ocf": -54344000,
      "capex": -16048000,
      "gross_margin": null,
      "op_margin": -1.2299463958076005,
      "fcf_margin": -0.8441401144035784,
      "fcf_margin_change": 0.1382474809765336
    },
    {
      "date": "2022-03-31T00:00:00",
      "quarter_label": "2022-03 (Q1)",
      "revenue": 79935000,
      "gross_profit": null,
      "operating_income": -136632000,
      "net_income": -152320000,
      "opex": null,
      "cogs": null,
      "rd": 143155000,
      "sga": 67312000,
      "fcf": -149705000,
      "ocf": -117521000,
      "capex": -32184000,
      "gross_margin": null,
      "op_margin": -1.7092887971476824,
      "fcf_margin": -1.8728341777694377,
      "incr_op_margin_yoy": 1.5448612538540596,
      "rev_growth_yoy": -0.19578449620202223,
      "fcf_margin_change": -1.0286940633658594
    },
    {
      "date": "2022-06-30T00:00:00",
      "quarter_label": "2022-06 (Q2)",
      "revenue": 89343000,
      "gross_profit": null,
      "operating_income": -141593000,
      "net_income": -158162000,
      "opex": null,
      "cogs": null,
      "rd": 154529000,
      "sga": 68137000,
      "fcf": -108180000,
      "ocf": -77257000,
      "capex": -30923000,
      "gross_margin": null,
      "op_margin": -1.5848247764234467,
      "fcf_margin": -1.2108391256170041,
      "incr_op_margin_yoy": -24.838260135135137,
      "rev_growth_yoy": 0.027226214429433744,
      "rev_growth_yoy_accel": 0.22301071063145597,
      "fcf_margin_change": 0.6619950521524336
    },
    {
      "date": "2022-09-30T00:00:00",
      "quarter_label": "2022-09 (Q3)",
      "revenue": 90703000,
      "gross_profit": null,
      "operating_income": -225066000,
      "net_income": -245106000,
      "opex": null,
      "cogs": null,
      "rd": 237297000,
      "sga": 69841000,
      "fcf": -121391000,
      "ocf": -95345000,
      "capex": -26046000,
      "gross_margin": null,
      "op_margin": -2.481351223223047,
      "fcf_margin": -1.338335005457372,
      "incr_op_margin_yoy": -14.933524734982333,
      "rev_growth_yoy": 0.11091650642399599,
      "rev_growth_yoy_accel": 0.08369029199456224,
      "fcf_margin_change": -0.1274958798403678
    },
    {
      "date": "2022-12-31T00:00:00",
      "quarter_label": "2022-12 (Q4)",
      "revenue": 103348000,
      "gross_profit": null,
      "operating_income": -145628000,
      "net_income": -151833000,
      "opex": null,
      "cogs": null,
      "rd": 170808000,
      "sga": 72849000,
      "fcf": -117312000,
      "ocf": -90342000,
      "capex": -26970000,
      "gross_margin": null,
      "op_margin": -1.4091032240585206,
      "fcf_margin": -1.1351163060726865,
      "incr_op_margin_yoy": -2.1576231274111928,
      "rev_growth_yoy": 0.23934811545887347,
      "rev_growth_yoy_accel": 0.1284316090348775,
      "fcf_margin_change": 0.2032186993846854
    },
    {
      "date": "2023-03-31T00:00:00",
      "quarter_label": "2023-03 (Q1)",
      "revenue": 100496000,
      "gross_profit": null,
      "operating_income": -154105000,
      "net_income": -163972000,
      "opex": null,
      "cogs": null,
      "rd": 165698000,
      "sga": 76646000,
      "fcf": -181901000,
      "ocf": -156867000,
      "capex": -25034000,
      "gross_margin": null,
      "op_margin": -1.5334441171787931,
      "fcf_margin": -1.8100322400891578,
      "incr_op_margin_yoy": -0.84981275229804,
      "rev_growth_yoy": 0.2572214924626259,
      "rev_growth_yoy_accel": 0.01787337700375241,
      "fcf_margin_change": -0.6749159340164712
    },
    {
      "date": "2023-06-30T00:00:00",
      "quarter_label": "2023-06 (Q2)",
      "revenue": 108309000,
      "gross_profit": null,
      "operating_income": -147957000,
      "net_income": -159828000,
      "opex": null,
      "cogs": null,
      "rd": 164949000,
      "sga": 81403000,
      "fcf": -130099000,
      "ocf": -116161000,
      "capex": -13938000,
      "gross_margin": null,
      "op_margin": -1.366063762014237,
      "fcf_margin": -1.2011836504814928,
      "incr_op_margin_yoy": -0.3355478224190657,
      "rev_growth_yoy": 0.2122829992276955,
      "rev_growth_yoy_accel": -0.04493849323493038,
      "fcf_margin_change": 0.608848589607665
    },
    {
      "date": "2023-09-30T00:00:00",
      "quarter_label": "2023-09 (Q3)",
      "revenue": 98052000,
      "gross_profit": null,
      "operating_income": -145097000,
      "net_income": -159649000,
      "opex": null,
      "cogs": null,
      "rd": 157245000,
      "sga": 74917000,
      "fcf": -121569000,
      "ocf": -117874000,
      "capex": -3695000,
      "gross_margin": null,
      "op_margin": -1.4797964345449353,
      "fcf_margin": -1.2398421245869538,
      "incr_op_margin_yoy": 10.881616546468907,
      "rev_growth_yoy": 0.08102267841195991,
      "rev_growth_yoy_accel": -0.13126032081573558,
      "fcf_margin_change": -0.03865847410546097
    },
    {
      "date": "2023-12-31T00:00:00",
      "quarter_label": "2023-12 (Q4)",
      "revenue": 127392000,
      "gross_profit": null,
      "operating_income": -122049000,
      "net_income": -123190000,
      "opex": null,
      "cogs": null,
      "rd": 160557000,
      "sga": 76833000,
      "fcf": -85431000,
      "ocf": -84098000,
      "capex": -1333000,
      "gross_margin": null,
      "op_margin": -0.95805859080633,
      "fcf_margin": -0.6706151092690279,
      "incr_op_margin_yoy": 0.9806604558309765,
      "rev_growth_yoy": 0.2326508495568371,
      "rev_growth_yoy_accel": 0.1516281711448772,
      "fcf_margin_change": 0.5692270153179259
    },
    {
      "date": "2024-03-31T00:00:00",
      "quarter_label": "2024-03 (Q1)",
      "revenue": 108833000,
      "gross_profit": null,
      "operating_income": -165347000,
      "net_income": -170684000,
      "opex": null,
      "cogs": null,
      "rd": 178487000,
      "sga": 78160000,
      "fcf": -193938000,
      "ocf": -190727000,
      "capex": -3211000,
      "gross_margin": null,
      "op_margin": -1.5192726470831457,
      "fcf_margin": -1.7819778927347403,
      "incr_op_margin_yoy": -1.3484466834592779,
      "rev_growth_yoy": 0.08295852571246617,
      "rev_growth_yoy_accel": -0.14969232384437092,
      "fcf_margin_change": -1.1113627834657125
    },
    {
      "date": "2024-06-30T00:00:00",
      "quarter_label": "2024-06 (Q2)",
      "revenue": 147026000,
      "gross_profit": null,
      "operating_income": -116361000,
      "net_income": -131598000,
      "opex": null,
      "cogs": null,
      "rd": 161503000,
      "sga": 80604000,
      "fcf": -78972000,
      "ocf": -76963000,
      "capex": -2009000,
      "gross_margin": null,
      "op_margin": -0.7914314474990818,
      "fcf_margin": -0.5371294873015657,
      "incr_op_margin_yoy": 0.8160756256941395,
      "rev_growth_yoy": 0.35746798511665695,
      "rev_growth_yoy_accel": 0.2745094594041908,
      "fcf_margin_change": 1.2448484054331745
    },
    {
      "date": "2024-09-30T00:00:00",
      "quarter_label": "2024-09 (Q3)",
      "revenue": 139494000,
      "gross_profit": null,
      "operating_income": -131987000,
      "net_income": -133516000,
      "opex": null,
      "cogs": null,
      "rd": 170109000,
      "sga": 80351000,
      "fcf": -68612000,
      "ocf": -66995000,
      "capex": -1617000,
      "gross_margin": null,
      "op_margin": -0.9461840652644559,
      "fcf_margin": -0.49186344932398524,
      "incr_op_margin_yoy": 0.3163457362096424,
      "rev_growth_yoy": 0.4226532860115041,
      "rev_growth_yoy_accel": 0.06518530089484714,
      "fcf_margin_change": 0.0452660379775805
    },
    {
      "date": "2024-12-31T00:00:00",
      "quarter_label": "2024-12 (Q4)",
      "revenue": 164877000,
      "gross_profit": null,
      "operating_income": -122278000,
      "net_income": -133385000,
      "opex": null,
      "cogs": null,
      "rd": 187766000,
      "sga": 82495000,
      "fcf": -79478000,
      "ocf": -79315000,
      "capex": -163000,
      "gross_margin": null,
      "op_margin": -0.7416316405562935,
      "fcf_margin": -0.4820441905177799,
      "incr_op_margin_yoy": -0.006109110310790983,
      "rev_growth_yoy": 0.2942492464204974,
      "rev_growth_yoy_accel": -0.1284040395910067,
      "fcf_margin_change": 0.009819258806205322
    },
    {
      "date": "2025-03-31T00:00:00",
      "quarter_label": "2025-03 (Q1)",
      "revenue": 139292000,
      "gross_profit": null,
      "operating_income": -142939000,
      "net_income": -151080000,
      "opex": null,
      "cogs": null,
      "rd": 165772000,
      "sga": 87797000,
      "fcf": -167799000,
      "ocf": -166475000,
      "capex": -1324000,
      "gross_margin": null,
      "op_margin": -1.0261824081785027,
      "fcf_margin": -1.2046564052494042,
      "incr_op_margin_yoy": 0.7356774680718343,
      "rev_growth_yoy": 0.27986915733279427,
      "rev_growth_yoy_accel": -0.014380089087703107,
      "fcf_margin_change": -0.7226122147316243
    },
    {
      "date": "2025-06-30T00:00:00",
      "quarter_label": "2025-06 (Q2)",
      "revenue": 166496000,
      "gross_profit": null,
      "operating_income": -107888000,
      "net_income": -114951000,
      "opex": null,
      "cogs": null,
      "rd": 164736000,
      "sga": 86646000,
      "fcf": -110733000,
      "ocf": -108273000,
      "capex": -2460000,
      "gross_margin": null,
      "op_margin": -0.6479915433403806,
      "fcf_margin": -0.6650790409379205,
      "incr_op_margin_yoy": 0.43518233179250126,
      "rev_growth_yoy": 0.1324255573844082,
      "rev_growth_yoy_accel": -0.14744359994838607,
      "fcf_margin_change": 0.5395773643114837
    },
    {
      "date": "2025-09-30T00:00:00",
      "quarter_label": "2025-09 (Q3)",
      "revenue": 159933000,
      "gross_profit": null,
      "operating_income": -170890000,
      "net_income": -180413000,
      "opex": null,
      "cogs": null,
      "rd": 216212000,
      "sga": 86620000,
      "fcf": -92701000,
      "ocf": -91423000,
      "capex": -1278000,
      "gross_margin": null,
      "op_margin": -1.0685099385367622,
      "fcf_margin": -0.5796239675364059,
      "incr_op_margin_yoy": -1.9033710064093154,
      "rev_growth_yoy": 0.1465224310723042,
      "rev_growth_yoy_accel": 0.014096873687896,
      "fcf_margin_change": 0.08545507340151459
    },
    {
      "date": "2025-12-31T00:00:00",
      "quarter_label": "2025-12 (Q4)",
      "revenue": 207279000,
      "gross_profit": null,
      "operating_income": -113283000,
      "net_income": -128556000,
      "opex": null,
      "cogs": null,
      "rd": 203280000,
      "sga": 87937000,
      "fcf": -100767000,
      "ocf": -99829000,
      "capex": -938000,
      "gross_margin": null,
      "op_margin": -0.5465242499240155,
      "fcf_margin": -0.48614186675929544,
      "incr_op_margin_yoy": 0.21213621998962312,
      "rev_growth_yoy": 0.2571735293582489,
      "rev_growth_yoy_accel": 0.11065109828594469,
      "fcf_margin_change": 0.09348210077711044
    }
  ],
  "signals": [
    {
      "quarter": "2025-12 (Q4)",
      "signal": "FCF MARGIN EXPANSION",
      "detail": "FCF margin: -58.0% -> -48.6% (+9.3%)",
      "severity": "MEDIUM"
    },
    {
      "quarter": "2025-12 (Q4)",
      "signal": "YoY REVENUE GROWTH ACCELERATION",
      "detail": "YoY growth: +25.7% vs prior quarter YoY: +14.7% (accel: +11.1%)",
      "severity": "MEDIUM"
    },
    {
      "quarter": "2025-09 (Q3)",
      "signal": "FCF MARGIN EXPANSION",
      "detail": "FCF margin: -66.5% -> -58.0% (+8.5%)",
      "severity": "MEDIUM"
    },
    {
      "quarter": "2025-06 (Q2)",
      "signal": "FCF MARGIN EXPANSION",
      "detail": "FCF margin: -120.5% -> -66.5% (+54.0%)",
      "severity": "MEDIUM"
    },
    {
      "quarter": "2025-06 (Q2)",
      "signal": "YoY REVENUE GROWTH DECELERATION",
      "detail": "YoY growth: +13.2% vs prior quarter YoY: +28.0% (decel: -14.7%)",
      "severity": "WARNING"
    },
    {
      "quarter": "2024-12 (Q4)",
      "signal": "YoY REVENUE GROWTH DECELERATION",
      "detail": "YoY growth: +29.4% vs prior quarter YoY: +42.3% (decel: -12.8%)",
      "severity": "WARNING"
    },
    {
      "quarter": "2024-09 (Q3)",
      "signal": "YoY REVENUE GROWTH ACCELERATION",
      "detail": "YoY growth: +42.3% vs prior quarter YoY: +35.7% (accel: +6.5%)",
      "severity": "MEDIUM"
    },
    {
      "quarter": "2024-06 (Q2)",
      "signal": "FCF MARGIN EXPANSION",
      "detail": "FCF margin: -178.2% -> -53.7% (+124.5%)",
      "severity": "MEDIUM"
    },
    {
      "quarter": "2024-06 (Q2)",
      "signal": "YoY REVENUE GROWTH ACCELERATION",
      "detail": "YoY growth: +35.7% vs prior quarter YoY: +8.3% (accel: +27.5%)",
      "severity": "HIGH"
    },
    {
      "quarter": "2024-03 (Q1)",
      "signal": "YoY REVENUE GROWTH DECELERATION",
      "detail": "YoY growth: +8.3% vs prior quarter YoY: +23.3% (decel: -15.0%)",
      "severity": "WARNING"
    },
    {
      "quarter": "2023-12 (Q4)",
      "signal": "FCF MARGIN EXPANSION",
      "detail": "FCF margin: -124.0% -> -67.1% (+56.9%)",
      "severity": "MEDIUM"
    },
    {
      "quarter": "2023-12 (Q4)",
      "signal": "YoY REVENUE GROWTH ACCELERATION",
      "detail": "YoY growth: +23.3% vs prior quarter YoY: +8.1% (accel: +15.2%)",
      "severity": "HIGH"
    },
    {
      "quarter": "2023-09 (Q3)",
      "signal": "YoY REVENUE GROWTH DECELERATION",
      "detail": "YoY growth: +8.1% vs prior quarter YoY: +21.2% (decel: -13.1%)",
      "severity": "WARNING"
    },
    {
      "quarter": "2023-06 (Q2)",
      "signal": "FCF MARGIN EXPANSION",
      "detail": "FCF margin: -181.0% -> -120.1% (+60.9%)",
      "severity": "MEDIUM"
    },
    {
      "quarter": "2022-12 (Q4)",
      "signal": "FCF MARGIN EXPANSION",
      "detail": "FCF margin: -133.8% -> -113.5% (+20.3%)",
      "severity": "MEDIUM"
    },
    {
      "quarter": "2022-12 (Q4)",
      "signal": "YoY REVENUE GROWTH ACCELERATION",
      "detail": "YoY growth: +23.9% vs prior quarter YoY: +11.1% (accel: +12.8%)",
      "severity": "MEDIUM"
    },
    {
      "quarter": "2022-09 (Q3)",
      "signal": "YoY REVENUE GROWTH ACCELERATION",
      "detail": "YoY growth: +11.1% vs prior quarter YoY: +2.7% (accel: +8.4%)",
      "severity": "MEDIUM"
    },
    {
      "quarter": "2022-06 (Q2)",
      "signal": "FCF MARGIN EXPANSION",
      "detail": "FCF margin: -187.3% -> -121.1% (+66.2%)",
      "severity": "MEDIUM"
    },
    {
      "quarter": "2022-06 (Q2)",
      "signal": "YoY REVENUE GROWTH ACCELERATION",
      "detail": "YoY growth: +2.7% vs prior quarter YoY: -19.6% (accel: +22.3%)",
      "severity": "HIGH"
    },
    {
      "quarter": "2021-12 (Q4)",
      "signal": "FCF MARGIN EXPANSION",
      "detail": "FCF margin: -98.2% -> -84.4% (+13.8%)",
      "severity": "MEDIUM"
    },
    {
      "quarter": "2021-06 (Q2)",
      "signal": "FCF MARGIN EXPANSION",
      "detail": "FCF margin: -176.8% -> -98.2% (+78.6%)",
      "severity": "MEDIUM"
    }
  ],
  "data_quality": {
    "n_quarters": 20,
    "coverage": {
      "revenue": [
        20,
        20
      ],
      "gross_profit": [
        0,
        20
      ],
      "op_income": [
        20,
        20
      ],
      "fcf": [
        20,
        20
      ]
    },
    "gaps": [],
    "warnings": [
      "gross_profit: no data"
    ]
  },
  "market_cap": null,
  "source": "SEC EDGAR",
  "last_updated": "2026-02-24T10:32:06.170065"
}