{
  "ticker": "RBA",
  "name": "RB Global, Inc.",
  "quarters": [
    {
      "date": "2020-12-31T00:00:00",
      "quarter_label": "2020-12 (Q4)",
      "revenue": 383413000,
      "gross_profit": null,
      "operating_income": 72892000,
      "net_income": 48857000,
      "opex": 310519000,
      "cogs": null,
      "rd": null,
      "sga": 108320000,
      "fcf": -12077000,
      "ocf": -7679000,
      "capex": -4398000,
      "gross_margin": null,
      "op_margin": 0.19011353292663524,
      "fcf_margin": -0.0314986711457358
    },
    {
      "date": "2021-03-31T00:00:00",
      "quarter_label": "2021-03 (Q1)",
      "revenue": 331555000,
      "gross_profit": null,
      "operating_income": 44502000,
      "net_income": 28188000,
      "opex": 287053000,
      "cogs": null,
      "rd": null,
      "sga": 116078000,
      "fcf": 179131000,
      "ocf": 180687000,
      "capex": -1556000,
      "gross_margin": null,
      "op_margin": 0.13422207476889203,
      "fcf_margin": 0.5402753690941171,
      "fcf_margin_change": 0.5717740402398529
    },
    {
      "date": "2021-06-30T00:00:00",
      "quarter_label": "2021-06 (Q2)",
      "revenue": 396361000,
      "gross_profit": null,
      "operating_income": 89517000,
      "net_income": 60749000,
      "opex": 306844000,
      "cogs": null,
      "rd": null,
      "sga": 111819000,
      "fcf": 27640000,
      "ocf": 30700000,
      "capex": -3060000,
      "gross_margin": null,
      "op_margin": 0.22584714439614392,
      "fcf_margin": 0.06973440878391164,
      "op_leverage_ratio": 2.8350060240779738,
      "fcf_margin_change": -0.4705409603102055
    },
    {
      "date": "2021-09-30T00:00:00",
      "quarter_label": "2021-09 (Q3)",
      "revenue": 329682000,
      "gross_profit": null,
      "operating_income": 53619000,
      "net_income": 32336000,
      "opex": 276063000,
      "cogs": null,
      "rd": null,
      "sga": 108578000,
      "fcf": 90363000,
      "ocf": 92731000,
      "capex": -2368000,
      "gross_margin": null,
      "op_margin": 0.16263854259559213,
      "fcf_margin": 0.2740913971645404,
      "fcf_margin_change": 0.20435698838062877
    },
    {
      "date": "2021-12-31T00:00:00",
      "quarter_label": "2021-12 (Q4)",
      "revenue": 359373000,
      "gross_profit": null,
      "operating_income": 52509000,
      "net_income": 30595000,
      "opex": 306864000,
      "cogs": null,
      "rd": null,
      "sga": 128124000,
      "fcf": 10666000,
      "ocf": 13482000,
      "capex": -2816000,
      "gross_margin": null,
      "op_margin": 0.14611281314956884,
      "fcf_margin": 0.02967946952052603,
      "incr_op_margin_yoy": 0.8478785357737105,
      "rev_growth_yoy": -0.06270001277995269,
      "op_leverage_ratio": 0.8071848002270794,
      "fcf_margin_change": -0.24441192764401437
    },
    {
      "date": "2022-03-31T00:00:00",
      "quarter_label": "2022-03 (Q1)",
      "revenue": 393921000,
      "gross_profit": null,
      "operating_income": 232840000,
      "net_income": 178094000,
      "opex": 330901000,
      "cogs": null,
      "rd": null,
      "sga": 126606000,
      "fcf": 183100000,
      "ocf": 185100000,
      "capex": -2000000,
      "gross_margin": null,
      "op_margin": 0.5910829836439286,
      "fcf_margin": 0.4648140109311258,
      "incr_op_margin_yoy": 3.0198826283551936,
      "rev_growth_yoy": 0.18810152161783114,
      "rev_growth_yoy_accel": 0.25080153439778385,
      "op_leverage_ratio": 1.2272785510383448,
      "fcf_margin_change": 0.43513454141059976
    },
    {
      "date": "2022-06-30T00:00:00",
      "quarter_label": "2022-06 (Q2)",
      "revenue": 484546000,
      "gross_profit": null,
      "operating_income": 91867000,
      "net_income": 53365000,
      "opex": 393026000,
      "cogs": null,
      "rd": null,
      "sga": 144277000,
      "fcf": 10400000,
      "ocf": 12900000,
      "capex": -2500000,
      "gross_margin": null,
      "op_margin": 0.1895939704383072,
      "fcf_margin": 0.021463390472731176,
      "incr_op_margin_yoy": 0.026648522991438453,
      "rev_growth_yoy": 0.2224865715849945,
      "rev_growth_yoy_accel": 0.03438504996716335,
      "op_leverage_ratio": 1.2253793679341183,
      "fcf_margin_change": -0.44335062045839463
    },
    {
      "date": "2022-09-30T00:00:00",
      "quarter_label": "2022-09 (Q3)",
      "revenue": 411479000,
      "gross_profit": null,
      "operating_income": 63954000,
      "net_income": 42909000,
      "opex": 347858000,
      "cogs": null,
      "rd": null,
      "sga": 133193000,
      "fcf": 44100000,
      "ocf": 65900000,
      "capex": -21800000,
      "gross_margin": null,
      "op_margin": 0.15542469968090716,
      "fcf_margin": 0.10717436369778288,
      "incr_op_margin_yoy": 0.12634937711652017,
      "rev_growth_yoy": 0.24810878361572666,
      "rev_growth_yoy_accel": 0.025622212030732172,
      "fcf_margin_change": 0.08571097322505171
    },
    {
      "date": "2022-12-31T00:00:00",
      "quarter_label": "2022-12 (Q4)",
      "revenue": 443862000,
      "gross_profit": null,
      "operating_income": 65886000,
      "net_income": 45289000,
      "opex": 378310000,
      "cogs": null,
      "rd": null,
      "sga": 135856000,
      "fcf": 193500000,
      "ocf": 199200000,
      "capex": -5700000,
      "gross_margin": null,
      "op_margin": 0.14843802803574083,
      "fcf_margin": 0.43594630763615716,
      "incr_op_margin_yoy": 0.1583283030927103,
      "rev_growth_yoy": 0.23510113447587883,
      "rev_growth_yoy_accel": -0.013007649139847838,
      "op_leverage_ratio": 0.8989914859026634,
      "fcf_margin_change": 0.3287719439383743
    },
    {
      "date": "2023-03-31T00:00:00",
      "quarter_label": "2023-03 (Q1)",
      "revenue": 512400000,
      "gross_profit": null,
      "operating_income": -24900000,
      "net_income": -28100000,
      "opex": 538500000,
      "cogs": null,
      "rd": null,
      "sga": 148200000,
      "fcf": -80800000,
      "ocf": -57300000,
      "capex": -23500000,
      "gross_margin": null,
      "op_margin": -0.04859484777517564,
      "fcf_margin": -0.15768930523028885,
      "incr_op_margin_yoy": -2.175406612142236,
      "rev_growth_yoy": 0.30076842818737765,
      "rev_growth_yoy_accel": 0.06566729371149882,
      "op_leverage_ratio": 0.364666510575412,
      "fcf_margin_change": -0.593635612866446
    },
    {
      "date": "2023-06-30T00:00:00",
      "quarter_label": "2023-06 (Q2)",
      "revenue": 1106500000,
      "gross_profit": null,
      "operating_income": 179600000,
      "net_income": 86900000,
      "opex": 929600000,
      "cogs": null,
      "rd": null,
      "sga": 194500000,
      "fcf": 38500000,
      "ocf": 107200000,
      "capex": -68700000,
      "gross_margin": null,
      "op_margin": 0.1623136014460009,
      "fcf_margin": 0.034794396746497966,
      "incr_op_margin_yoy": 0.1410602713383948,
      "rev_growth_yoy": 1.2835809190458698,
      "rev_growth_yoy_accel": 0.9828124908584921,
      "op_leverage_ratio": 1.5964242750136675,
      "fcf_margin_change": 0.19248370197678683
    },
    {
      "date": "2023-09-30T00:00:00",
      "quarter_label": "2023-09 (Q3)",
      "revenue": 1019800000,
      "gross_profit": null,
      "operating_income": 145800000,
      "net_income": 63400000,
      "opex": 874500000,
      "cogs": null,
      "rd": null,
      "sga": 203500000,
      "fcf": 95400000,
      "ocf": 156800000,
      "capex": -61400000,
      "gross_margin": null,
      "op_margin": 0.14296920964895077,
      "fcf_margin": 0.09354775446165915,
      "incr_op_margin_yoy": 0.13454409760636243,
      "rev_growth_yoy": 1.4783767822902263,
      "rev_growth_yoy_accel": 0.1947958632443565,
      "fcf_margin_change": 0.058753357715161186
    },
    {
      "date": "2023-12-31T00:00:00",
      "quarter_label": "2023-12 (Q4)",
      "revenue": 1040900000,
      "gross_profit": null,
      "operating_income": 170800000,
      "net_income": 84300000,
      "opex": 870600000,
      "cogs": null,
      "rd": null,
      "sga": 197500000,
      "fcf": 263000000,
      "ocf": 337300000,
      "capex": -74300000,
      "gross_margin": null,
      "op_margin": 0.16408876933423,
      "fcf_margin": 0.252665962148141,
      "incr_op_margin_yoy": 0.1757241582612832,
      "rev_growth_yoy": 1.3450982512582739,
      "rev_growth_yoy_accel": -0.13327853103195242,
      "op_leverage_ratio": Infinity,
      "fcf_margin_change": 0.15911820768648188
    },
    {
      "date": "2024-03-31T00:00:00",
      "quarter_label": "2024-03 (Q1)",
      "revenue": 1064700000,
      "gross_profit": null,
      "operating_income": 198900000,
      "net_income": 107400000,
      "opex": 868200000,
      "cogs": null,
      "rd": null,
      "sga": 198100000,
      "fcf": 79600000,
      "ocf": 124800000,
      "capex": -45200000,
      "gross_margin": null,
      "op_margin": 0.18681318681318682,
      "fcf_margin": 0.07476284399361323,
      "incr_op_margin_yoy": 0.4052145573058121,
      "rev_growth_yoy": 1.0778688524590163,
      "rev_growth_yoy_accel": -0.26722939879925756,
      "op_leverage_ratio": Infinity,
      "fcf_margin_change": -0.1779031181545278
    },
    {
      "date": "2024-06-30T00:00:00",
      "quarter_label": "2024-06 (Q2)",
      "revenue": 1096100000,
      "gross_profit": null,
      "operating_income": 201900000,
      "net_income": 111100000,
      "opex": 894500000,
      "cogs": null,
      "rd": null,
      "sga": 208600000,
      "fcf": 308600000,
      "ocf": 337300000,
      "capex": -28700000,
      "gross_margin": null,
      "op_margin": 0.18419852203266127,
      "fcf_margin": 0.2815436547760241,
      "incr_op_margin_yoy": -2.144230769230769,
      "rev_growth_yoy": -0.009399005874378672,
      "rev_growth_yoy_accel": -1.087267858333395,
      "op_leverage_ratio": 0.9735683055367174,
      "fcf_margin_change": 0.2067808107824109
    },
    {
      "date": "2024-09-30T00:00:00",
      "quarter_label": "2024-09 (Q3)",
      "revenue": 981800000,
      "gross_profit": null,
      "operating_income": 153400000,
      "net_income": 76100000,
      "opex": 828900000,
      "cogs": null,
      "rd": null,
      "sga": 177800000,
      "fcf": 248500000,
      "ocf": 285400000,
      "capex": -36900000,
      "gross_margin": null,
      "op_margin": 0.156243634141373,
      "fcf_margin": 0.25310653900998165,
      "incr_op_margin_yoy": -0.2,
      "rev_growth_yoy": -0.03726220827613257,
      "rev_growth_yoy_accel": -0.0278632024017539,
      "fcf_margin_change": -0.028437115766042464
    },
    {
      "date": "2024-12-31T00:00:00",
      "quarter_label": "2024-12 (Q4)",
      "revenue": 1141600000,
      "gross_profit": null,
      "operating_income": 207000000,
      "net_income": 118500000,
      "opex": 935200000,
      "cogs": null,
      "rd": null,
      "sga": 189400000,
      "fcf": 127900000,
      "ocf": 184500000,
      "capex": -56600000,
      "gross_margin": null,
      "op_margin": 0.18132445690259286,
      "fcf_margin": 0.11203573931324456,
      "incr_op_margin_yoy": 0.35948361469712015,
      "rev_growth_yoy": 0.09674320299740609,
      "rev_growth_yoy_accel": 0.13400541127353865,
      "op_leverage_ratio": 1.2691782540065504,
      "fcf_margin_change": -0.14107079969673708
    },
    {
      "date": "2025-03-31T00:00:00",
      "quarter_label": "2025-03 (Q1)",
      "revenue": 1108600000,
      "gross_profit": null,
      "operating_income": 189500000,
      "net_income": 113400000,
      "opex": 919500000,
      "cogs": null,
      "rd": null,
      "sga": 205000000,
      "fcf": 102500000,
      "ocf": 156800000,
      "capex": -54300000,
      "gross_margin": null,
      "op_margin": 0.170936316074328,
      "fcf_margin": 0.09245895724337001,
      "incr_op_margin_yoy": -0.214123006833713,
      "rev_growth_yoy": 0.04123227200150277,
      "rev_growth_yoy_accel": -0.05551093099590332,
      "fcf_margin_change": -0.01957678206987455
    },
    {
      "date": "2025-06-30T00:00:00",
      "quarter_label": "2025-06 (Q2)",
      "revenue": 1186000000,
      "gross_profit": null,
      "operating_income": 188600000,
      "net_income": 109800000,
      "opex": 981900000,
      "cogs": null,
      "rd": null,
      "sga": 222200000,
      "fcf": 241700000,
      "ocf": 326500000,
      "capex": -84800000,
      "gross_margin": null,
      "op_margin": 0.15902192242833052,
      "fcf_margin": 0.20379426644182125,
      "incr_op_margin_yoy": -0.14794215795328142,
      "rev_growth_yoy": 0.08201806404525135,
      "rev_growth_yoy_accel": 0.040785792043748575,
      "op_leverage_ratio": 1.0288053886398645,
      "fcf_margin_change": 0.11133530919845123
    },
    {
      "date": "2025-09-30T00:00:00",
      "quarter_label": "2025-09 (Q3)",
      "revenue": 1092700000,
      "gross_profit": null,
      "operating_income": 158300000,
      "net_income": 95500000,
      "opex": 935600000,
      "cogs": null,
      "rd": null,
      "sga": 217800000,
      "fcf": 188500000,
      "ocf": 239700000,
      "capex": -51200000,
      "gross_margin": null,
      "op_margin": 0.14487050425551387,
      "fcf_margin": 0.17250846526951588,
      "incr_op_margin_yoy": 0.04418394950405771,
      "rev_growth_yoy": 0.11295579547769403,
      "rev_growth_yoy_accel": 0.03093773143244269,
      "fcf_margin_change": -0.031285801172305366
    }
  ],
  "signals": [
    {
      "quarter": "2025-06 (Q2)",
      "signal": "FCF MARGIN EXPANSION",
      "detail": "FCF margin: +9.2% -> +20.4% (+11.1%)",
      "severity": "MEDIUM"
    },
    {
      "quarter": "2025-03 (Q1)",
      "signal": "YoY REVENUE GROWTH DECELERATION",
      "detail": "YoY growth: +4.1% vs prior quarter YoY: +9.7% (decel: -5.6%)",
      "severity": "WARNING"
    },
    {
      "quarter": "2024-12 (Q4)",
      "signal": "YoY REVENUE GROWTH ACCELERATION",
      "detail": "YoY growth: +9.7% vs prior quarter YoY: -3.7% (accel: +13.4%)",
      "severity": "MEDIUM"
    },
    {
      "quarter": "2024-12 (Q4)",
      "signal": "INCREMENTAL MARGIN (YoY)",
      "detail": "YoY Incr OPM: +35.9% vs year-ago OPM: +16.4%",
      "severity": "MEDIUM"
    },
    {
      "quarter": "2024-06 (Q2)",
      "signal": "FCF MARGIN EXPANSION",
      "detail": "FCF margin: +7.5% -> +28.2% (+20.7%)",
      "severity": "MEDIUM"
    },
    {
      "quarter": "2024-06 (Q2)",
      "signal": "YoY REVENUE GROWTH DECELERATION",
      "detail": "YoY growth: -0.9% vs prior quarter YoY: +107.8% (decel: -108.7%)",
      "severity": "WARNING"
    },
    {
      "quarter": "2024-03 (Q1)",
      "signal": "YoY REVENUE GROWTH DECELERATION",
      "detail": "YoY growth: +107.8% vs prior quarter YoY: +134.5% (decel: -26.7%)",
      "severity": "WARNING"
    },
    {
      "quarter": "2024-03 (Q1)",
      "signal": "OP MARGIN TURNED POSITIVE (YoY)",
      "detail": "Op margin: -4.9% (year-ago) -> +18.7%",
      "severity": "HIGH"
    },
    {
      "quarter": "2023-12 (Q4)",
      "signal": "FCF MARGIN EXPANSION",
      "detail": "FCF margin: +9.4% -> +25.3% (+15.9%)",
      "severity": "MEDIUM"
    },
    {
      "quarter": "2023-12 (Q4)",
      "signal": "YoY REVENUE GROWTH DECELERATION",
      "detail": "YoY growth: +134.5% vs prior quarter YoY: +147.8% (decel: -13.3%)",
      "severity": "WARNING"
    },
    {
      "quarter": "2023-09 (Q3)",
      "signal": "FCF MARGIN EXPANSION",
      "detail": "FCF margin: +3.5% -> +9.4% (+5.9%)",
      "severity": "MEDIUM"
    },
    {
      "quarter": "2023-09 (Q3)",
      "signal": "YoY REVENUE GROWTH ACCELERATION",
      "detail": "YoY growth: +147.8% vs prior quarter YoY: +128.4% (accel: +19.5%)",
      "severity": "HIGH"
    },
    {
      "quarter": "2023-06 (Q2)",
      "signal": "FCF TURNED POSITIVE",
      "detail": "FCF margin: -15.8% -> +3.5%",
      "severity": "HIGH"
    },
    {
      "quarter": "2023-06 (Q2)",
      "signal": "OPERATING LEVERAGE",
      "detail": "Rev growth +115.9% vs OpEx growth +72.6% (leverage: 1.6x)",
      "severity": "MEDIUM"
    },
    {
      "quarter": "2023-06 (Q2)",
      "signal": "YoY REVENUE GROWTH ACCELERATION",
      "detail": "YoY growth: +128.4% vs prior quarter YoY: +30.1% (accel: +98.3%)",
      "severity": "HIGH"
    },
    {
      "quarter": "2023-06 (Q2)",
      "signal": "OP MARGIN TURNED POSITIVE (QoQ)",
      "detail": "Op margin: -4.9% -> +16.2%",
      "severity": "HIGH"
    },
    {
      "quarter": "2023-03 (Q1)",
      "signal": "YoY REVENUE GROWTH ACCELERATION",
      "detail": "YoY growth: +30.1% vs prior quarter YoY: +23.5% (accel: +6.6%)",
      "severity": "MEDIUM"
    },
    {
      "quarter": "2022-12 (Q4)",
      "signal": "FCF MARGIN EXPANSION",
      "detail": "FCF margin: +10.7% -> +43.6% (+32.9%)",
      "severity": "MEDIUM"
    },
    {
      "quarter": "2022-09 (Q3)",
      "signal": "FCF MARGIN EXPANSION",
      "detail": "FCF margin: +2.1% -> +10.7% (+8.6%)",
      "severity": "MEDIUM"
    },
    {
      "quarter": "2022-03 (Q1)",
      "signal": "FCF MARGIN EXPANSION",
      "detail": "FCF margin: +3.0% -> +46.5% (+43.5%)",
      "severity": "MEDIUM"
    },
    {
      "quarter": "2022-03 (Q1)",
      "signal": "YoY REVENUE GROWTH ACCELERATION",
      "detail": "YoY growth: +18.8% vs prior quarter YoY: -6.3% (accel: +25.1%)",
      "severity": "HIGH"
    },
    {
      "quarter": "2022-03 (Q1)",
      "signal": "INCREMENTAL MARGIN (YoY)",
      "detail": "YoY Incr OPM: +302.0% vs year-ago OPM: +13.4%",
      "severity": "HIGH"
    },
    {
      "quarter": "2021-12 (Q4)",
      "signal": "INCREMENTAL MARGIN (YoY)",
      "detail": "YoY Incr OPM: +84.8% vs year-ago OPM: +19.0%",
      "severity": "HIGH"
    },
    {
      "quarter": "2021-09 (Q3)",
      "signal": "FCF MARGIN EXPANSION",
      "detail": "FCF margin: +7.0% -> +27.4% (+20.4%)",
      "severity": "MEDIUM"
    },
    {
      "quarter": "2021-06 (Q2)",
      "signal": "OPERATING LEVERAGE",
      "detail": "Rev growth +19.5% vs OpEx growth +6.9% (leverage: 2.8x)",
      "severity": "MEDIUM"
    },
    {
      "quarter": "2021-03 (Q1)",
      "signal": "FCF TURNED POSITIVE",
      "detail": "FCF margin: -3.1% -> +54.0%",
      "severity": "HIGH"
    }
  ],
  "data_quality": {
    "n_quarters": 20,
    "coverage": {
      "revenue": [
        20,
        20
      ],
      "gross_profit": [
        0,
        20
      ],
      "op_income": [
        20,
        20
      ],
      "fcf": [
        20,
        20
      ]
    },
    "gaps": [],
    "warnings": [
      "gross_profit: no data"
    ]
  },
  "market_cap": null,
  "source": "SEC EDGAR",
  "last_updated": "2026-02-02T20:16:50.623036"
}