{
  "ticker": "RBCAA",
  "name": "REPUBLIC BANCORP, INC.",
  "quarters": [
    {
      "date": "2020-12-31T00:00:00",
      "quarter_label": "2020-12 (Q4)",
      "revenue": 72256000,
      "gross_profit": null,
      "operating_income": null,
      "net_income": 20356000,
      "opex": null,
      "cogs": null,
      "rd": null,
      "sga": null,
      "fcf": 12517000,
      "ocf": 13388000,
      "capex": -871000,
      "gross_margin": null,
      "op_margin": null,
      "fcf_margin": 0.1732312887511072
    },
    {
      "date": "2021-03-31T00:00:00",
      "quarter_label": "2021-03 (Q1)",
      "revenue": 96817000,
      "gross_profit": null,
      "operating_income": null,
      "net_income": 26053000,
      "opex": null,
      "cogs": null,
      "rd": null,
      "sga": null,
      "fcf": 15712000,
      "ocf": 16771000,
      "capex": -1059000,
      "gross_margin": null,
      "op_margin": null,
      "fcf_margin": 0.16228554902548106,
      "fcf_margin_change": -0.010945739725626125
    },
    {
      "date": "2021-06-30T00:00:00",
      "quarter_label": "2021-06 (Q2)",
      "revenue": 65399000,
      "gross_profit": null,
      "operating_income": null,
      "net_income": 23922000,
      "opex": null,
      "cogs": null,
      "rd": null,
      "sga": null,
      "fcf": 35656000,
      "ocf": 38520000,
      "capex": -2864000,
      "gross_margin": null,
      "op_margin": null,
      "fcf_margin": 0.5452071132586125,
      "fcf_margin_change": 0.3829215642331314
    },
    {
      "date": "2021-09-30T00:00:00",
      "quarter_label": "2021-09 (Q3)",
      "revenue": 70304000,
      "gross_profit": null,
      "operating_income": null,
      "net_income": 20009000,
      "opex": null,
      "cogs": null,
      "rd": null,
      "sga": null,
      "fcf": 40086000,
      "ocf": 41135000,
      "capex": -1049000,
      "gross_margin": null,
      "op_margin": null,
      "fcf_margin": 0.5701809285389167,
      "fcf_margin_change": 0.02497381528030418
    },
    {
      "date": "2021-12-31T00:00:00",
      "quarter_label": "2021-12 (Q4)",
      "revenue": 102131000,
      "gross_profit": null,
      "operating_income": null,
      "net_income": 16805000,
      "opex": null,
      "cogs": null,
      "rd": null,
      "sga": null,
      "fcf": 3014000,
      "ocf": 3827000,
      "capex": -813000,
      "gross_margin": null,
      "op_margin": null,
      "fcf_margin": 0.029511118073846335,
      "rev_growth_yoy": 0.413460473870682,
      "fcf_margin_change": -0.5406698104650703
    },
    {
      "date": "2022-03-31T00:00:00",
      "quarter_label": "2022-03 (Q1)",
      "revenue": 93613000,
      "gross_profit": null,
      "operating_income": null,
      "net_income": 27926000,
      "opex": null,
      "cogs": null,
      "rd": null,
      "sga": null,
      "fcf": 80545000,
      "ocf": 80868000,
      "capex": -323000,
      "gross_margin": null,
      "op_margin": null,
      "fcf_margin": 0.8604040037174324,
      "rev_growth_yoy": -0.0330933617030067,
      "rev_growth_yoy_accel": -0.4465538355736887,
      "fcf_margin_change": 0.8308928856435861
    },
    {
      "date": "2022-06-30T00:00:00",
      "quarter_label": "2022-06 (Q2)",
      "revenue": 81798000,
      "gross_profit": null,
      "operating_income": null,
      "net_income": 23901000,
      "opex": null,
      "cogs": null,
      "rd": null,
      "sga": null,
      "fcf": 12190000,
      "ocf": 13709000,
      "capex": -1519000,
      "gross_margin": null,
      "op_margin": null,
      "fcf_margin": 0.14902564854886427,
      "rev_growth_yoy": 0.2507530696188015,
      "rev_growth_yoy_accel": 0.2838464313218082,
      "fcf_margin_change": -0.7113783551685682
    },
    {
      "date": "2022-09-30T00:00:00",
      "quarter_label": "2022-09 (Q3)",
      "revenue": 73083000,
      "gross_profit": null,
      "operating_income": null,
      "net_income": 19483000,
      "opex": null,
      "cogs": null,
      "rd": null,
      "sga": null,
      "fcf": 39427000,
      "ocf": 40209000,
      "capex": -782000,
      "gross_margin": null,
      "op_margin": null,
      "fcf_margin": 0.5394825061915904,
      "rev_growth_yoy": 0.03952833409194356,
      "rev_growth_yoy_accel": -0.21122473552685794,
      "fcf_margin_change": 0.3904568576427262
    },
    {
      "date": "2022-12-31T00:00:00",
      "quarter_label": "2022-12 (Q4)",
      "revenue": 78007000,
      "gross_profit": null,
      "operating_income": null,
      "net_income": 19796000,
      "opex": null,
      "cogs": null,
      "rd": null,
      "sga": null,
      "fcf": 19124000,
      "ocf": 20003000,
      "capex": -879000,
      "gross_margin": null,
      "op_margin": null,
      "fcf_margin": 0.24515748586665298,
      "rev_growth_yoy": -0.23620644074766722,
      "rev_growth_yoy_accel": -0.2757347748396108,
      "fcf_margin_change": -0.29432502032493746
    },
    {
      "date": "2023-03-31T00:00:00",
      "quarter_label": "2023-03 (Q1)",
      "revenue": 115323000,
      "gross_profit": null,
      "operating_income": null,
      "net_income": 28092000,
      "opex": null,
      "cogs": null,
      "rd": null,
      "sga": null,
      "fcf": 69048000,
      "ocf": 70736000,
      "capex": -1688000,
      "gross_margin": null,
      "op_margin": null,
      "fcf_margin": 0.5987357248770844,
      "rev_growth_yoy": 0.23191223441188724,
      "rev_growth_yoy_accel": 0.46811867515955446,
      "fcf_margin_change": 0.3535782390104314
    },
    {
      "date": "2023-06-30T00:00:00",
      "quarter_label": "2023-06 (Q2)",
      "revenue": 84180000,
      "gross_profit": null,
      "operating_income": null,
      "net_income": 21052000,
      "opex": null,
      "cogs": null,
      "rd": null,
      "sga": null,
      "fcf": -7686000,
      "ocf": -5843000,
      "capex": -1843000,
      "gross_margin": null,
      "op_margin": null,
      "fcf_margin": -0.09130434782608696,
      "rev_growth_yoy": 0.029120516394043863,
      "rev_growth_yoy_accel": -0.20279171801784338,
      "fcf_margin_change": -0.6900400727031714
    },
    {
      "date": "2023-09-30T00:00:00",
      "quarter_label": "2023-09 (Q3)",
      "revenue": 78844000,
      "gross_profit": null,
      "operating_income": null,
      "net_income": 21571000,
      "opex": null,
      "cogs": null,
      "rd": null,
      "sga": null,
      "fcf": 19614000,
      "ocf": 21361000,
      "capex": -1747000,
      "gross_margin": null,
      "op_margin": null,
      "fcf_margin": 0.24876972248998022,
      "rev_growth_yoy": 0.07882818165647278,
      "rev_growth_yoy_accel": 0.04970766526242891,
      "fcf_margin_change": 0.3400740703160672
    },
    {
      "date": "2023-12-31T00:00:00",
      "quarter_label": "2023-12 (Q4)",
      "revenue": 81888000,
      "gross_profit": null,
      "operating_income": null,
      "net_income": 19659000,
      "opex": null,
      "cogs": null,
      "rd": null,
      "sga": null,
      "fcf": 20659000,
      "ocf": 22277000,
      "capex": -1618000,
      "gross_margin": null,
      "op_margin": null,
      "fcf_margin": 0.2522836068776866,
      "rev_growth_yoy": 0.04975194533823887,
      "rev_growth_yoy_accel": -0.029076236318233903,
      "fcf_margin_change": 0.003513884387706362
    },
    {
      "date": "2024-03-31T00:00:00",
      "quarter_label": "2024-03 (Q1)",
      "revenue": 120292000,
      "gross_profit": null,
      "operating_income": null,
      "net_income": 30606000,
      "opex": null,
      "cogs": null,
      "rd": null,
      "sga": null,
      "fcf": 69134000,
      "ocf": 71224000,
      "capex": -2090000,
      "gross_margin": null,
      "op_margin": null,
      "fcf_margin": 0.5747181857480131,
      "rev_growth_yoy": 0.043087675485375856,
      "rev_growth_yoy_accel": -0.006664269852863017,
      "fcf_margin_change": 0.32243457887032656
    },
    {
      "date": "2024-06-30T00:00:00",
      "quarter_label": "2024-06 (Q2)",
      "revenue": 86882000,
      "gross_profit": null,
      "operating_income": null,
      "net_income": 25206000,
      "opex": null,
      "cogs": null,
      "rd": null,
      "sga": null,
      "fcf": 2693000,
      "ocf": 3981000,
      "capex": -1288000,
      "gross_margin": null,
      "op_margin": null,
      "fcf_margin": 0.030996063626527934,
      "rev_growth_yoy": 0.03209788548348776,
      "rev_growth_yoy_accel": -0.010989790001888093,
      "fcf_margin_change": -0.5437221221214852
    },
    {
      "date": "2024-09-30T00:00:00",
      "quarter_label": "2024-09 (Q3)",
      "revenue": 88118000,
      "gross_profit": null,
      "operating_income": null,
      "net_income": 26543000,
      "opex": null,
      "cogs": null,
      "rd": null,
      "sga": null,
      "fcf": 49769000,
      "ocf": 51265000,
      "capex": -1496000,
      "gross_margin": null,
      "op_margin": null,
      "fcf_margin": 0.5647994734333507,
      "rev_growth_yoy": 0.11762467657653088,
      "rev_growth_yoy_accel": 0.08552679109304312,
      "fcf_margin_change": 0.5338034098068227
    },
    {
      "date": "2024-12-31T00:00:00",
      "quarter_label": "2024-12 (Q4)",
      "revenue": 89512000,
      "gross_profit": null,
      "operating_income": null,
      "net_income": 19016000,
      "opex": null,
      "cogs": null,
      "rd": null,
      "sga": null,
      "fcf": 21594000,
      "ocf": 22529000,
      "capex": -935000,
      "gross_margin": null,
      "op_margin": null,
      "fcf_margin": 0.2412413978014121,
      "rev_growth_yoy": 0.09310277452129738,
      "rev_growth_yoy_accel": -0.024521902055233497,
      "fcf_margin_change": -0.3235580756319386
    },
    {
      "date": "2025-03-31T00:00:00",
      "quarter_label": "2025-03 (Q1)",
      "revenue": 135842000,
      "gross_profit": null,
      "operating_income": null,
      "net_income": 47268000,
      "opex": null,
      "cogs": null,
      "rd": null,
      "sga": null,
      "fcf": 91560000,
      "ocf": 93189000,
      "capex": -1629000,
      "gross_margin": null,
      "op_margin": null,
      "fcf_margin": 0.6740183448418015,
      "rev_growth_yoy": 0.12926877930369435,
      "rev_growth_yoy_accel": 0.03616600478239697,
      "fcf_margin_change": 0.4327769470403894
    },
    {
      "date": "2025-06-30T00:00:00",
      "quarter_label": "2025-06 (Q2)",
      "revenue": 93846000,
      "gross_profit": null,
      "operating_income": null,
      "net_income": 31484000,
      "opex": null,
      "cogs": null,
      "rd": null,
      "sga": null,
      "fcf": 5169000,
      "ocf": 8449000,
      "capex": -3280000,
      "gross_margin": null,
      "op_margin": null,
      "fcf_margin": 0.05507959849114507,
      "rev_growth_yoy": 0.0801546925715338,
      "rev_growth_yoy_accel": -0.04911408673216054,
      "fcf_margin_change": -0.6189387463506564
    },
    {
      "date": "2025-09-30T00:00:00",
      "quarter_label": "2025-09 (Q3)",
      "revenue": 93538000,
      "gross_profit": null,
      "operating_income": null,
      "net_income": 29744000,
      "opex": null,
      "cogs": null,
      "rd": null,
      "sga": null,
      "fcf": 30809000,
      "ocf": 33280000,
      "capex": -2471000,
      "gross_margin": null,
      "op_margin": null,
      "fcf_margin": 0.3293741580961748,
      "rev_growth_yoy": 0.06150843187543975,
      "rev_growth_yoy_accel": -0.018646260696094055,
      "fcf_margin_change": 0.27429455960502974
    }
  ],
  "signals": [
    {
      "quarter": "2025-09 (Q3)",
      "signal": "FCF MARGIN EXPANSION",
      "detail": "FCF margin: +5.5% -> +32.9% (+27.4%)",
      "severity": "MEDIUM"
    },
    {
      "quarter": "2025-03 (Q1)",
      "signal": "FCF MARGIN EXPANSION",
      "detail": "FCF margin: +24.1% -> +67.4% (+43.3%)",
      "severity": "MEDIUM"
    },
    {
      "quarter": "2024-09 (Q3)",
      "signal": "FCF MARGIN EXPANSION",
      "detail": "FCF margin: +3.1% -> +56.5% (+53.4%)",
      "severity": "MEDIUM"
    },
    {
      "quarter": "2024-09 (Q3)",
      "signal": "YoY REVENUE GROWTH ACCELERATION",
      "detail": "YoY growth: +11.8% vs prior quarter YoY: +3.2% (accel: +8.6%)",
      "severity": "MEDIUM"
    },
    {
      "quarter": "2024-03 (Q1)",
      "signal": "FCF MARGIN EXPANSION",
      "detail": "FCF margin: +25.2% -> +57.5% (+32.2%)",
      "severity": "MEDIUM"
    },
    {
      "quarter": "2023-09 (Q3)",
      "signal": "FCF TURNED POSITIVE",
      "detail": "FCF margin: -9.1% -> +24.9%",
      "severity": "HIGH"
    },
    {
      "quarter": "2023-06 (Q2)",
      "signal": "YoY REVENUE GROWTH DECELERATION",
      "detail": "YoY growth: +2.9% vs prior quarter YoY: +23.2% (decel: -20.3%)",
      "severity": "WARNING"
    },
    {
      "quarter": "2023-03 (Q1)",
      "signal": "FCF MARGIN EXPANSION",
      "detail": "FCF margin: +24.5% -> +59.9% (+35.4%)",
      "severity": "MEDIUM"
    },
    {
      "quarter": "2023-03 (Q1)",
      "signal": "YoY REVENUE GROWTH ACCELERATION",
      "detail": "YoY growth: +23.2% vs prior quarter YoY: -23.6% (accel: +46.8%)",
      "severity": "HIGH"
    },
    {
      "quarter": "2022-12 (Q4)",
      "signal": "YoY REVENUE GROWTH DECELERATION",
      "detail": "YoY growth: -23.6% vs prior quarter YoY: +4.0% (decel: -27.6%)",
      "severity": "WARNING"
    },
    {
      "quarter": "2022-09 (Q3)",
      "signal": "FCF MARGIN EXPANSION",
      "detail": "FCF margin: +14.9% -> +53.9% (+39.0%)",
      "severity": "MEDIUM"
    },
    {
      "quarter": "2022-09 (Q3)",
      "signal": "YoY REVENUE GROWTH DECELERATION",
      "detail": "YoY growth: +4.0% vs prior quarter YoY: +25.1% (decel: -21.1%)",
      "severity": "WARNING"
    },
    {
      "quarter": "2022-06 (Q2)",
      "signal": "YoY REVENUE GROWTH ACCELERATION",
      "detail": "YoY growth: +25.1% vs prior quarter YoY: -3.3% (accel: +28.4%)",
      "severity": "HIGH"
    },
    {
      "quarter": "2022-03 (Q1)",
      "signal": "FCF MARGIN EXPANSION",
      "detail": "FCF margin: +3.0% -> +86.0% (+83.1%)",
      "severity": "MEDIUM"
    },
    {
      "quarter": "2022-03 (Q1)",
      "signal": "YoY REVENUE GROWTH DECELERATION",
      "detail": "YoY growth: -3.3% vs prior quarter YoY: +41.3% (decel: -44.7%)",
      "severity": "WARNING"
    },
    {
      "quarter": "2021-06 (Q2)",
      "signal": "FCF MARGIN EXPANSION",
      "detail": "FCF margin: +16.2% -> +54.5% (+38.3%)",
      "severity": "MEDIUM"
    }
  ],
  "data_quality": {
    "n_quarters": 20,
    "coverage": {
      "revenue": [
        20,
        20
      ],
      "gross_profit": [
        0,
        20
      ],
      "op_income": [
        0,
        20
      ],
      "fcf": [
        20,
        20
      ]
    },
    "gaps": [],
    "warnings": [
      "gross_profit: no data",
      "op_income: no data"
    ]
  },
  "market_cap": null,
  "source": "SEC EDGAR",
  "last_updated": "2026-02-02T21:51:39.836535"
}