{
  "ticker": "RCAT",
  "name": "Red Cat Holdings, Inc.",
  "quarters": [
    {
      "date": "2021-07-31T00:00:00",
      "quarter_label": "2021-07 (Q3)",
      "revenue": 1396751,
      "gross_profit": 102404,
      "operating_income": null,
      "net_income": -1557772,
      "opex": 1782016,
      "cogs": 1294347,
      "rd": 244254,
      "sga": null,
      "fcf": -4073042,
      "ocf": -4073042,
      "capex": null,
      "gross_margin": 0.07331585944810493,
      "op_margin": null,
      "fcf_margin": -2.916083110017462
    },
    {
      "date": "2021-10-31T00:00:00",
      "quarter_label": "2021-10 (Q4)",
      "revenue": 1863239,
      "gross_profit": 152582,
      "operating_income": null,
      "net_income": -2740601,
      "opex": 2912720,
      "cogs": 1710657,
      "rd": 493441,
      "sga": null,
      "fcf": -4494465,
      "ocf": -4494465,
      "capex": null,
      "gross_margin": 0.08189072899397233,
      "op_margin": null,
      "fcf_margin": -2.412178469858134,
      "op_leverage_ratio": 0.5263615485517816,
      "fcf_margin_change": 0.5039046401593277
    },
    {
      "date": "2022-01-31T00:00:00",
      "quarter_label": "2022-01 (Q1)",
      "revenue": 1856751,
      "gross_profit": 339781,
      "operating_income": null,
      "net_income": -2564817,
      "opex": 3503496,
      "cogs": 1516970,
      "rd": 811288,
      "sga": null,
      "fcf": -3471608,
      "ocf": -3471608,
      "capex": null,
      "gross_margin": 0.1829976124962367,
      "op_margin": null,
      "fcf_margin": -1.869721895935427,
      "fcf_margin_change": 0.5424565739227072
    },
    {
      "date": "2022-04-30T00:00:00",
      "quarter_label": "2022-04 (Q2)",
      "revenue": 1312222,
      "gross_profit": 330748,
      "operating_income": null,
      "net_income": -4825938,
      "opex": 5729569,
      "cogs": 981474,
      "rd": 1057158,
      "sga": null,
      "fcf": -3980205,
      "ocf": -3980205,
      "capex": null,
      "gross_margin": 0.2520518631755907,
      "op_margin": null,
      "fcf_margin": -3.0331795991836747,
      "fcf_margin_change": -1.1634577032482478
    },
    {
      "date": "2022-07-31T00:00:00",
      "quarter_label": "2022-07 (Q3)",
      "revenue": 3069271,
      "gross_profit": 357627,
      "operating_income": null,
      "net_income": -3811599,
      "opex": 4056123,
      "cogs": 2711644,
      "rd": 532770,
      "sga": null,
      "fcf": -3814762,
      "ocf": -3814762,
      "capex": null,
      "gross_margin": 0.11651854788971062,
      "op_margin": null,
      "fcf_margin": -1.2428886207832415,
      "rev_growth_yoy": 1.1974360498041527,
      "op_leverage_ratio": Infinity,
      "fcf_margin_change": 1.7902909784004333
    },
    {
      "date": "2022-10-31T00:00:00",
      "quarter_label": "2022-10 (Q4)",
      "revenue": 1530462,
      "gross_profit": 233655,
      "operating_income": null,
      "net_income": -6244477,
      "opex": 7005989,
      "cogs": 1296807,
      "rd": 1354914,
      "sga": null,
      "fcf": -5712710,
      "ocf": -5712710,
      "capex": null,
      "gross_margin": 0.15266958604656633,
      "op_margin": null,
      "fcf_margin": -3.732670265579936,
      "rev_growth_yoy": -0.1786013495853189,
      "rev_growth_yoy_accel": -1.3760373993894717,
      "fcf_margin_change": -2.4897816447966945
    },
    {
      "date": "2023-01-31T00:00:00",
      "quarter_label": "2023-01 (Q1)",
      "revenue": 3106644,
      "gross_profit": 102612,
      "operating_income": -5184105,
      "net_income": -5666002,
      "opex": 5628410,
      "cogs": 3004032,
      "rd": 1302008,
      "sga": null,
      "fcf": -7278678,
      "ocf": -7278678,
      "capex": null,
      "gross_margin": 0.03302985472426194,
      "op_margin": -1.6687155013577353,
      "fcf_margin": -2.342939197410453,
      "rev_growth_yoy": 0.673161344736047,
      "rev_growth_yoy_accel": 0.851762694321366,
      "op_leverage_ratio": Infinity,
      "fcf_margin_change": 1.3897310681694828
    },
    {
      "date": "2023-04-30T00:00:00",
      "quarter_label": "2023-04 (Q2)",
      "revenue": 2205403,
      "gross_profit": -1030689,
      "operating_income": -11362774,
      "net_income": -11365659,
      "opex": 10099744,
      "cogs": 3236092,
      "rd": 2058644,
      "sga": null,
      "fcf": -12393270,
      "ocf": -12393270,
      "capex": null,
      "gross_margin": -0.46734723767039404,
      "op_margin": -5.152243830265943,
      "fcf_margin": -5.619503555585986,
      "rev_growth_yoy": 0.6806630280547041,
      "rev_growth_yoy_accel": 0.007501683318657082,
      "fcf_margin_change": -3.276564358175533
    },
    {
      "date": "2023-07-31T00:00:00",
      "quarter_label": "2023-07 (Q3)",
      "revenue": 1748129,
      "gross_profit": 174665,
      "operating_income": -5594295,
      "net_income": -5810348,
      "opex": 5187700,
      "cogs": 1573464,
      "rd": 1138127,
      "sga": null,
      "fcf": -6926069,
      "ocf": -6926069,
      "capex": null,
      "gross_margin": 0.09991539525973198,
      "op_margin": -3.2001614297343046,
      "fcf_margin": -3.9619896472171106,
      "rev_growth_yoy": -0.43044162604084163,
      "rev_growth_yoy_accel": -1.1111046540955458,
      "fcf_margin_change": 1.6575139083688755
    },
    {
      "date": "2023-10-31T00:00:00",
      "quarter_label": "2023-10 (Q4)",
      "revenue": 3930868,
      "gross_profit": 1200582,
      "operating_income": -5244299,
      "net_income": -5681328,
      "opex": 5760223,
      "cogs": 2730286,
      "rd": 1987890,
      "sga": null,
      "fcf": -4314290,
      "ocf": -4314290,
      "capex": null,
      "gross_margin": 0.3054241455067939,
      "op_margin": -1.3341325630878473,
      "fcf_margin": -1.097541306398485,
      "rev_growth_yoy": 1.5684192093629243,
      "rev_growth_yoy_accel": 1.998860835403766,
      "op_leverage_ratio": 11.313845551853783,
      "fcf_margin_change": 2.8644483408186256
    },
    {
      "date": "2024-01-31T00:00:00",
      "quarter_label": "2024-01 (Q1)",
      "revenue": 5847933,
      "gross_profit": 1101651,
      "operating_income": -4447348,
      "net_income": -5488538,
      "opex": 5548999,
      "cogs": 4746282,
      "rd": 2125268,
      "sga": null,
      "fcf": -4114575,
      "ocf": -4114575,
      "capex": null,
      "gross_margin": 0.18838297223993503,
      "op_margin": -0.7604991370455167,
      "fcf_margin": -0.7035947573270761,
      "incr_op_margin_yoy": 0.2687629797514965,
      "rev_growth_yoy": 0.8823956011696222,
      "rev_growth_yoy_accel": -0.6860236081933021,
      "op_leverage_ratio": Infinity,
      "fcf_margin_change": 0.3939465490714088
    },
    {
      "date": "2024-03-31T00:00:00",
      "quarter_label": "2024-03 (Q1)",
      "revenue": 6614029,
      "gross_profit": 1121204,
      "operating_income": -6043299,
      "net_income": -6781080,
      "opex": 7164503,
      "cogs": 5492825,
      "rd": 2669502,
      "sga": null,
      "fcf": null,
      "ocf": null,
      "capex": null,
      "gross_margin": 0.1695190631912863,
      "op_margin": -0.9137091778702513,
      "fcf_margin": null,
      "incr_op_margin_yoy": 1.2066060945065424,
      "rev_growth_yoy": 1.99901151852972,
      "rev_growth_yoy_accel": 1.1166159173600976,
      "op_leverage_ratio": 0.44997399473795635
    },
    {
      "date": "2024-04-30T00:00:00",
      "quarter_label": "2024-04 (Q2)",
      "revenue": 6309452,
      "gross_profit": 1203648,
      "operating_income": -7506672,
      "net_income": -7072415,
      "opex": 5059836,
      "cogs": 5105804,
      "rd": 644752,
      "sga": null,
      "fcf": null,
      "ocf": null,
      "capex": null,
      "gross_margin": 0.1907690239976467,
      "op_margin": -1.1897502350441844,
      "fcf_margin": null,
      "incr_op_margin_yoy": 0.9395847856592355,
      "rev_growth_yoy": 1.860906600743719,
      "rev_growth_yoy_accel": -0.13810491778600098
    },
    {
      "date": "2024-06-30T00:00:00",
      "quarter_label": "2024-06 (Q2)",
      "revenue": 6419669,
      "gross_profit": 267804,
      "operating_income": -5376018,
      "net_income": -8160019,
      "opex": 5643822,
      "cogs": 6151865,
      "rd": 289016,
      "sga": null,
      "fcf": null,
      "ocf": null,
      "capex": null,
      "gross_margin": 0.041716169478519846,
      "op_margin": -0.8374291571730568,
      "fcf_margin": null,
      "incr_op_margin_yoy": 0.04672484876507533,
      "rev_growth_yoy": 2.6723085081249724,
      "rev_growth_yoy_accel": 0.8114019073812535,
      "op_leverage_ratio": 0.1513529708134015
    },
    {
      "date": "2024-07-31T00:00:00",
      "quarter_label": "2024-07 (Q3)",
      "revenue": 2776535,
      "gross_profit": -483391,
      "operating_income": -12416376,
      "net_income": -12416376,
      "opex": 7244096,
      "cogs": 3259926,
      "rd": 1626440,
      "sga": null,
      "fcf": null,
      "ocf": null,
      "capex": null,
      "gross_margin": -0.17409865173678704,
      "op_margin": -4.471896086309014,
      "fcf_margin": null,
      "incr_op_margin_yoy": -6.633645661343866,
      "rev_growth_yoy": 0.5882895369849708,
      "rev_growth_yoy_accel": -2.0840189711400017
    },
    {
      "date": "2024-09-30T00:00:00",
      "quarter_label": "2024-09 (Q3)",
      "revenue": 1292447,
      "gross_profit": -391963,
      "operating_income": -8441784,
      "net_income": -12433718,
      "opex": 8049821,
      "cogs": 1684410,
      "rd": 1879486,
      "sga": null,
      "fcf": null,
      "ocf": null,
      "capex": null,
      "gross_margin": -0.3032720103803096,
      "op_margin": -6.531628763113691,
      "fcf_margin": null,
      "incr_op_margin_yoy": 1.211893401394243,
      "rev_growth_yoy": -0.6712056980799151,
      "rev_growth_yoy_accel": -1.259495235064886
    },
    {
      "date": "2024-10-31T00:00:00",
      "quarter_label": "2024-10 (Q4)",
      "revenue": 1534727,
      "gross_profit": -23475,
      "operating_income": -13334618,
      "net_income": -13334618,
      "opex": 9092944,
      "cogs": 1558202,
      "rd": 2231470,
      "sga": null,
      "fcf": null,
      "ocf": null,
      "capex": null,
      "gross_margin": -0.015295879983866837,
      "op_margin": -8.688592824652202,
      "fcf_margin": null,
      "incr_op_margin_yoy": 3.3763952121348453,
      "rev_growth_yoy": -0.609570456194408,
      "rev_growth_yoy_accel": 0.061635241885507175,
      "op_leverage_ratio": 1.4466235276685908
    },
    {
      "date": "2025-03-31T00:00:00",
      "quarter_label": "2025-03 (Q1)",
      "revenue": 1629662,
      "gross_profit": -850410,
      "operating_income": -12478199,
      "net_income": -23123351,
      "opex": 11627789,
      "cogs": 2480072,
      "rd": 3432593,
      "sga": null,
      "fcf": null,
      "ocf": null,
      "capex": null,
      "gross_margin": -0.5218321345162371,
      "op_margin": -7.656924564725691,
      "fcf_margin": null,
      "incr_op_margin_yoy": 1.2910164921644012,
      "rev_growth_yoy": -0.7536052533183631,
      "rev_growth_yoy_accel": -0.14403479712395517,
      "op_leverage_ratio": 0.2218954153380623
    },
    {
      "date": "2025-06-30T00:00:00",
      "quarter_label": "2025-06 (Q2)",
      "revenue": 3218577,
      "gross_profit": 375054,
      "operating_income": -12646547,
      "net_income": -13278960,
      "opex": 13021601,
      "cogs": 2843523,
      "rd": 3598267,
      "sga": null,
      "fcf": null,
      "ocf": null,
      "capex": null,
      "gross_margin": 0.11652789415943754,
      "op_margin": -3.929235497550626,
      "fcf_margin": null,
      "incr_op_margin_yoy": 2.271265243235746,
      "rev_growth_yoy": -0.49863816966264146,
      "rev_growth_yoy_accel": 0.2549670836557217,
      "op_leverage_ratio": 8.133848315803176
    },
    {
      "date": "2025-09-30T00:00:00",
      "quarter_label": "2025-09 (Q3)",
      "revenue": 9646392,
      "gross_profit": 637502,
      "operating_income": -17531089,
      "net_income": -16016448,
      "opex": 18168591,
      "cogs": 9008890,
      "rd": 5968131,
      "sga": null,
      "fcf": null,
      "ocf": null,
      "capex": null,
      "gross_margin": 0.0660870924590251,
      "op_margin": -1.8173726508315233,
      "fcf_margin": null,
      "incr_op_margin_yoy": -1.088025477783251,
      "rev_growth_yoy": 6.463665434636778,
      "rev_growth_yoy_accel": 6.96230360429942,
      "op_leverage_ratio": 5.052548890843934
    }
  ],
  "signals": [
    {
      "quarter": "2025-09 (Q3)",
      "signal": "OPERATING LEVERAGE",
      "detail": "Rev growth +199.7% vs OpEx growth +39.5% (leverage: 5.1x)",
      "severity": "MEDIUM"
    },
    {
      "quarter": "2025-09 (Q3)",
      "signal": "YoY REVENUE GROWTH ACCELERATION",
      "detail": "YoY growth: +646.4% vs prior quarter YoY: -49.9% (accel: +696.2%)",
      "severity": "HIGH"
    },
    {
      "quarter": "2025-06 (Q2)",
      "signal": "OPERATING LEVERAGE",
      "detail": "Rev growth +97.5% vs OpEx growth +12.0% (leverage: 8.1x)",
      "severity": "MEDIUM"
    },
    {
      "quarter": "2025-06 (Q2)",
      "signal": "GROSS MARGIN INFLECTION",
      "detail": "GM: -1.5% -> -52.2% -> +11.7% (reversal +63.8%)",
      "severity": "HIGH"
    },
    {
      "quarter": "2025-06 (Q2)",
      "signal": "YoY REVENUE GROWTH ACCELERATION",
      "detail": "YoY growth: -49.9% vs prior quarter YoY: -75.4% (accel: +25.5%)",
      "severity": "HIGH"
    },
    {
      "quarter": "2025-03 (Q1)",
      "signal": "YoY REVENUE GROWTH DECELERATION",
      "detail": "YoY growth: -75.4% vs prior quarter YoY: -61.0% (decel: -14.4%)",
      "severity": "WARNING"
    },
    {
      "quarter": "2024-10 (Q4)",
      "signal": "GROSS MARGIN INFLECTION",
      "detail": "GM: -17.4% -> -30.3% -> -1.5% (reversal +28.8%)",
      "severity": "HIGH"
    },
    {
      "quarter": "2024-10 (Q4)",
      "signal": "YoY REVENUE GROWTH ACCELERATION",
      "detail": "YoY growth: -61.0% vs prior quarter YoY: -67.1% (accel: +6.2%)",
      "severity": "MEDIUM"
    },
    {
      "quarter": "2024-09 (Q3)",
      "signal": "YoY REVENUE GROWTH DECELERATION",
      "detail": "YoY growth: -67.1% vs prior quarter YoY: +58.8% (decel: -125.9%)",
      "severity": "WARNING"
    },
    {
      "quarter": "2024-07 (Q3)",
      "signal": "YoY REVENUE GROWTH DECELERATION",
      "detail": "YoY growth: +58.8% vs prior quarter YoY: +267.2% (decel: -208.4%)",
      "severity": "WARNING"
    },
    {
      "quarter": "2024-06 (Q2)",
      "signal": "YoY REVENUE GROWTH ACCELERATION",
      "detail": "YoY growth: +267.2% vs prior quarter YoY: +186.1% (accel: +81.1%)",
      "severity": "HIGH"
    },
    {
      "quarter": "2024-04 (Q2)",
      "signal": "GROSS MARGIN INFLECTION",
      "detail": "GM: +18.8% -> +17.0% -> +19.1% (reversal +2.1%)",
      "severity": "MEDIUM"
    },
    {
      "quarter": "2024-04 (Q2)",
      "signal": "YoY REVENUE GROWTH DECELERATION",
      "detail": "YoY growth: +186.1% vs prior quarter YoY: +199.9% (decel: -13.8%)",
      "severity": "WARNING"
    },
    {
      "quarter": "2024-03 (Q1)",
      "signal": "YoY REVENUE GROWTH ACCELERATION",
      "detail": "YoY growth: +199.9% vs prior quarter YoY: +88.2% (accel: +111.7%)",
      "severity": "HIGH"
    },
    {
      "quarter": "2024-01 (Q1)",
      "signal": "FCF MARGIN EXPANSION",
      "detail": "FCF margin: -109.8% -> -70.4% (+39.4%)",
      "severity": "MEDIUM"
    },
    {
      "quarter": "2024-01 (Q1)",
      "signal": "YoY REVENUE GROWTH DECELERATION",
      "detail": "YoY growth: +88.2% vs prior quarter YoY: +156.8% (decel: -68.6%)",
      "severity": "WARNING"
    },
    {
      "quarter": "2023-10 (Q4)",
      "signal": "FCF MARGIN EXPANSION",
      "detail": "FCF margin: -396.2% -> -109.8% (+286.4%)",
      "severity": "MEDIUM"
    },
    {
      "quarter": "2023-10 (Q4)",
      "signal": "OPERATING LEVERAGE",
      "detail": "Rev growth +124.9% vs OpEx growth +11.0% (leverage: 11.3x)",
      "severity": "MEDIUM"
    },
    {
      "quarter": "2023-10 (Q4)",
      "signal": "YoY REVENUE GROWTH ACCELERATION",
      "detail": "YoY growth: +156.8% vs prior quarter YoY: -43.0% (accel: +199.9%)",
      "severity": "HIGH"
    },
    {
      "quarter": "2023-07 (Q3)",
      "signal": "FCF MARGIN EXPANSION",
      "detail": "FCF margin: -562.0% -> -396.2% (+165.8%)",
      "severity": "MEDIUM"
    },
    {
      "quarter": "2023-07 (Q3)",
      "signal": "GROSS MARGIN INFLECTION",
      "detail": "GM: +3.3% -> -46.7% -> +10.0% (reversal +56.7%)",
      "severity": "HIGH"
    },
    {
      "quarter": "2023-07 (Q3)",
      "signal": "YoY REVENUE GROWTH DECELERATION",
      "detail": "YoY growth: -43.0% vs prior quarter YoY: +68.1% (decel: -111.1%)",
      "severity": "WARNING"
    },
    {
      "quarter": "2023-01 (Q1)",
      "signal": "FCF MARGIN EXPANSION",
      "detail": "FCF margin: -373.3% -> -234.3% (+139.0%)",
      "severity": "MEDIUM"
    },
    {
      "quarter": "2023-01 (Q1)",
      "signal": "YoY REVENUE GROWTH ACCELERATION",
      "detail": "YoY growth: +67.3% vs prior quarter YoY: -17.9% (accel: +85.2%)",
      "severity": "HIGH"
    },
    {
      "quarter": "2022-10 (Q4)",
      "signal": "GROSS MARGIN INFLECTION",
      "detail": "GM: +25.2% -> +11.7% -> +15.3% (reversal +3.6%)",
      "severity": "MEDIUM"
    },
    {
      "quarter": "2022-10 (Q4)",
      "signal": "YoY REVENUE GROWTH DECELERATION",
      "detail": "YoY growth: -17.9% vs prior quarter YoY: +119.7% (decel: -137.6%)",
      "severity": "WARNING"
    },
    {
      "quarter": "2022-07 (Q3)",
      "signal": "FCF MARGIN EXPANSION",
      "detail": "FCF margin: -303.3% -> -124.3% (+179.0%)",
      "severity": "MEDIUM"
    },
    {
      "quarter": "2022-01 (Q1)",
      "signal": "FCF MARGIN EXPANSION",
      "detail": "FCF margin: -241.2% -> -187.0% (+54.2%)",
      "severity": "MEDIUM"
    },
    {
      "quarter": "2021-10 (Q4)",
      "signal": "FCF MARGIN EXPANSION",
      "detail": "FCF margin: -291.6% -> -241.2% (+50.4%)",
      "severity": "MEDIUM"
    }
  ],
  "data_quality": {
    "n_quarters": 20,
    "coverage": {
      "revenue": [
        20,
        20
      ],
      "gross_profit": [
        20,
        20
      ],
      "op_income": [
        14,
        20
      ],
      "fcf": [
        11,
        20
      ]
    },
    "gaps": [
      [
        "2024-10 (Q4)",
        "2025-03 (Q1)",
        151
      ]
    ],
    "warnings": [
      "op_income: 14/20Q",
      "fcf: 11/20Q",
      "gap: 1Q missing between 2024-10 (Q4) and 2025-03 (Q1)"
    ]
  },
  "market_cap": null,
  "source": "SEC EDGAR",
  "last_updated": "2026-02-02T21:39:46.458539"
}