{
  "ticker": "RCUS",
  "name": "Arcus Biosciences, Inc.",
  "quarters": [
    {
      "date": "2020-12-31T00:00:00",
      "quarter_label": "2020-12 (Q4)",
      "revenue": 9487000,
      "gross_profit": null,
      "operating_income": -52012000,
      "net_income": -51853000,
      "opex": 61499000,
      "cogs": null,
      "rd": 48712000,
      "sga": null,
      "fcf": -51514000,
      "ocf": -50050000,
      "capex": -1464000,
      "gross_margin": null,
      "op_margin": -5.482449667966692,
      "fcf_margin": -5.429956782966165
    },
    {
      "date": "2021-03-31T00:00:00",
      "quarter_label": "2021-03 (Q1)",
      "revenue": 9461000,
      "gross_profit": null,
      "operating_income": -72747000,
      "net_income": -72593000,
      "opex": 82208000,
      "cogs": null,
      "rd": 66387000,
      "sga": null,
      "fcf": -69957000,
      "ocf": -66316000,
      "capex": -3641000,
      "gross_margin": null,
      "op_margin": -7.689144910685974,
      "fcf_margin": -7.394250079272804,
      "fcf_margin_change": -1.9642932963066393
    },
    {
      "date": "2021-06-30T00:00:00",
      "quarter_label": "2021-06 (Q2)",
      "revenue": 9461000,
      "gross_profit": null,
      "operating_income": -76136000,
      "net_income": -75970000,
      "opex": 85597000,
      "cogs": null,
      "rd": 68771000,
      "sga": null,
      "fcf": -80068000,
      "ocf": -73995000,
      "capex": -6073000,
      "gross_margin": null,
      "op_margin": -8.047352288341614,
      "fcf_margin": -8.462953176197018,
      "fcf_margin_change": -1.0687030969242146
    },
    {
      "date": "2021-09-30T00:00:00",
      "quarter_label": "2021-09 (Q3)",
      "revenue": 9461000,
      "gross_profit": null,
      "operating_income": -78136000,
      "net_income": -77975000,
      "opex": 87597000,
      "cogs": null,
      "rd": 71254000,
      "sga": null,
      "fcf": -61615000,
      "ocf": -53757000,
      "capex": -7858000,
      "gross_margin": null,
      "op_margin": -8.258746432723813,
      "fcf_margin": -6.512525103054646,
      "fcf_margin_change": 1.9504280731423727
    },
    {
      "date": "2021-12-31T00:00:00",
      "quarter_label": "2021-12 (Q4)",
      "revenue": 354499000,
      "gross_profit": null,
      "operating_income": 281267000,
      "net_income": 279368000,
      "opex": 73232000,
      "cogs": null,
      "rd": 49936000,
      "sga": null,
      "fcf": -70360000,
      "ocf": -61932000,
      "capex": -8428000,
      "gross_margin": null,
      "op_margin": 0.7934211380003893,
      "fcf_margin": -0.1984772876651274,
      "incr_op_margin_yoy": 0.9659924872178359,
      "rev_growth_yoy": 36.366817750606096,
      "op_leverage_ratio": Infinity,
      "fcf_margin_change": 6.314047815389518
    },
    {
      "date": "2022-03-31T00:00:00",
      "quarter_label": "2022-03 (Q1)",
      "revenue": 18005000,
      "gross_profit": null,
      "operating_income": -67180000,
      "net_income": -67993000,
      "opex": 85185000,
      "cogs": null,
      "rd": 61211000,
      "sga": null,
      "fcf": 651000000,
      "ocf": 654000000,
      "capex": -3000000,
      "gross_margin": null,
      "op_margin": -3.731185781727298,
      "fcf_margin": 36.156623160233266,
      "incr_op_margin_yoy": 0.6515683520599251,
      "rev_growth_yoy": 0.903075784800761,
      "rev_growth_yoy_accel": -35.46374196580533,
      "fcf_margin_change": 36.355100447898394
    },
    {
      "date": "2022-06-30T00:00:00",
      "quarter_label": "2022-06 (Q2)",
      "revenue": 26759000,
      "gross_profit": null,
      "operating_income": -68982000,
      "net_income": -66632000,
      "opex": 95741000,
      "cogs": null,
      "rd": 69905000,
      "sga": null,
      "fcf": -66000000,
      "ocf": -65000000,
      "capex": -1000000,
      "gross_margin": null,
      "op_margin": -2.577899024627228,
      "fcf_margin": -2.4664598826563027,
      "incr_op_margin_yoy": 0.4135738235634177,
      "rev_growth_yoy": 1.828347954761653,
      "rev_growth_yoy_accel": 0.925272169960892,
      "op_leverage_ratio": 3.923531672341869,
      "fcf_margin_change": -38.62308304288957
    },
    {
      "date": "2022-09-30T00:00:00",
      "quarter_label": "2022-09 (Q3)",
      "revenue": 33581000,
      "gross_profit": null,
      "operating_income": -69397000,
      "net_income": -64919000,
      "opex": 102978000,
      "cogs": null,
      "rd": 76684000,
      "sga": null,
      "fcf": -83000000,
      "ocf": -81000000,
      "capex": -2000000,
      "gross_margin": null,
      "op_margin": -2.0665554926893184,
      "fcf_margin": -2.4716357464042167,
      "incr_op_margin_yoy": 0.3623134328358209,
      "rev_growth_yoy": 2.5494133812493396,
      "rev_growth_yoy_accel": 0.7210654264876866,
      "op_leverage_ratio": 3.3727272552172107,
      "fcf_margin_change": -0.005175863747914011
    },
    {
      "date": "2022-12-31T00:00:00",
      "quarter_label": "2022-12 (Q4)",
      "revenue": 33655000,
      "gross_profit": null,
      "operating_income": -74441000,
      "net_income": -67456000,
      "opex": 108096000,
      "cogs": null,
      "rd": 80200000,
      "sga": null,
      "fcf": -70000000,
      "ocf": -70000000,
      "capex": null,
      "gross_margin": null,
      "op_margin": -2.2118853067894815,
      "fcf_margin": -2.079928688159263,
      "incr_op_margin_yoy": 1.1086634002817568,
      "rev_growth_yoy": -0.9050632018708092,
      "rev_growth_yoy_accel": -3.4544765831201487,
      "fcf_margin_change": 0.39170705824495355
    },
    {
      "date": "2023-03-31T00:00:00",
      "quarter_label": "2023-03 (Q1)",
      "revenue": 25000000,
      "gross_profit": null,
      "operating_income": -86000000,
      "net_income": -80000000,
      "opex": 111000000,
      "cogs": null,
      "rd": 81000000,
      "sga": null,
      "fcf": -101000000,
      "ocf": -98000000,
      "capex": -3000000,
      "gross_margin": null,
      "op_margin": -3.44,
      "fcf_margin": -4.04,
      "incr_op_margin_yoy": -2.690493209435311,
      "rev_growth_yoy": 0.3885031935573452,
      "rev_growth_yoy_accel": 1.2935663954281544,
      "fcf_margin_change": -1.960071311840737
    },
    {
      "date": "2023-06-30T00:00:00",
      "quarter_label": "2023-06 (Q2)",
      "revenue": 29000000,
      "gross_profit": null,
      "operating_income": -83000000,
      "net_income": -75000000,
      "opex": 112000000,
      "cogs": null,
      "rd": 84000000,
      "sga": null,
      "fcf": -62000000,
      "ocf": -57000000,
      "capex": -5000000,
      "gross_margin": null,
      "op_margin": -2.8620689655172415,
      "fcf_margin": -2.1379310344827585,
      "incr_op_margin_yoy": -6.255243195002231,
      "rev_growth_yoy": 0.08374752419746627,
      "rev_growth_yoy_accel": -0.3047556693598789,
      "op_leverage_ratio": 17.76,
      "fcf_margin_change": 1.9020689655172416
    },
    {
      "date": "2023-09-30T00:00:00",
      "quarter_label": "2023-09 (Q3)",
      "revenue": 32000000,
      "gross_profit": null,
      "operating_income": -80000000,
      "net_income": -71000000,
      "opex": 112000000,
      "cogs": null,
      "rd": 82000000,
      "sga": null,
      "fcf": -73000000,
      "ocf": -63000000,
      "capex": -10000000,
      "gross_margin": null,
      "op_margin": -2.5,
      "fcf_margin": -2.28125,
      "incr_op_margin_yoy": 6.70651486401012,
      "rev_growth_yoy": -0.04708019415741044,
      "rev_growth_yoy_accel": -0.13082771835487672,
      "op_leverage_ratio": Infinity,
      "fcf_margin_change": -0.14331896551724155
    },
    {
      "date": "2023-12-31T00:00:00",
      "quarter_label": "2023-12 (Q4)",
      "revenue": 31000000,
      "gross_profit": null,
      "operating_income": -91000000,
      "net_income": -81000000,
      "opex": 122000000,
      "cogs": null,
      "rd": 93000000,
      "sga": null,
      "fcf": -94000000,
      "ocf": -88000000,
      "capex": -6000000,
      "gross_margin": null,
      "op_margin": -2.935483870967742,
      "fcf_margin": -3.032258064516129,
      "incr_op_margin_yoy": 6.236911487758945,
      "rev_growth_yoy": -0.07888872381518348,
      "rev_growth_yoy_accel": -0.031808529657773046,
      "fcf_margin_change": -0.751008064516129
    },
    {
      "date": "2024-03-31T00:00:00",
      "quarter_label": "2024-03 (Q1)",
      "revenue": 145000000,
      "gross_profit": null,
      "operating_income": -16000000,
      "net_income": -4000000,
      "opex": 161000000,
      "cogs": null,
      "rd": 109000000,
      "sga": null,
      "fcf": -6000000,
      "ocf": -2000000,
      "capex": -4000000,
      "gross_margin": null,
      "op_margin": -0.1103448275862069,
      "fcf_margin": -0.041379310344827586,
      "incr_op_margin_yoy": 0.5833333333333334,
      "rev_growth_yoy": 4.8,
      "rev_growth_yoy_accel": 4.878888723815184,
      "op_leverage_ratio": 11.503722084367244,
      "fcf_margin_change": 2.9908787541713013
    },
    {
      "date": "2024-06-30T00:00:00",
      "quarter_label": "2024-06 (Q2)",
      "revenue": 39000000,
      "gross_profit": null,
      "operating_income": -106000000,
      "net_income": -93000000,
      "opex": 145000000,
      "cogs": null,
      "rd": 115000000,
      "sga": null,
      "fcf": -94000000,
      "ocf": -94000000,
      "capex": null,
      "gross_margin": null,
      "op_margin": -2.717948717948718,
      "fcf_margin": -2.41025641025641,
      "incr_op_margin_yoy": -2.3,
      "rev_growth_yoy": 0.3448275862068966,
      "rev_growth_yoy_accel": -4.455172413793103,
      "fcf_margin_change": -2.3688770999115825
    },
    {
      "date": "2024-09-30T00:00:00",
      "quarter_label": "2024-09 (Q3)",
      "revenue": 48000000,
      "gross_profit": null,
      "operating_income": -105000000,
      "net_income": -92000000,
      "opex": 153000000,
      "cogs": null,
      "rd": 123000000,
      "sga": null,
      "fcf": 25000000,
      "ocf": 26000000,
      "capex": -1000000,
      "gross_margin": null,
      "op_margin": -2.1875,
      "fcf_margin": 0.5208333333333334,
      "incr_op_margin_yoy": -1.5625,
      "rev_growth_yoy": 0.5,
      "rev_growth_yoy_accel": 0.15517241379310343,
      "op_leverage_ratio": 4.182692307692308,
      "fcf_margin_change": 2.9310897435897436
    },
    {
      "date": "2024-12-31T00:00:00",
      "quarter_label": "2024-12 (Q4)",
      "revenue": 26000000,
      "gross_profit": null,
      "operating_income": -103000000,
      "net_income": -94000000,
      "opex": 129000000,
      "cogs": null,
      "rd": 101000000,
      "sga": null,
      "fcf": -101000000,
      "ocf": -100000000,
      "capex": -1000000,
      "gross_margin": null,
      "op_margin": -3.9615384615384617,
      "fcf_margin": -3.8846153846153846,
      "incr_op_margin_yoy": 2.4,
      "rev_growth_yoy": -0.16129032258064516,
      "rev_growth_yoy_accel": -0.6612903225806451,
      "fcf_margin_change": -4.405448717948718
    },
    {
      "date": "2025-03-31T00:00:00",
      "quarter_label": "2025-03 (Q1)",
      "revenue": 28000000,
      "gross_profit": null,
      "operating_income": -122000000,
      "net_income": -112000000,
      "opex": 150000000,
      "cogs": null,
      "rd": 122000000,
      "sga": null,
      "fcf": -133000000,
      "ocf": -132000000,
      "capex": -1000000,
      "gross_margin": null,
      "op_margin": -4.357142857142857,
      "fcf_margin": -4.75,
      "incr_op_margin_yoy": 0.905982905982906,
      "rev_growth_yoy": -0.8068965517241379,
      "rev_growth_yoy_accel": -0.6456062291434927,
      "op_leverage_ratio": 0.4725274725274725,
      "fcf_margin_change": -0.8653846153846154
    },
    {
      "date": "2025-06-30T00:00:00",
      "quarter_label": "2025-06 (Q2)",
      "revenue": 160000000,
      "gross_profit": null,
      "operating_income": -8000000,
      "net_income": 0,
      "opex": 168000000,
      "cogs": null,
      "rd": 139000000,
      "sga": null,
      "fcf": -133000000,
      "ocf": -133000000,
      "capex": null,
      "gross_margin": null,
      "op_margin": -0.05,
      "fcf_margin": -0.83125,
      "incr_op_margin_yoy": 0.8099173553719008,
      "rev_growth_yoy": 3.1025641025641026,
      "rev_growth_yoy_accel": 3.9094606542882406,
      "op_leverage_ratio": 39.285714285714285,
      "fcf_margin_change": 3.91875
    },
    {
      "date": "2025-09-30T00:00:00",
      "quarter_label": "2025-09 (Q3)",
      "revenue": 26000000,
      "gross_profit": null,
      "operating_income": -142000000,
      "net_income": -135000000,
      "opex": 168000000,
      "cogs": null,
      "rd": 141000000,
      "sga": null,
      "fcf": -97000000,
      "ocf": -97000000,
      "capex": null,
      "gross_margin": null,
      "op_margin": -5.461538461538462,
      "fcf_margin": -3.730769230769231,
      "incr_op_margin_yoy": 1.6818181818181819,
      "rev_growth_yoy": -0.4583333333333333,
      "rev_growth_yoy_accel": -3.560897435897436,
      "fcf_margin_change": -2.899519230769231
    }
  ],
  "signals": [
    {
      "quarter": "2025-09 (Q3)",
      "signal": "YoY REVENUE GROWTH DECELERATION",
      "detail": "YoY growth: -45.8% vs prior quarter YoY: +310.3% (decel: -356.1%)",
      "severity": "WARNING"
    },
    {
      "quarter": "2025-06 (Q2)",
      "signal": "FCF MARGIN EXPANSION",
      "detail": "FCF margin: -475.0% -> -83.1% (+391.9%)",
      "severity": "MEDIUM"
    },
    {
      "quarter": "2025-06 (Q2)",
      "signal": "OPERATING LEVERAGE",
      "detail": "Rev growth +471.4% vs OpEx growth +12.0% (leverage: 39.3x)",
      "severity": "MEDIUM"
    },
    {
      "quarter": "2025-06 (Q2)",
      "signal": "YoY REVENUE GROWTH ACCELERATION",
      "detail": "YoY growth: +310.3% vs prior quarter YoY: -80.7% (accel: +390.9%)",
      "severity": "HIGH"
    },
    {
      "quarter": "2025-03 (Q1)",
      "signal": "YoY REVENUE GROWTH DECELERATION",
      "detail": "YoY growth: -80.7% vs prior quarter YoY: -16.1% (decel: -64.6%)",
      "severity": "WARNING"
    },
    {
      "quarter": "2024-12 (Q4)",
      "signal": "YoY REVENUE GROWTH DECELERATION",
      "detail": "YoY growth: -16.1% vs prior quarter YoY: +50.0% (decel: -66.1%)",
      "severity": "WARNING"
    },
    {
      "quarter": "2024-09 (Q3)",
      "signal": "FCF TURNED POSITIVE",
      "detail": "FCF margin: -241.0% -> +52.1%",
      "severity": "HIGH"
    },
    {
      "quarter": "2024-09 (Q3)",
      "signal": "OPERATING LEVERAGE",
      "detail": "Rev growth +23.1% vs OpEx growth +5.5% (leverage: 4.2x)",
      "severity": "MEDIUM"
    },
    {
      "quarter": "2024-09 (Q3)",
      "signal": "YoY REVENUE GROWTH ACCELERATION",
      "detail": "YoY growth: +50.0% vs prior quarter YoY: +34.5% (accel: +15.5%)",
      "severity": "HIGH"
    },
    {
      "quarter": "2024-06 (Q2)",
      "signal": "YoY REVENUE GROWTH DECELERATION",
      "detail": "YoY growth: +34.5% vs prior quarter YoY: +480.0% (decel: -445.5%)",
      "severity": "WARNING"
    },
    {
      "quarter": "2024-03 (Q1)",
      "signal": "FCF MARGIN EXPANSION",
      "detail": "FCF margin: -303.2% -> -4.1% (+299.1%)",
      "severity": "MEDIUM"
    },
    {
      "quarter": "2024-03 (Q1)",
      "signal": "OPERATING LEVERAGE",
      "detail": "Rev growth +367.7% vs OpEx growth +32.0% (leverage: 11.5x)",
      "severity": "MEDIUM"
    },
    {
      "quarter": "2024-03 (Q1)",
      "signal": "YoY REVENUE GROWTH ACCELERATION",
      "detail": "YoY growth: +480.0% vs prior quarter YoY: -7.9% (accel: +487.9%)",
      "severity": "HIGH"
    },
    {
      "quarter": "2023-09 (Q3)",
      "signal": "YoY REVENUE GROWTH DECELERATION",
      "detail": "YoY growth: -4.7% vs prior quarter YoY: +8.4% (decel: -13.1%)",
      "severity": "WARNING"
    },
    {
      "quarter": "2023-06 (Q2)",
      "signal": "FCF MARGIN EXPANSION",
      "detail": "FCF margin: -404.0% -> -213.8% (+190.2%)",
      "severity": "MEDIUM"
    },
    {
      "quarter": "2023-06 (Q2)",
      "signal": "OPERATING LEVERAGE",
      "detail": "Rev growth +16.0% vs OpEx growth +0.9% (leverage: 17.8x)",
      "severity": "MEDIUM"
    },
    {
      "quarter": "2023-06 (Q2)",
      "signal": "YoY REVENUE GROWTH DECELERATION",
      "detail": "YoY growth: +8.4% vs prior quarter YoY: +38.9% (decel: -30.5%)",
      "severity": "WARNING"
    },
    {
      "quarter": "2023-03 (Q1)",
      "signal": "YoY REVENUE GROWTH ACCELERATION",
      "detail": "YoY growth: +38.9% vs prior quarter YoY: -90.5% (accel: +129.4%)",
      "severity": "HIGH"
    },
    {
      "quarter": "2022-12 (Q4)",
      "signal": "FCF MARGIN EXPANSION",
      "detail": "FCF margin: -247.2% -> -208.0% (+39.2%)",
      "severity": "MEDIUM"
    },
    {
      "quarter": "2022-12 (Q4)",
      "signal": "YoY REVENUE GROWTH DECELERATION",
      "detail": "YoY growth: -90.5% vs prior quarter YoY: +254.9% (decel: -345.4%)",
      "severity": "WARNING"
    },
    {
      "quarter": "2022-09 (Q3)",
      "signal": "OPERATING LEVERAGE",
      "detail": "Rev growth +25.5% vs OpEx growth +7.6% (leverage: 3.4x)",
      "severity": "MEDIUM"
    },
    {
      "quarter": "2022-09 (Q3)",
      "signal": "YoY REVENUE GROWTH ACCELERATION",
      "detail": "YoY growth: +254.9% vs prior quarter YoY: +182.8% (accel: +72.1%)",
      "severity": "HIGH"
    },
    {
      "quarter": "2022-06 (Q2)",
      "signal": "OPERATING LEVERAGE",
      "detail": "Rev growth +48.6% vs OpEx growth +12.4% (leverage: 3.9x)",
      "severity": "MEDIUM"
    },
    {
      "quarter": "2022-06 (Q2)",
      "signal": "YoY REVENUE GROWTH ACCELERATION",
      "detail": "YoY growth: +182.8% vs prior quarter YoY: +90.3% (accel: +92.5%)",
      "severity": "HIGH"
    },
    {
      "quarter": "2022-03 (Q1)",
      "signal": "FCF TURNED POSITIVE",
      "detail": "FCF margin: -19.8% -> +3615.7%",
      "severity": "HIGH"
    },
    {
      "quarter": "2022-03 (Q1)",
      "signal": "YoY REVENUE GROWTH DECELERATION",
      "detail": "YoY growth: +90.3% vs prior quarter YoY: +3636.7% (decel: -3546.4%)",
      "severity": "WARNING"
    },
    {
      "quarter": "2021-12 (Q4)",
      "signal": "FCF MARGIN EXPANSION",
      "detail": "FCF margin: -651.3% -> -19.8% (+631.4%)",
      "severity": "MEDIUM"
    },
    {
      "quarter": "2021-12 (Q4)",
      "signal": "OP MARGIN TURNED POSITIVE (YoY)",
      "detail": "Op margin: -548.2% (year-ago) -> +79.3%",
      "severity": "HIGH"
    },
    {
      "quarter": "2021-12 (Q4)",
      "signal": "OP MARGIN TURNED POSITIVE (QoQ)",
      "detail": "Op margin: -825.9% -> +79.3%",
      "severity": "HIGH"
    },
    {
      "quarter": "2021-09 (Q3)",
      "signal": "FCF MARGIN EXPANSION",
      "detail": "FCF margin: -846.3% -> -651.3% (+195.0%)",
      "severity": "MEDIUM"
    }
  ],
  "data_quality": {
    "n_quarters": 20,
    "coverage": {
      "revenue": [
        20,
        20
      ],
      "gross_profit": [
        0,
        20
      ],
      "op_income": [
        20,
        20
      ],
      "fcf": [
        20,
        20
      ]
    },
    "gaps": [],
    "warnings": [
      "gross_profit: no data"
    ]
  },
  "market_cap": null,
  "source": "SEC EDGAR",
  "last_updated": "2026-02-02T21:24:25.589583"
}