{
  "ticker": "RDI",
  "name": "READING INTERNATIONAL, INC.",
  "quarters": [
    {
      "date": "2020-12-31T00:00:00",
      "quarter_label": "2020-12 (Q4)",
      "revenue": 15021000,
      "gross_profit": null,
      "operating_income": -14703000,
      "net_income": -17395000,
      "opex": 29724000,
      "cogs": null,
      "rd": null,
      "sga": null,
      "fcf": -4408000,
      "ocf": -2192000,
      "capex": -2216000,
      "gross_margin": null,
      "op_margin": -0.9788296385060915,
      "fcf_margin": -0.2934558285067572
    },
    {
      "date": "2021-03-31T00:00:00",
      "quarter_label": "2021-03 (Q1)",
      "revenue": 21307000,
      "gross_profit": null,
      "operating_income": -13977000,
      "net_income": 18965000,
      "opex": 35284000,
      "cogs": null,
      "rd": null,
      "sga": null,
      "fcf": -5437000,
      "ocf": -3774000,
      "capex": -1663000,
      "gross_margin": null,
      "op_margin": -0.6559816022903271,
      "fcf_margin": -0.2551743558454968,
      "op_leverage_ratio": 2.237216386267858,
      "fcf_margin_change": 0.03828147266126042
    },
    {
      "date": "2021-06-30T00:00:00",
      "quarter_label": "2021-06 (Q2)",
      "revenue": 36033000,
      "gross_profit": null,
      "operating_income": -12532000,
      "net_income": 22702000,
      "opex": 48565000,
      "cogs": null,
      "rd": null,
      "sga": null,
      "fcf": -5001000,
      "ocf": -2204000,
      "capex": -2797000,
      "gross_margin": null,
      "op_margin": -0.3477923015014015,
      "fcf_margin": -0.13878944301057364,
      "op_leverage_ratio": 1.8361557921336764,
      "fcf_margin_change": 0.11638491283492317
    },
    {
      "date": "2021-09-30T00:00:00",
      "quarter_label": "2021-09 (Q3)",
      "revenue": 31803000,
      "gross_profit": null,
      "operating_income": -10951000,
      "net_income": -10095000,
      "opex": 42754000,
      "cogs": null,
      "rd": null,
      "sga": null,
      "fcf": -18833000,
      "ocf": -11782000,
      "capex": -7051000,
      "gross_margin": null,
      "op_margin": -0.34433858441027576,
      "fcf_margin": -0.5921768386630192,
      "fcf_margin_change": -0.45338739565244557
    },
    {
      "date": "2021-12-31T00:00:00",
      "quarter_label": "2021-12 (Q4)",
      "revenue": 49918000,
      "gross_profit": null,
      "operating_income": -4332000,
      "net_income": 349000,
      "opex": 54250000,
      "cogs": null,
      "rd": null,
      "sga": null,
      "fcf": 218000,
      "ocf": 4262000,
      "capex": -4044000,
      "gross_margin": null,
      "op_margin": -0.08678232300973597,
      "fcf_margin": 0.004367162145919308,
      "incr_op_margin_yoy": 0.2971888701034473,
      "rev_growth_yoy": 2.3232141668331003,
      "op_leverage_ratio": 2.1183623396478906,
      "fcf_margin_change": 0.5965440008089384
    },
    {
      "date": "2022-03-31T00:00:00",
      "quarter_label": "2022-03 (Q1)",
      "revenue": 40200000,
      "gross_profit": null,
      "operating_income": -11780000,
      "net_income": -15354000,
      "opex": 51980000,
      "cogs": null,
      "rd": null,
      "sga": null,
      "fcf": -15803000,
      "ocf": -14062000,
      "capex": -1741000,
      "gross_margin": null,
      "op_margin": -0.2930348258706468,
      "fcf_margin": -0.3931094527363184,
      "incr_op_margin_yoy": 0.1162864553009051,
      "rev_growth_yoy": 0.886703900126719,
      "rev_growth_yoy_accel": -1.4365102667063814,
      "fcf_margin_change": -0.39747661488223773
    },
    {
      "date": "2022-06-30T00:00:00",
      "quarter_label": "2022-06 (Q2)",
      "revenue": 64511000,
      "gross_profit": null,
      "operating_income": -1572000,
      "net_income": -2436000,
      "opex": 66083000,
      "cogs": null,
      "rd": null,
      "sga": null,
      "fcf": -5415000,
      "ocf": -3495000,
      "capex": -1920000,
      "gross_margin": null,
      "op_margin": -0.024367937251011454,
      "fcf_margin": -0.08393917316426656,
      "incr_op_margin_yoy": 0.38485848725331834,
      "rev_growth_yoy": 0.7903310853939445,
      "rev_growth_yoy_accel": -0.09637281473277448,
      "op_leverage_ratio": 2.2289562257492235,
      "fcf_margin_change": 0.30917027957205184
    },
    {
      "date": "2022-09-30T00:00:00",
      "quarter_label": "2022-09 (Q3)",
      "revenue": 51196000,
      "gross_profit": null,
      "operating_income": -6731000,
      "net_income": -5177000,
      "opex": 57927000,
      "cogs": null,
      "rd": null,
      "sga": null,
      "fcf": -11283000,
      "ocf": -8557000,
      "capex": -2726000,
      "gross_margin": null,
      "op_margin": -0.13147511524337838,
      "fcf_margin": -0.22038831158684272,
      "incr_op_margin_yoy": 0.21760429020780694,
      "rev_growth_yoy": 0.6097852403861271,
      "rev_growth_yoy_accel": -0.18054584500781734,
      "fcf_margin_change": -0.13644913842257617
    },
    {
      "date": "2022-12-31T00:00:00",
      "quarter_label": "2022-12 (Q4)",
      "revenue": 47207000,
      "gross_profit": null,
      "operating_income": -8403000,
      "net_income": -13217000,
      "opex": 55610000,
      "cogs": null,
      "rd": null,
      "sga": null,
      "fcf": -3241000,
      "ocf": -237000,
      "capex": -3004000,
      "gross_margin": null,
      "op_margin": -0.1780032622280594,
      "fcf_margin": -0.06865507234096638,
      "incr_op_margin_yoy": 1.50165990409443,
      "rev_growth_yoy": -0.05430906686966625,
      "rev_growth_yoy_accel": -0.6640943072557934,
      "fcf_margin_change": 0.15173323924587634
    },
    {
      "date": "2023-03-31T00:00:00",
      "quarter_label": "2023-03 (Q1)",
      "revenue": 45807000,
      "gross_profit": null,
      "operating_income": -7880000,
      "net_income": -11111000,
      "opex": 53687000,
      "cogs": null,
      "rd": null,
      "sga": null,
      "fcf": -13079000,
      "ocf": -11552000,
      "capex": -1527000,
      "gross_margin": null,
      "op_margin": -0.17202610954657585,
      "fcf_margin": -0.28552404654310476,
      "incr_op_margin_yoy": 0.6955591225254146,
      "rev_growth_yoy": 0.1394776119402985,
      "rev_growth_yoy_accel": 0.19378667880996475,
      "fcf_margin_change": -0.21686897420213838
    },
    {
      "date": "2023-06-30T00:00:00",
      "quarter_label": "2023-06 (Q2)",
      "revenue": 65055000,
      "gross_profit": null,
      "operating_income": 1789000,
      "net_income": -2778000,
      "opex": 63266000,
      "cogs": null,
      "rd": null,
      "sga": null,
      "fcf": 841000,
      "ocf": 2744000,
      "capex": -1903000,
      "gross_margin": null,
      "op_margin": 0.027499807854892016,
      "fcf_margin": 0.01292752286526785,
      "rev_growth_yoy": 0.008432670397296584,
      "rev_growth_yoy_accel": -0.13104494154300192,
      "op_leverage_ratio": 2.3550640522551927,
      "fcf_margin_change": 0.2984515694083726
    },
    {
      "date": "2023-09-30T00:00:00",
      "quarter_label": "2023-09 (Q3)",
      "revenue": 66563000,
      "gross_profit": null,
      "operating_income": 1019000,
      "net_income": -4400000,
      "opex": 65544000,
      "cogs": null,
      "rd": null,
      "sga": null,
      "fcf": -319000,
      "ocf": 2442000,
      "capex": -2761000,
      "gross_margin": null,
      "op_margin": 0.015308805192073675,
      "fcf_margin": -0.004792452263269384,
      "incr_op_margin_yoy": 0.5043274549359016,
      "rev_growth_yoy": 0.30016016876318463,
      "rev_growth_yoy_accel": 0.29172749836588807,
      "op_leverage_ratio": 0.6437797584525122,
      "fcf_margin_change": -0.017719975128537235
    },
    {
      "date": "2023-12-31T00:00:00",
      "quarter_label": "2023-12 (Q4)",
      "revenue": 45319000,
      "gross_profit": null,
      "operating_income": -6958000,
      "net_income": -12384000,
      "opex": 52277000,
      "cogs": null,
      "rd": null,
      "sga": null,
      "fcf": -1651000,
      "ocf": -3369000,
      "capex": 1718000,
      "gross_margin": null,
      "op_margin": -0.1535338379046316,
      "fcf_margin": -0.03643063615702023,
      "incr_op_margin_yoy": -0.7653601694915254,
      "rev_growth_yoy": -0.03999406867625564,
      "rev_growth_yoy_accel": -0.3401542374394403,
      "fcf_margin_change": -0.03163818389375085
    },
    {
      "date": "2024-03-31T00:00:00",
      "quarter_label": "2024-03 (Q1)",
      "revenue": 45052000,
      "gross_profit": null,
      "operating_income": -7531000,
      "net_income": -13228000,
      "opex": 52583000,
      "cogs": null,
      "rd": null,
      "sga": null,
      "fcf": -4696000,
      "ocf": -2770000,
      "capex": -1926000,
      "gross_margin": null,
      "op_margin": -0.1671623901269644,
      "fcf_margin": -0.10423510609961822,
      "rev_growth_yoy": -0.016482197044119896,
      "rev_growth_yoy_accel": 0.023511871632135747,
      "fcf_margin_change": -0.06780446994259799
    },
    {
      "date": "2024-06-30T00:00:00",
      "quarter_label": "2024-06 (Q2)",
      "revenue": 46809000,
      "gross_profit": null,
      "operating_income": -4352000,
      "net_income": -9341000,
      "opex": 51161000,
      "cogs": null,
      "rd": null,
      "sga": null,
      "fcf": -10636000,
      "ocf": -10387000,
      "capex": -249000,
      "gross_margin": null,
      "op_margin": -0.09297357345809566,
      "fcf_margin": -0.22722126086863637,
      "incr_op_margin_yoy": 0.3365669187767182,
      "rev_growth_yoy": -0.28047037122434865,
      "rev_growth_yoy_accel": -0.26398817418022874,
      "op_leverage_ratio": Infinity,
      "fcf_margin_change": -0.12298615476901814
    },
    {
      "date": "2024-09-30T00:00:00",
      "quarter_label": "2024-09 (Q3)",
      "revenue": 60090000,
      "gross_profit": null,
      "operating_income": -246000,
      "net_income": -6916000,
      "opex": 60336000,
      "cogs": null,
      "rd": null,
      "sga": null,
      "fcf": -1057000,
      "ocf": 1339000,
      "capex": -2396000,
      "gross_margin": null,
      "op_margin": -0.0040938592111832255,
      "fcf_margin": -0.017590281244799468,
      "incr_op_margin_yoy": 0.19542715896802101,
      "rev_growth_yoy": -0.09724621786878596,
      "rev_growth_yoy_accel": 0.1832241533555627,
      "op_leverage_ratio": 1.5821015835528032,
      "fcf_margin_change": 0.2096309796238369
    },
    {
      "date": "2024-12-31T00:00:00",
      "quarter_label": "2024-12 (Q4)",
      "revenue": 58576000,
      "gross_profit": null,
      "operating_income": -1906000,
      "net_income": -5816000,
      "opex": 60482000,
      "cogs": null,
      "rd": null,
      "sga": null,
      "fcf": 7018000,
      "ocf": 7985000,
      "capex": -967000,
      "gross_margin": null,
      "op_margin": -0.03253892379131385,
      "fcf_margin": 0.11981016115815352,
      "incr_op_margin_yoy": 0.381081692690654,
      "rev_growth_yoy": 0.2925263134667579,
      "rev_growth_yoy_accel": 0.38977253133554385,
      "fcf_margin_change": 0.137400442402953
    },
    {
      "date": "2025-03-31T00:00:00",
      "quarter_label": "2025-03 (Q1)",
      "revenue": 40169000,
      "gross_profit": null,
      "operating_income": -6891000,
      "net_income": -4752000,
      "opex": 47060000,
      "cogs": null,
      "rd": null,
      "sga": null,
      "fcf": -7955000,
      "ocf": -7702000,
      "capex": -253000,
      "gross_margin": null,
      "op_margin": -0.17155020040329608,
      "fcf_margin": -0.19803828823221886,
      "incr_op_margin_yoy": -0.1310669670284661,
      "rev_growth_yoy": -0.10838586522240966,
      "rev_growth_yoy_accel": -0.40091217868916756,
      "fcf_margin_change": -0.3178484493903724
    },
    {
      "date": "2025-06-30T00:00:00",
      "quarter_label": "2025-06 (Q2)",
      "revenue": 60378000,
      "gross_profit": null,
      "operating_income": 2891000,
      "net_income": -2667000,
      "opex": 57487000,
      "cogs": null,
      "rd": null,
      "sga": null,
      "fcf": 1169000,
      "ocf": 1551000,
      "capex": -382000,
      "gross_margin": null,
      "op_margin": 0.047881678757163204,
      "fcf_margin": 0.019361356785584153,
      "incr_op_margin_yoy": 0.5337902572039207,
      "rev_growth_yoy": 0.2898801512529642,
      "rev_growth_yoy_accel": 0.39826601647537385,
      "op_leverage_ratio": 2.270629903131314,
      "fcf_margin_change": 0.217399645017803
    },
    {
      "date": "2025-09-30T00:00:00",
      "quarter_label": "2025-09 (Q3)",
      "revenue": 52170000,
      "gross_profit": null,
      "operating_income": -329000,
      "net_income": -4157000,
      "opex": 52499000,
      "cogs": null,
      "rd": null,
      "sga": null,
      "fcf": -246000,
      "ocf": 295000,
      "capex": -541000,
      "gross_margin": null,
      "op_margin": -0.006306306306306306,
      "fcf_margin": -0.004715353651523865,
      "incr_op_margin_yoy": 0.01047979797979798,
      "rev_growth_yoy": -0.13180229655516726,
      "rev_growth_yoy_accel": -0.42168244780813147,
      "fcf_margin_change": -0.024076710437108018
    }
  ],
  "signals": [
    {
      "quarter": "2025-09 (Q3)",
      "signal": "YoY REVENUE GROWTH DECELERATION",
      "detail": "YoY growth: -13.2% vs prior quarter YoY: +29.0% (decel: -42.2%)",
      "severity": "WARNING"
    },
    {
      "quarter": "2025-06 (Q2)",
      "signal": "FCF TURNED POSITIVE",
      "detail": "FCF margin: -19.8% -> +1.9%",
      "severity": "HIGH"
    },
    {
      "quarter": "2025-06 (Q2)",
      "signal": "OPERATING LEVERAGE",
      "detail": "Rev growth +50.3% vs OpEx growth +22.2% (leverage: 2.3x)",
      "severity": "MEDIUM"
    },
    {
      "quarter": "2025-06 (Q2)",
      "signal": "YoY REVENUE GROWTH ACCELERATION",
      "detail": "YoY growth: +29.0% vs prior quarter YoY: -10.8% (accel: +39.8%)",
      "severity": "HIGH"
    },
    {
      "quarter": "2025-06 (Q2)",
      "signal": "OP MARGIN TURNED POSITIVE (YoY)",
      "detail": "Op margin: -9.3% (year-ago) -> +4.8%",
      "severity": "HIGH"
    },
    {
      "quarter": "2025-06 (Q2)",
      "signal": "OP MARGIN TURNED POSITIVE (QoQ)",
      "detail": "Op margin: -17.2% -> +4.8%",
      "severity": "HIGH"
    },
    {
      "quarter": "2025-03 (Q1)",
      "signal": "YoY REVENUE GROWTH DECELERATION",
      "detail": "YoY growth: -10.8% vs prior quarter YoY: +29.3% (decel: -40.1%)",
      "severity": "WARNING"
    },
    {
      "quarter": "2024-12 (Q4)",
      "signal": "FCF TURNED POSITIVE",
      "detail": "FCF margin: -1.8% -> +12.0%",
      "severity": "HIGH"
    },
    {
      "quarter": "2024-12 (Q4)",
      "signal": "YoY REVENUE GROWTH ACCELERATION",
      "detail": "YoY growth: +29.3% vs prior quarter YoY: -9.7% (accel: +39.0%)",
      "severity": "HIGH"
    },
    {
      "quarter": "2024-09 (Q3)",
      "signal": "FCF MARGIN EXPANSION",
      "detail": "FCF margin: -22.7% -> -1.8% (+21.0%)",
      "severity": "MEDIUM"
    },
    {
      "quarter": "2024-09 (Q3)",
      "signal": "OPERATING LEVERAGE",
      "detail": "Rev growth +28.4% vs OpEx growth +17.9% (leverage: 1.6x)",
      "severity": "MEDIUM"
    },
    {
      "quarter": "2024-09 (Q3)",
      "signal": "YoY REVENUE GROWTH ACCELERATION",
      "detail": "YoY growth: -9.7% vs prior quarter YoY: -28.0% (accel: +18.3%)",
      "severity": "HIGH"
    },
    {
      "quarter": "2024-06 (Q2)",
      "signal": "YoY REVENUE GROWTH DECELERATION",
      "detail": "YoY growth: -28.0% vs prior quarter YoY: -1.6% (decel: -26.4%)",
      "severity": "WARNING"
    },
    {
      "quarter": "2023-12 (Q4)",
      "signal": "YoY REVENUE GROWTH DECELERATION",
      "detail": "YoY growth: -4.0% vs prior quarter YoY: +30.0% (decel: -34.0%)",
      "severity": "WARNING"
    },
    {
      "quarter": "2023-09 (Q3)",
      "signal": "YoY REVENUE GROWTH ACCELERATION",
      "detail": "YoY growth: +30.0% vs prior quarter YoY: +0.8% (accel: +29.2%)",
      "severity": "HIGH"
    },
    {
      "quarter": "2023-09 (Q3)",
      "signal": "OP MARGIN TURNED POSITIVE (YoY)",
      "detail": "Op margin: -13.1% (year-ago) -> +1.5%",
      "severity": "HIGH"
    },
    {
      "quarter": "2023-06 (Q2)",
      "signal": "FCF TURNED POSITIVE",
      "detail": "FCF margin: -28.6% -> +1.3%",
      "severity": "HIGH"
    },
    {
      "quarter": "2023-06 (Q2)",
      "signal": "OPERATING LEVERAGE",
      "detail": "Rev growth +42.0% vs OpEx growth +17.8% (leverage: 2.4x)",
      "severity": "MEDIUM"
    },
    {
      "quarter": "2023-06 (Q2)",
      "signal": "YoY REVENUE GROWTH DECELERATION",
      "detail": "YoY growth: +0.8% vs prior quarter YoY: +13.9% (decel: -13.1%)",
      "severity": "WARNING"
    },
    {
      "quarter": "2023-06 (Q2)",
      "signal": "OP MARGIN TURNED POSITIVE (YoY)",
      "detail": "Op margin: -2.4% (year-ago) -> +2.7%",
      "severity": "HIGH"
    },
    {
      "quarter": "2023-06 (Q2)",
      "signal": "OP MARGIN TURNED POSITIVE (QoQ)",
      "detail": "Op margin: -17.2% -> +2.7%",
      "severity": "HIGH"
    },
    {
      "quarter": "2023-03 (Q1)",
      "signal": "YoY REVENUE GROWTH ACCELERATION",
      "detail": "YoY growth: +13.9% vs prior quarter YoY: -5.4% (accel: +19.4%)",
      "severity": "HIGH"
    },
    {
      "quarter": "2022-12 (Q4)",
      "signal": "FCF MARGIN EXPANSION",
      "detail": "FCF margin: -22.0% -> -6.9% (+15.2%)",
      "severity": "MEDIUM"
    },
    {
      "quarter": "2022-12 (Q4)",
      "signal": "YoY REVENUE GROWTH DECELERATION",
      "detail": "YoY growth: -5.4% vs prior quarter YoY: +61.0% (decel: -66.4%)",
      "severity": "WARNING"
    },
    {
      "quarter": "2022-09 (Q3)",
      "signal": "YoY REVENUE GROWTH DECELERATION",
      "detail": "YoY growth: +61.0% vs prior quarter YoY: +79.0% (decel: -18.1%)",
      "severity": "WARNING"
    },
    {
      "quarter": "2022-06 (Q2)",
      "signal": "FCF MARGIN EXPANSION",
      "detail": "FCF margin: -39.3% -> -8.4% (+30.9%)",
      "severity": "MEDIUM"
    },
    {
      "quarter": "2022-06 (Q2)",
      "signal": "OPERATING LEVERAGE",
      "detail": "Rev growth +60.5% vs OpEx growth +27.1% (leverage: 2.2x)",
      "severity": "MEDIUM"
    },
    {
      "quarter": "2022-06 (Q2)",
      "signal": "YoY REVENUE GROWTH DECELERATION",
      "detail": "YoY growth: +79.0% vs prior quarter YoY: +88.7% (decel: -9.6%)",
      "severity": "WARNING"
    },
    {
      "quarter": "2022-03 (Q1)",
      "signal": "YoY REVENUE GROWTH DECELERATION",
      "detail": "YoY growth: +88.7% vs prior quarter YoY: +232.3% (decel: -143.7%)",
      "severity": "WARNING"
    },
    {
      "quarter": "2021-12 (Q4)",
      "signal": "FCF TURNED POSITIVE",
      "detail": "FCF margin: -59.2% -> +0.4%",
      "severity": "HIGH"
    },
    {
      "quarter": "2021-12 (Q4)",
      "signal": "OPERATING LEVERAGE",
      "detail": "Rev growth +57.0% vs OpEx growth +26.9% (leverage: 2.1x)",
      "severity": "MEDIUM"
    },
    {
      "quarter": "2021-06 (Q2)",
      "signal": "FCF MARGIN EXPANSION",
      "detail": "FCF margin: -25.5% -> -13.9% (+11.6%)",
      "severity": "MEDIUM"
    },
    {
      "quarter": "2021-06 (Q2)",
      "signal": "OPERATING LEVERAGE",
      "detail": "Rev growth +69.1% vs OpEx growth +37.6% (leverage: 1.8x)",
      "severity": "MEDIUM"
    },
    {
      "quarter": "2021-03 (Q1)",
      "signal": "OPERATING LEVERAGE",
      "detail": "Rev growth +41.8% vs OpEx growth +18.7% (leverage: 2.2x)",
      "severity": "MEDIUM"
    }
  ],
  "data_quality": {
    "n_quarters": 20,
    "coverage": {
      "revenue": [
        20,
        20
      ],
      "gross_profit": [
        0,
        20
      ],
      "op_income": [
        20,
        20
      ],
      "fcf": [
        20,
        20
      ]
    },
    "gaps": [],
    "warnings": [
      "gross_profit: no data"
    ]
  },
  "market_cap": null,
  "source": "SEC EDGAR",
  "last_updated": "2026-02-02T23:45:02.003364"
}