{
  "ticker": "RDN",
  "name": "RADIAN GROUP INC",
  "sector": "Financial Services",
  "industry": "Insurance - Specialty",
  "quarters": [
    {
      "date": "2021-03-31T00:00:00",
      "quarter_label": "2021-03 (Q1)",
      "revenue": 328813000,
      "gross_profit": null,
      "operating_income": null,
      "net_income": 125608000,
      "opex": 167624000,
      "cogs": null,
      "rd": null,
      "sga": null,
      "fcf": 153029000,
      "ocf": 153029000,
      "capex": null,
      "gross_margin": null,
      "op_margin": null,
      "fcf_margin": 0.46539826588364813
    },
    {
      "date": "2021-06-30T00:00:00",
      "quarter_label": "2021-06 (Q2)",
      "revenue": 336994000,
      "gross_profit": null,
      "operating_income": null,
      "net_income": 155206000,
      "opex": 141498000,
      "cogs": null,
      "rd": null,
      "sga": null,
      "fcf": 122867000,
      "ocf": 122867000,
      "capex": null,
      "gross_margin": null,
      "op_margin": null,
      "fcf_margin": 0.36459699579220994,
      "op_leverage_ratio": null,
      "fcf_margin_change": -0.10080127009143819
    },
    {
      "date": "2021-09-30T00:00:00",
      "quarter_label": "2021-09 (Q3)",
      "revenue": 325758000,
      "gross_profit": null,
      "operating_income": null,
      "net_income": 126412000,
      "opex": 164117000,
      "cogs": null,
      "rd": null,
      "sga": null,
      "fcf": 127408000,
      "ocf": 127408000,
      "capex": null,
      "gross_margin": null,
      "op_margin": null,
      "fcf_margin": 0.3911124208768472,
      "fcf_margin_change": 0.02651542508463728
    },
    {
      "date": "2021-12-31T00:00:00",
      "quarter_label": "2021-12 (Q4)",
      "revenue": 338367000,
      "gross_profit": null,
      "operating_income": null,
      "net_income": 193445000,
      "opex": 91861000,
      "cogs": null,
      "rd": null,
      "sga": null,
      "fcf": 153808000,
      "ocf": 153808000,
      "capex": null,
      "gross_margin": null,
      "op_margin": null,
      "fcf_margin": 0.45455969405999996,
      "op_leverage_ratio": null,
      "fcf_margin_change": 0.06344727318315274
    },
    {
      "date": "2022-03-31T00:00:00",
      "quarter_label": "2022-03 (Q1)",
      "revenue": 292980000,
      "gross_profit": null,
      "operating_income": null,
      "net_income": 181131000,
      "opex": 58840000,
      "cogs": null,
      "rd": null,
      "sga": null,
      "fcf": 116675000,
      "ocf": 116675000,
      "capex": null,
      "gross_margin": null,
      "op_margin": null,
      "fcf_margin": 0.3982353744282886,
      "rev_growth_yoy": -0.10897683485750259,
      "fcf_margin_change": -0.05632431963171136
    },
    {
      "date": "2022-06-30T00:00:00",
      "quarter_label": "2022-06 (Q2)",
      "revenue": 286833000,
      "gross_profit": null,
      "operating_income": null,
      "net_income": 201193000,
      "opex": 26953000,
      "cogs": null,
      "rd": null,
      "sga": null,
      "fcf": 60175000,
      "ocf": 60175000,
      "capex": null,
      "gross_margin": null,
      "op_margin": null,
      "fcf_margin": 0.20979106309246146,
      "rev_growth_yoy": -0.1488483474483225,
      "rev_growth_yoy_accel": -0.03987151259081992,
      "fcf_margin_change": -0.18844431133582715
    },
    {
      "date": "2022-09-30T00:00:00",
      "quarter_label": "2022-09 (Q3)",
      "revenue": 296189000,
      "gross_profit": null,
      "operating_income": null,
      "net_income": 198280000,
      "opex": 40728000,
      "cogs": null,
      "rd": null,
      "sga": null,
      "fcf": 105298000,
      "ocf": 105298000,
      "capex": null,
      "gross_margin": null,
      "op_margin": null,
      "fcf_margin": 0.35550948887365835,
      "rev_growth_yoy": -0.0907698352764936,
      "rev_growth_yoy_accel": 0.05807851217182891,
      "op_leverage_ratio": 0.06382290996228587,
      "fcf_margin_change": 0.1457184257811969
    },
    {
      "date": "2022-12-31T00:00:00",
      "quarter_label": "2022-12 (Q4)",
      "revenue": 314724000,
      "gross_profit": null,
      "operating_income": null,
      "net_income": 162330000,
      "opex": 111426000,
      "cogs": null,
      "rd": null,
      "sga": null,
      "fcf": 106150000,
      "ocf": 106150000,
      "capex": null,
      "gross_margin": null,
      "op_margin": null,
      "fcf_margin": 0.3372796481996924,
      "rev_growth_yoy": -0.06987383521442694,
      "rev_growth_yoy_accel": 0.020896000062066655,
      "op_leverage_ratio": 0.03605036123795441,
      "fcf_margin_change": -0.018229840673965936
    },
    {
      "date": "2023-03-31T00:00:00",
      "quarter_label": "2023-03 (Q1)",
      "revenue": 310620000,
      "gross_profit": 300222000,
      "operating_income": null,
      "net_income": 157757000,
      "opex": 106609000,
      "cogs": 10398000,
      "rd": null,
      "sga": null,
      "fcf": 116778000,
      "ocf": 116778000,
      "capex": null,
      "gross_margin": 0.9665250144871548,
      "op_margin": null,
      "fcf_margin": 0.37595132316013136,
      "rev_growth_yoy": 0.060208887978701615,
      "rev_growth_yoy_accel": 0.13008272319312855,
      "fcf_margin_change": 0.03867167496043894
    },
    {
      "date": "2023-06-30T00:00:00",
      "quarter_label": "2023-06 (Q2)",
      "revenue": 290413000,
      "gross_profit": 280156000,
      "operating_income": null,
      "net_income": 146087000,
      "opex": 107737000,
      "cogs": 10257000,
      "rd": null,
      "sga": null,
      "fcf": 72471000,
      "ocf": 72471000,
      "capex": null,
      "gross_margin": 0.9646813331359133,
      "op_margin": null,
      "fcf_margin": 0.24954461404964653,
      "rev_growth_yoy": 0.012481130134956577,
      "rev_growth_yoy_accel": -0.04772775784374504,
      "fcf_margin_change": -0.12640670911048482
    },
    {
      "date": "2023-09-30T00:00:00",
      "quarter_label": "2023-09 (Q3)",
      "revenue": 313533000,
      "gross_profit": 304647000,
      "operating_income": null,
      "net_income": 156582000,
      "opex": 112550000,
      "cogs": 8886000,
      "rd": null,
      "sga": null,
      "fcf": 75227000,
      "ocf": 75227000,
      "capex": null,
      "gross_margin": 0.9716584857096382,
      "op_margin": null,
      "fcf_margin": 0.23993327656099997,
      "rev_growth_yoy": 0.05855720502787072,
      "rev_growth_yoy_accel": 0.04607607489291414,
      "op_leverage_ratio": 1.7820537257911675,
      "fcf_margin_change": -0.009611337488646565
    },
    {
      "date": "2023-12-31T00:00:00",
      "quarter_label": "2023-12 (Q4)",
      "revenue": 326022000,
      "gross_profit": 317072000,
      "operating_income": null,
      "net_income": 142693000,
      "opex": 146205000,
      "cogs": 8950000,
      "rd": null,
      "sga": null,
      "fcf": 264958000,
      "ocf": 264958000,
      "capex": null,
      "gross_margin": 0.972547864868015,
      "op_margin": null,
      "fcf_margin": 0.8126997564581532,
      "rev_growth_yoy": 0.03589812025774965,
      "rev_growth_yoy_accel": -0.022659084770121074,
      "op_leverage_ratio": 0.13321106857476783,
      "fcf_margin_change": 0.5727664798971532
    },
    {
      "date": "2024-03-31T00:00:00",
      "quarter_label": "2024-03 (Q1)",
      "revenue": 319418000,
      "gross_profit": 310091000,
      "operating_income": null,
      "net_income": 152354000,
      "opex": 120769000,
      "cogs": 9327000,
      "rd": null,
      "sga": null,
      "fcf": 51044000,
      "ocf": 51044000,
      "capex": null,
      "gross_margin": 0.9708000175318862,
      "op_margin": null,
      "fcf_margin": 0.15980314196444784,
      "rev_growth_yoy": 0.02832399716695641,
      "rev_growth_yoy_accel": -0.007574123090793236,
      "fcf_margin_change": -0.6528966144937054
    },
    {
      "date": "2024-06-30T00:00:00",
      "quarter_label": "2024-06 (Q2)",
      "revenue": 321147000,
      "gross_profit": 311612000,
      "operating_income": null,
      "net_income": 151903000,
      "opex": 133024000,
      "cogs": 9535000,
      "rd": null,
      "sga": null,
      "fcf": -207282000,
      "ocf": -207282000,
      "capex": null,
      "gross_margin": 0.9703095467184809,
      "op_margin": null,
      "fcf_margin": -0.6454427411746023,
      "rev_growth_yoy": 0.10582859582732178,
      "rev_growth_yoy_accel": 0.07750459866036537,
      "fcf_margin_change": -0.8052458831390501
    },
    {
      "date": "2024-09-30T00:00:00",
      "quarter_label": "2024-09 (Q3)",
      "revenue": 333857000,
      "gross_profit": 324315000,
      "operating_income": null,
      "net_income": 151892000,
      "opex": 138465000,
      "cogs": 9542000,
      "rd": null,
      "sga": null,
      "fcf": -237919000,
      "ocf": -237919000,
      "capex": null,
      "gross_margin": 0.9714189009066756,
      "op_margin": null,
      "fcf_margin": -0.7126374465714362,
      "rev_growth_yoy": 0.06482252266906514,
      "rev_growth_yoy_accel": -0.041006073158256634,
      "op_leverage_ratio": 0.9675935352761574,
      "fcf_margin_change": -0.06719470539683392
    },
    {
      "date": "2024-12-31T00:00:00",
      "quarter_label": "2024-12 (Q4)",
      "revenue": 292669000,
      "gross_profit": 282802000,
      "operating_income": null,
      "net_income": 148291000,
      "opex": 126735000,
      "cogs": 9867000,
      "rd": null,
      "sga": null,
      "fcf": -269415000,
      "ocf": -269415000,
      "capex": null,
      "gross_margin": 0.9662861457824368,
      "op_margin": null,
      "fcf_margin": -0.9205450526020863,
      "rev_growth_yoy": -0.10230291207341836,
      "rev_growth_yoy_accel": -0.1671254347424835,
      "fcf_margin_change": -0.20790760603065006
    },
    {
      "date": "2025-03-31T00:00:00",
      "quarter_label": "2025-03 (Q1)",
      "revenue": 318114000,
      "gross_profit": 309343000,
      "operating_income": null,
      "net_income": 144558000,
      "opex": 129674000,
      "cogs": 8771000,
      "rd": null,
      "sga": null,
      "fcf": 67806000,
      "ocf": 67806000,
      "capex": null,
      "gross_margin": 0.972428123251413,
      "op_margin": null,
      "fcf_margin": 0.21315000282917446,
      "rev_growth_yoy": -0.0040824249103056185,
      "rev_growth_yoy_accel": 0.09822048716311274,
      "op_leverage_ratio": 3.7490627944868082,
      "fcf_margin_change": 1.1336950554312608
    },
    {
      "date": "2025-06-30T00:00:00",
      "quarter_label": "2025-06 (Q2)",
      "revenue": 318004000,
      "gross_profit": 309586000,
      "operating_income": null,
      "net_income": 141796000,
      "opex": 142991000,
      "cogs": 8418000,
      "rd": null,
      "sga": null,
      "fcf": -713335000,
      "ocf": -713335000,
      "capex": null,
      "gross_margin": 0.9735286348599389,
      "op_margin": null,
      "fcf_margin": -2.243163608004931,
      "rev_growth_yoy": -0.009786795455040838,
      "rev_growth_yoy_accel": -0.005704370544735219,
      "fcf_margin_change": -2.4563136108341053
    },
    {
      "date": "2025-09-30T00:00:00",
      "quarter_label": "2025-09 (Q3)",
      "revenue": 303186000,
      "gross_profit": null,
      "operating_income": null,
      "net_income": 141443000,
      "opex": 104492000,
      "cogs": null,
      "rd": null,
      "sga": null,
      "fcf": 358397000,
      "ocf": 358397000,
      "capex": null,
      "gross_margin": null,
      "op_margin": null,
      "fcf_margin": 1.1821027356144413,
      "rev_growth_yoy": -0.09186867431265482,
      "rev_growth_yoy_accel": -0.08208187885761398,
      "fcf_margin_change": 3.425266343619372
    },
    {
      "date": "2025-12-31T00:00:00",
      "quarter_label": "2025-12 (Q4)",
      "revenue": 300512000,
      "gross_profit": null,
      "operating_income": null,
      "net_income": 154843000,
      "opex": 99474000,
      "cogs": null,
      "rd": null,
      "sga": null,
      "fcf": 406994000,
      "ocf": 406994000,
      "capex": null,
      "gross_margin": null,
      "op_margin": null,
      "fcf_margin": 1.354335267809605,
      "rev_growth_yoy": 0.02679819181396048,
      "rev_growth_yoy_accel": 0.1186668661266153,
      "fcf_margin_change": 0.17223253219516366
    }
  ],
  "signals": [
    {
      "quarter": "2025-12 (Q4)",
      "signal": "FCF MARGIN EXPANSION",
      "detail": "FCF margin: +118.2% -> +135.4% (+17.2%)",
      "severity": "MEDIUM"
    },
    {
      "quarter": "2025-12 (Q4)",
      "signal": "YoY REVENUE GROWTH ACCELERATION",
      "detail": "YoY growth: +2.7% vs prior quarter YoY: -9.2% (accel: +11.9%)",
      "severity": "MEDIUM"
    },
    {
      "quarter": "2025-09 (Q3)",
      "signal": "FCF TURNED POSITIVE",
      "detail": "FCF margin: -224.3% -> +118.2%",
      "severity": "HIGH"
    },
    {
      "quarter": "2025-09 (Q3)",
      "signal": "YoY REVENUE GROWTH DECELERATION",
      "detail": "YoY growth: -9.2% vs prior quarter YoY: -1.0% (decel: -8.2%)",
      "severity": "WARNING"
    },
    {
      "quarter": "2025-03 (Q1)",
      "signal": "FCF TURNED POSITIVE",
      "detail": "FCF margin: -92.1% -> +21.3%",
      "severity": "HIGH"
    },
    {
      "quarter": "2025-03 (Q1)",
      "signal": "OPERATING LEVERAGE",
      "detail": "Rev growth +8.7% vs OpEx growth +2.3% (leverage: 3.7x)",
      "severity": "MEDIUM"
    },
    {
      "quarter": "2025-03 (Q1)",
      "signal": "YoY REVENUE GROWTH ACCELERATION",
      "detail": "YoY growth: -0.4% vs prior quarter YoY: -10.2% (accel: +9.8%)",
      "severity": "MEDIUM"
    },
    {
      "quarter": "2024-12 (Q4)",
      "signal": "YoY REVENUE GROWTH DECELERATION",
      "detail": "YoY growth: -10.2% vs prior quarter YoY: +6.5% (decel: -16.7%)",
      "severity": "WARNING"
    },
    {
      "quarter": "2024-06 (Q2)",
      "signal": "YoY REVENUE GROWTH ACCELERATION",
      "detail": "YoY growth: +10.6% vs prior quarter YoY: +2.8% (accel: +7.8%)",
      "severity": "MEDIUM"
    },
    {
      "quarter": "2023-12 (Q4)",
      "signal": "FCF MARGIN EXPANSION",
      "detail": "FCF margin: +24.0% -> +81.3% (+57.3%)",
      "severity": "MEDIUM"
    },
    {
      "quarter": "2023-09 (Q3)",
      "signal": "OPERATING LEVERAGE",
      "detail": "Rev growth +8.0% vs OpEx growth +4.5% (leverage: 1.8x)",
      "severity": "MEDIUM"
    },
    {
      "quarter": "2023-03 (Q1)",
      "signal": "YoY REVENUE GROWTH ACCELERATION",
      "detail": "YoY growth: +6.0% vs prior quarter YoY: -7.0% (accel: +13.0%)",
      "severity": "MEDIUM"
    },
    {
      "quarter": "2022-09 (Q3)",
      "signal": "FCF MARGIN EXPANSION",
      "detail": "FCF margin: +21.0% -> +35.6% (+14.6%)",
      "severity": "MEDIUM"
    },
    {
      "quarter": "2022-09 (Q3)",
      "signal": "YoY REVENUE GROWTH ACCELERATION",
      "detail": "YoY growth: -9.1% vs prior quarter YoY: -14.9% (accel: +5.8%)",
      "severity": "MEDIUM"
    },
    {
      "quarter": "2021-12 (Q4)",
      "signal": "FCF MARGIN EXPANSION",
      "detail": "FCF margin: +39.1% -> +45.5% (+6.3%)",
      "severity": "MEDIUM"
    }
  ],
  "data_quality": {
    "n_quarters": 20,
    "coverage": {
      "revenue": [
        20,
        20
      ],
      "gross_profit": [
        10,
        20
      ],
      "op_income": [
        0,
        20
      ],
      "fcf": [
        20,
        20
      ]
    },
    "gaps": [],
    "warnings": [
      "gross_profit: 10/20Q",
      "op_income: no data"
    ]
  },
  "market_cap": null,
  "source": "SEC EDGAR",
  "last_updated": "2026-02-24T10:10:59.455203"
}