{
  "ticker": "RDNT",
  "name": "RadNet, Inc.",
  "quarters": [
    {
      "date": "2020-12-31T00:00:00",
      "quarter_label": "2020-12 (Q4)",
      "revenue": 307935000,
      "gross_profit": null,
      "operating_income": 20904000,
      "net_income": 5957000,
      "opex": 287599000,
      "cogs": null,
      "rd": null,
      "sga": null,
      "fcf": 63416000,
      "ocf": 63416000,
      "capex": null,
      "gross_margin": null,
      "op_margin": 0.06788445613522334,
      "fcf_margin": 0.20593956516797376
    },
    {
      "date": "2021-03-31T00:00:00",
      "quarter_label": "2021-03 (Q1)",
      "revenue": 315319000,
      "gross_profit": null,
      "operating_income": 17653000,
      "net_income": 9458000,
      "opex": 303914000,
      "cogs": null,
      "rd": null,
      "sga": null,
      "fcf": 28084000,
      "ocf": 28084000,
      "capex": null,
      "gross_margin": null,
      "op_margin": 0.05598457435168829,
      "fcf_margin": 0.08906535920765954,
      "op_leverage_ratio": 0.4227006617852878,
      "fcf_margin_change": -0.11687420596031423
    },
    {
      "date": "2021-06-30T00:00:00",
      "quarter_label": "2021-06 (Q2)",
      "revenue": 333918000,
      "gross_profit": null,
      "operating_income": 27678000,
      "net_income": 2873000,
      "opex": 306283000,
      "cogs": null,
      "rd": null,
      "sga": null,
      "fcf": 30617000,
      "ocf": 30617000,
      "capex": null,
      "gross_margin": null,
      "op_margin": 0.08288861337214526,
      "fcf_margin": 0.09169017543229176,
      "op_leverage_ratio": 7.567023796631923,
      "fcf_margin_change": 0.0026248162246322176
    },
    {
      "date": "2021-09-30T00:00:00",
      "quarter_label": "2021-09 (Q3)",
      "revenue": 332690000,
      "gross_profit": null,
      "operating_income": 32570000,
      "net_income": 16220000,
      "opex": 300120000,
      "cogs": null,
      "rd": null,
      "sga": null,
      "fcf": 41594000,
      "ocf": 41594000,
      "capex": null,
      "gross_margin": null,
      "op_margin": 0.0978989449637801,
      "fcf_margin": 0.1250232949592714,
      "fcf_margin_change": 0.033333119526979635
    },
    {
      "date": "2021-12-31T00:00:00",
      "quarter_label": "2021-12 (Q4)",
      "revenue": 333149000,
      "gross_profit": null,
      "operating_income": 4652000,
      "net_income": -3823000,
      "opex": 331316000,
      "cogs": null,
      "rd": null,
      "sga": null,
      "fcf": 49196000,
      "ocf": 49196000,
      "capex": null,
      "gross_margin": null,
      "op_margin": 0.013963721938231843,
      "fcf_margin": 0.14766966132271145,
      "incr_op_margin_yoy": -0.6445625446180693,
      "rev_growth_yoy": 0.08188091642716808,
      "fcf_margin_change": 0.022646366363440057
    },
    {
      "date": "2022-03-31T00:00:00",
      "quarter_label": "2022-03 (Q1)",
      "revenue": 341767000,
      "gross_profit": null,
      "operating_income": -1719000,
      "net_income": 3013000,
      "opex": 343486000,
      "cogs": null,
      "rd": null,
      "sga": null,
      "fcf": 901000,
      "ocf": 901000,
      "capex": null,
      "gross_margin": null,
      "op_margin": -0.005029742485377465,
      "fcf_margin": 0.002636298999025652,
      "incr_op_margin_yoy": -0.7324561403508771,
      "rev_growth_yoy": 0.08387696269492165,
      "rev_growth_yoy_accel": 0.0019960462677535706,
      "op_leverage_ratio": 0.7042385699768553,
      "fcf_margin_change": -0.1450333623236858
    },
    {
      "date": "2022-06-30T00:00:00",
      "quarter_label": "2022-06 (Q2)",
      "revenue": 354375000,
      "gross_profit": null,
      "operating_income": 19558000,
      "net_income": 7905000,
      "opex": 334817000,
      "cogs": null,
      "rd": null,
      "sga": null,
      "fcf": 64843000,
      "ocf": 64843000,
      "capex": null,
      "gross_margin": null,
      "op_margin": 0.05519012345679012,
      "fcf_margin": 0.18297848324514993,
      "incr_op_margin_yoy": -0.39693014616023853,
      "rev_growth_yoy": 0.06126354374427254,
      "rev_growth_yoy_accel": -0.022613418950649104,
      "op_leverage_ratio": Infinity,
      "fcf_margin_change": 0.18034218424612428
    },
    {
      "date": "2022-09-30T00:00:00",
      "quarter_label": "2022-09 (Q3)",
      "revenue": 350044000,
      "gross_profit": null,
      "operating_income": 6924000,
      "net_income": 668000,
      "opex": 343120000,
      "cogs": null,
      "rd": null,
      "sga": null,
      "fcf": 27026000,
      "ocf": 27026000,
      "capex": null,
      "gross_margin": null,
      "op_margin": 0.01978037046771263,
      "fcf_margin": 0.0772074367793763,
      "incr_op_margin_yoy": -1.47781491298836,
      "rev_growth_yoy": 0.052162673960744234,
      "rev_growth_yoy_accel": -0.00910086978352831,
      "fcf_margin_change": -0.10577104646577362
    },
    {
      "date": "2022-12-31T00:00:00",
      "quarter_label": "2022-12 (Q4)",
      "revenue": 383876000,
      "gross_profit": null,
      "operating_income": 21602000,
      "net_income": -935000,
      "opex": 362274000,
      "cogs": null,
      "rd": null,
      "sga": null,
      "fcf": 53647000,
      "ocf": 53647000,
      "capex": null,
      "gross_margin": null,
      "op_margin": 0.05627337994560744,
      "fcf_margin": 0.13975085704758827,
      "incr_op_margin_yoy": 0.33414158140635164,
      "rev_growth_yoy": 0.15226520265706936,
      "rev_growth_yoy_accel": 0.10010252869632513,
      "op_leverage_ratio": 1.7313767623648504,
      "fcf_margin_change": 0.06254342026821197
    },
    {
      "date": "2023-03-31T00:00:00",
      "quarter_label": "2023-03 (Q1)",
      "revenue": 390564000,
      "gross_profit": null,
      "operating_income": 6671000,
      "net_income": -21005000,
      "opex": 383893000,
      "cogs": null,
      "rd": null,
      "sga": null,
      "fcf": 32616000,
      "ocf": 32616000,
      "capex": null,
      "gross_margin": null,
      "op_margin": 0.017080427279523972,
      "fcf_margin": 0.08351000092174395,
      "incr_op_margin_yoy": 0.17193679939340534,
      "rev_growth_yoy": 0.14277855966199193,
      "rev_growth_yoy_accel": -0.009486642995077427,
      "op_leverage_ratio": 0.2919489169214014,
      "fcf_margin_change": -0.05624085612584433
    },
    {
      "date": "2023-06-30T00:00:00",
      "quarter_label": "2023-06 (Q2)",
      "revenue": 403715000,
      "gross_profit": null,
      "operating_income": 24441000,
      "net_income": 8369000,
      "opex": 379274000,
      "cogs": null,
      "rd": null,
      "sga": null,
      "fcf": 68075000,
      "ocf": 68075000,
      "capex": null,
      "gross_margin": null,
      "op_margin": 0.06054023258982203,
      "fcf_margin": 0.16862142848296446,
      "incr_op_margin_yoy": 0.09896635589785165,
      "rev_growth_yoy": 0.1392310405643739,
      "rev_growth_yoy_accel": -0.0035475190976180238,
      "op_leverage_ratio": Infinity,
      "fcf_margin_change": 0.08511142756122052
    },
    {
      "date": "2023-09-30T00:00:00",
      "quarter_label": "2023-09 (Q3)",
      "revenue": 401968000,
      "gross_profit": null,
      "operating_income": 43251000,
      "net_income": 17540000,
      "opex": 358717000,
      "cogs": null,
      "rd": null,
      "sga": null,
      "fcf": 31252000,
      "ocf": 31252000,
      "capex": null,
      "gross_margin": null,
      "op_margin": 0.10759811726306572,
      "fcf_margin": 0.07774748238665764,
      "incr_op_margin_yoy": 0.6996186734458054,
      "rev_growth_yoy": 0.14833563780553302,
      "rev_growth_yoy_accel": 0.009104597241159113,
      "fcf_margin_change": -0.09087394609630682
    },
    {
      "date": "2023-12-31T00:00:00",
      "quarter_label": "2023-12 (Q4)",
      "revenue": 420383000,
      "gross_profit": null,
      "operating_income": 24334000,
      "net_income": -1860000,
      "opex": 396049000,
      "cogs": null,
      "rd": null,
      "sga": null,
      "fcf": 88920000,
      "ocf": 88920000,
      "capex": null,
      "gross_margin": null,
      "op_margin": 0.05788530934885568,
      "fcf_margin": 0.21152139834389116,
      "incr_op_margin_yoy": 0.07483496315775057,
      "rev_growth_yoy": 0.09510102220508707,
      "rev_growth_yoy_accel": -0.053234615600445956,
      "op_leverage_ratio": 0.44020091799530287,
      "fcf_margin_change": 0.13377391595723354
    },
    {
      "date": "2024-03-31T00:00:00",
      "quarter_label": "2024-03 (Q1)",
      "revenue": 431707000,
      "gross_profit": null,
      "operating_income": 11339000,
      "net_income": -2779000,
      "opex": 420368000,
      "cogs": null,
      "rd": null,
      "sga": null,
      "fcf": 17088000,
      "ocf": 17088000,
      "capex": null,
      "gross_margin": null,
      "op_margin": 0.026265499517033542,
      "fcf_margin": 0.039582401953176576,
      "incr_op_margin_yoy": 0.11345793938215493,
      "rev_growth_yoy": 0.10534253028953001,
      "rev_growth_yoy_accel": 0.010241508084442949,
      "op_leverage_ratio": 0.4386901910824276,
      "fcf_margin_change": -0.17193899639071458
    },
    {
      "date": "2024-06-30T00:00:00",
      "quarter_label": "2024-06 (Q2)",
      "revenue": 459714000,
      "gross_profit": null,
      "operating_income": 34846000,
      "net_income": -2982000,
      "opex": 424868000,
      "cogs": null,
      "rd": null,
      "sga": null,
      "fcf": 116002000,
      "ocf": 116002000,
      "capex": null,
      "gross_margin": null,
      "op_margin": 0.07579930130472425,
      "fcf_margin": 0.25233514750475294,
      "incr_op_margin_yoy": 0.18580688940873943,
      "rev_growth_yoy": 0.138709237952516,
      "rev_growth_yoy_accel": 0.03336670766298598,
      "op_leverage_ratio": 6.060307145561432,
      "fcf_margin_change": 0.21275274555157636
    },
    {
      "date": "2024-09-30T00:00:00",
      "quarter_label": "2024-09 (Q3)",
      "revenue": 461142000,
      "gross_profit": null,
      "operating_income": 33911000,
      "net_income": 3209000,
      "opex": 427231000,
      "cogs": null,
      "rd": null,
      "sga": null,
      "fcf": 57404000,
      "ocf": 57404000,
      "capex": null,
      "gross_margin": null,
      "op_margin": 0.07353700161772296,
      "fcf_margin": 0.1244822635977638,
      "incr_op_margin_yoy": -0.15783959171257647,
      "rev_growth_yoy": 0.14721072324165108,
      "rev_growth_yoy_accel": 0.00850148528913508,
      "fcf_margin_change": -0.12785288390698912
    },
    {
      "date": "2024-12-31T00:00:00",
      "quarter_label": "2024-12 (Q4)",
      "revenue": 477101000,
      "gross_profit": null,
      "operating_income": 24525000,
      "net_income": 5345000,
      "opex": 452576000,
      "cogs": null,
      "rd": null,
      "sga": null,
      "fcf": 42529000,
      "ocf": 42529000,
      "capex": null,
      "gross_margin": null,
      "op_margin": 0.0514042100100398,
      "fcf_margin": 0.08914045453688003,
      "incr_op_margin_yoy": 0.0033675376423710286,
      "rev_growth_yoy": 0.13491982311368442,
      "rev_growth_yoy_accel": -0.012290900127966659,
      "op_leverage_ratio": 0.5833664624652894,
      "fcf_margin_change": -0.03534180906088377
    },
    {
      "date": "2025-03-31T00:00:00",
      "quarter_label": "2025-03 (Q1)",
      "revenue": 471399000,
      "gross_profit": null,
      "operating_income": -24101000,
      "net_income": -37926000,
      "opex": 495500000,
      "cogs": null,
      "rd": null,
      "sga": null,
      "fcf": 41481000,
      "ocf": 41481000,
      "capex": null,
      "gross_margin": null,
      "op_margin": -0.051126540361774206,
      "fcf_margin": 0.08799551971896419,
      "incr_op_margin_yoy": -0.8928751385669657,
      "rev_growth_yoy": 0.09194198843196891,
      "rev_growth_yoy_accel": -0.04297783468171551,
      "fcf_margin_change": -0.0011449348179158464
    },
    {
      "date": "2025-06-30T00:00:00",
      "quarter_label": "2025-06 (Q2)",
      "revenue": 498230000,
      "gross_profit": null,
      "operating_income": 30879000,
      "net_income": 14454000,
      "opex": 467351000,
      "cogs": null,
      "rd": null,
      "sga": null,
      "fcf": 120348000,
      "ocf": 120348000,
      "capex": null,
      "gross_margin": null,
      "op_margin": 0.06197739999598579,
      "fcf_margin": 0.24155109086165025,
      "incr_op_margin_yoy": -0.10299615744106345,
      "rev_growth_yoy": 0.08378252565725647,
      "rev_growth_yoy_accel": -0.00815946277471244,
      "op_leverage_ratio": Infinity,
      "fcf_margin_change": 0.15355557114268606
    },
    {
      "date": "2025-09-30T00:00:00",
      "quarter_label": "2025-09 (Q3)",
      "revenue": 522869000,
      "gross_profit": null,
      "operating_income": 27389000,
      "net_income": 5417000,
      "opex": 495480000,
      "cogs": null,
      "rd": null,
      "sga": null,
      "fcf": 52827000,
      "ocf": 52827000,
      "capex": null,
      "gross_margin": null,
      "op_margin": 0.05238214543222107,
      "fcf_margin": 0.10103295471714713,
      "incr_op_margin_yoy": -0.10565878788860628,
      "rev_growth_yoy": 0.13385681633856816,
      "rev_growth_yoy_accel": 0.050074290681311695,
      "op_leverage_ratio": 0.8216409698709128,
      "fcf_margin_change": -0.14051813614450312
    }
  ],
  "signals": [
    {
      "quarter": "2025-09 (Q3)",
      "signal": "YoY REVENUE GROWTH ACCELERATION",
      "detail": "YoY growth: +13.4% vs prior quarter YoY: +8.4% (accel: +5.0%)",
      "severity": "MEDIUM"
    },
    {
      "quarter": "2025-06 (Q2)",
      "signal": "FCF MARGIN EXPANSION",
      "detail": "FCF margin: +8.8% -> +24.2% (+15.4%)",
      "severity": "MEDIUM"
    },
    {
      "quarter": "2025-06 (Q2)",
      "signal": "OP MARGIN TURNED POSITIVE (QoQ)",
      "detail": "Op margin: -5.1% -> +6.2%",
      "severity": "HIGH"
    },
    {
      "quarter": "2024-06 (Q2)",
      "signal": "FCF MARGIN EXPANSION",
      "detail": "FCF margin: +4.0% -> +25.2% (+21.3%)",
      "severity": "MEDIUM"
    },
    {
      "quarter": "2024-06 (Q2)",
      "signal": "OPERATING LEVERAGE",
      "detail": "Rev growth +6.5% vs OpEx growth +1.1% (leverage: 6.1x)",
      "severity": "MEDIUM"
    },
    {
      "quarter": "2024-06 (Q2)",
      "signal": "INCREMENTAL MARGIN (YoY)",
      "detail": "YoY Incr OPM: +18.6% vs year-ago OPM: +6.1%",
      "severity": "MEDIUM"
    },
    {
      "quarter": "2023-12 (Q4)",
      "signal": "FCF MARGIN EXPANSION",
      "detail": "FCF margin: +7.8% -> +21.2% (+13.4%)",
      "severity": "MEDIUM"
    },
    {
      "quarter": "2023-12 (Q4)",
      "signal": "YoY REVENUE GROWTH DECELERATION",
      "detail": "YoY growth: +9.5% vs prior quarter YoY: +14.8% (decel: -5.3%)",
      "severity": "WARNING"
    },
    {
      "quarter": "2023-09 (Q3)",
      "signal": "INCREMENTAL MARGIN (YoY)",
      "detail": "YoY Incr OPM: +70.0% vs year-ago OPM: +2.0%",
      "severity": "HIGH"
    },
    {
      "quarter": "2023-06 (Q2)",
      "signal": "FCF MARGIN EXPANSION",
      "detail": "FCF margin: +8.4% -> +16.9% (+8.5%)",
      "severity": "MEDIUM"
    },
    {
      "quarter": "2023-03 (Q1)",
      "signal": "OP MARGIN TURNED POSITIVE (YoY)",
      "detail": "Op margin: -0.5% (year-ago) -> +1.7%",
      "severity": "HIGH"
    },
    {
      "quarter": "2022-12 (Q4)",
      "signal": "FCF MARGIN EXPANSION",
      "detail": "FCF margin: +7.7% -> +14.0% (+6.3%)",
      "severity": "MEDIUM"
    },
    {
      "quarter": "2022-12 (Q4)",
      "signal": "OPERATING LEVERAGE",
      "detail": "Rev growth +9.7% vs OpEx growth +5.6% (leverage: 1.7x)",
      "severity": "MEDIUM"
    },
    {
      "quarter": "2022-12 (Q4)",
      "signal": "YoY REVENUE GROWTH ACCELERATION",
      "detail": "YoY growth: +15.2% vs prior quarter YoY: +5.2% (accel: +10.0%)",
      "severity": "MEDIUM"
    },
    {
      "quarter": "2022-12 (Q4)",
      "signal": "INCREMENTAL MARGIN (YoY)",
      "detail": "YoY Incr OPM: +33.4% vs year-ago OPM: +1.4%",
      "severity": "HIGH"
    },
    {
      "quarter": "2022-06 (Q2)",
      "signal": "FCF MARGIN EXPANSION",
      "detail": "FCF margin: +0.3% -> +18.3% (+18.0%)",
      "severity": "MEDIUM"
    },
    {
      "quarter": "2022-06 (Q2)",
      "signal": "OP MARGIN TURNED POSITIVE (QoQ)",
      "detail": "Op margin: -0.5% -> +5.5%",
      "severity": "HIGH"
    },
    {
      "quarter": "2021-06 (Q2)",
      "signal": "OPERATING LEVERAGE",
      "detail": "Rev growth +5.9% vs OpEx growth +0.8% (leverage: 7.6x)",
      "severity": "MEDIUM"
    }
  ],
  "data_quality": {
    "n_quarters": 20,
    "coverage": {
      "revenue": [
        20,
        20
      ],
      "gross_profit": [
        0,
        20
      ],
      "op_income": [
        20,
        20
      ],
      "fcf": [
        20,
        20
      ]
    },
    "gaps": [],
    "warnings": [
      "gross_profit: no data"
    ]
  },
  "market_cap": null,
  "source": "SEC EDGAR",
  "last_updated": "2026-02-02T20:59:09.420746"
}