{
  "ticker": "RDVT",
  "name": "RED VIOLET, INC.",
  "quarters": [
    {
      "date": "2020-12-31T00:00:00",
      "quarter_label": "2020-12 (Q4)",
      "revenue": 8963000,
      "gross_profit": null,
      "operating_income": -1869000,
      "net_income": -1875000,
      "opex": 10832000,
      "cogs": null,
      "rd": null,
      "sga": null,
      "fcf": 1714000,
      "ocf": 1770000,
      "capex": -56000,
      "gross_margin": null,
      "op_margin": -0.20852393171929043,
      "fcf_margin": 0.19123061474952582
    },
    {
      "date": "2021-03-31T00:00:00",
      "quarter_label": "2021-03 (Q1)",
      "revenue": 10217000,
      "gross_profit": null,
      "operating_income": -573000,
      "net_income": -578000,
      "opex": 10790000,
      "cogs": null,
      "rd": null,
      "sga": null,
      "fcf": 1186000,
      "ocf": 1232000,
      "capex": -46000,
      "gross_margin": null,
      "op_margin": -0.05608299892336302,
      "fcf_margin": 0.1160810414015856,
      "op_leverage_ratio": Infinity,
      "fcf_margin_change": -0.07514957334794023
    },
    {
      "date": "2021-06-30T00:00:00",
      "quarter_label": "2021-06 (Q2)",
      "revenue": 10879000,
      "gross_profit": null,
      "operating_income": -410000,
      "net_income": 1761000,
      "opex": 11289000,
      "cogs": null,
      "rd": null,
      "sga": null,
      "fcf": 2192000,
      "ocf": 2301000,
      "capex": -109000,
      "gross_margin": null,
      "op_margin": -0.03768728743450685,
      "fcf_margin": 0.20148910745472928,
      "op_leverage_ratio": 1.401056002579692,
      "fcf_margin_change": 0.08540806605314369
    },
    {
      "date": "2021-09-30T00:00:00",
      "quarter_label": "2021-09 (Q3)",
      "revenue": 11668000,
      "gross_profit": null,
      "operating_income": 1255000,
      "net_income": 1256000,
      "opex": 10413000,
      "cogs": null,
      "rd": null,
      "sga": null,
      "fcf": 3396000,
      "ocf": 3464000,
      "capex": -68000,
      "gross_margin": null,
      "op_margin": 0.10755913609873158,
      "fcf_margin": 0.2910524511484402,
      "op_leverage_ratio": Infinity,
      "fcf_margin_change": 0.08956334369371091
    },
    {
      "date": "2021-12-31T00:00:00",
      "quarter_label": "2021-12 (Q4)",
      "revenue": 11258000,
      "gross_profit": null,
      "operating_income": -1587000,
      "net_income": -1784000,
      "opex": 12845000,
      "cogs": null,
      "rd": null,
      "sga": null,
      "fcf": 1894000,
      "ocf": 1951000,
      "capex": -57000,
      "gross_margin": null,
      "op_margin": -0.14096642387635458,
      "fcf_margin": 0.16823592112275715,
      "incr_op_margin_yoy": 0.12287581699346405,
      "rev_growth_yoy": 0.2560526609394176,
      "fcf_margin_change": -0.12281653002568305
    },
    {
      "date": "2022-03-31T00:00:00",
      "quarter_label": "2022-03 (Q1)",
      "revenue": 12729000,
      "gross_profit": null,
      "operating_income": 281000,
      "net_income": 107000,
      "opex": 12448000,
      "cogs": null,
      "rd": null,
      "sga": null,
      "fcf": 2317000,
      "ocf": 2430000,
      "capex": -113000,
      "gross_margin": null,
      "op_margin": 0.022075575457616466,
      "fcf_margin": 0.1820252965668945,
      "incr_op_margin_yoy": 0.33996815286624205,
      "rev_growth_yoy": 0.2458647352451796,
      "rev_growth_yoy_accel": -0.010187925694237987,
      "op_leverage_ratio": Infinity,
      "fcf_margin_change": 0.013789375444137358
    },
    {
      "date": "2022-06-30T00:00:00",
      "quarter_label": "2022-06 (Q2)",
      "revenue": 12494000,
      "gross_profit": null,
      "operating_income": -161000,
      "net_income": -205000,
      "opex": 12655000,
      "cogs": null,
      "rd": null,
      "sga": null,
      "fcf": 2417000,
      "ocf": 2525000,
      "capex": -108000,
      "gross_margin": null,
      "op_margin": -0.012886185368977109,
      "fcf_margin": 0.19345285737153833,
      "incr_op_margin_yoy": 0.15417956656346749,
      "rev_growth_yoy": 0.14845114440665502,
      "rev_growth_yoy_accel": -0.09741359083852458,
      "fcf_margin_change": 0.011427560804643827
    },
    {
      "date": "2022-09-30T00:00:00",
      "quarter_label": "2022-09 (Q3)",
      "revenue": 15026000,
      "gross_profit": null,
      "operating_income": 2158000,
      "net_income": 2258000,
      "opex": 12868000,
      "cogs": null,
      "rd": null,
      "sga": null,
      "fcf": 3095000,
      "ocf": 3145000,
      "capex": -50000,
      "gross_margin": null,
      "op_margin": 0.1436177292692666,
      "fcf_margin": 0.20597630773326234,
      "incr_op_margin_yoy": 0.2689100655151876,
      "rev_growth_yoy": 0.2877956804936579,
      "rev_growth_yoy_accel": 0.13934453608700287,
      "op_leverage_ratio": 12.04050620354108,
      "fcf_margin_change": 0.012523450361724003
    },
    {
      "date": "2022-12-31T00:00:00",
      "quarter_label": "2022-12 (Q4)",
      "revenue": 13069000,
      "gross_profit": null,
      "operating_income": -1917000,
      "net_income": -1544000,
      "opex": 14986000,
      "cogs": null,
      "rd": null,
      "sga": null,
      "fcf": 4257000,
      "ocf": 4359000,
      "capex": -102000,
      "gross_margin": null,
      "op_margin": -0.14668299028234755,
      "fcf_margin": 0.3257326497819267,
      "incr_op_margin_yoy": -0.18221976808393153,
      "rev_growth_yoy": 0.1608633860365962,
      "rev_growth_yoy_accel": -0.1269322944570617,
      "fcf_margin_change": 0.11975634204866434
    },
    {
      "date": "2023-03-31T00:00:00",
      "quarter_label": "2023-03 (Q1)",
      "revenue": 14626000,
      "gross_profit": null,
      "operating_income": 401000,
      "net_income": 716000,
      "opex": 14225000,
      "cogs": null,
      "rd": null,
      "sga": null,
      "fcf": 1487000,
      "ocf": 1531000,
      "capex": -44000,
      "gross_margin": null,
      "op_margin": 0.027416928757008067,
      "fcf_margin": 0.10166826199917954,
      "incr_op_margin_yoy": 0.0632577754348972,
      "rev_growth_yoy": 0.14902977453059943,
      "rev_growth_yoy_accel": -0.011833611505996766,
      "op_leverage_ratio": Infinity,
      "fcf_margin_change": -0.22406438778274712
    },
    {
      "date": "2023-06-30T00:00:00",
      "quarter_label": "2023-06 (Q2)",
      "revenue": 14680000,
      "gross_profit": null,
      "operating_income": 1233000,
      "net_income": 1388000,
      "opex": 13447000,
      "cogs": null,
      "rd": null,
      "sga": null,
      "fcf": 3540000,
      "ocf": 3547000,
      "capex": -7000,
      "gross_margin": null,
      "op_margin": 0.08399182561307902,
      "fcf_margin": 0.24114441416893734,
      "incr_op_margin_yoy": 0.6376944190301921,
      "rev_growth_yoy": 0.1749639827117016,
      "rev_growth_yoy_accel": 0.025934208181102175,
      "fcf_margin_change": 0.13947615216975778
    },
    {
      "date": "2023-09-30T00:00:00",
      "quarter_label": "2023-09 (Q3)",
      "revenue": 15837000,
      "gross_profit": null,
      "operating_income": 1765000,
      "net_income": 12495000,
      "opex": 14072000,
      "cogs": null,
      "rd": null,
      "sga": null,
      "fcf": 5742000,
      "ocf": 5789000,
      "capex": -47000,
      "gross_margin": null,
      "op_margin": 0.11144787522889436,
      "fcf_margin": 0.36256866830839174,
      "rev_growth_yoy": 0.05397311327033143,
      "rev_growth_yoy_accel": -0.12099086944137018,
      "op_leverage_ratio": 1.695714332425068,
      "fcf_margin_change": 0.1214242541394544
    },
    {
      "date": "2023-12-31T00:00:00",
      "quarter_label": "2023-12 (Q4)",
      "revenue": 15061000,
      "gross_profit": null,
      "operating_income": -895000,
      "net_income": -1070000,
      "opex": 15956000,
      "cogs": null,
      "rd": null,
      "sga": null,
      "fcf": 4180000,
      "ocf": 4204000,
      "capex": -24000,
      "gross_margin": null,
      "op_margin": -0.05942500497974902,
      "fcf_margin": 0.27753801208419093,
      "incr_op_margin_yoy": 0.5130522088353414,
      "rev_growth_yoy": 0.15242176142015457,
      "rev_growth_yoy_accel": 0.09844864814982314,
      "fcf_margin_change": -0.0850306562242008
    },
    {
      "date": "2024-03-31T00:00:00",
      "quarter_label": "2024-03 (Q1)",
      "revenue": 17511000,
      "gross_profit": null,
      "operating_income": 1983000,
      "net_income": 1784000,
      "opex": 15528000,
      "cogs": null,
      "rd": null,
      "sga": null,
      "fcf": 4240000,
      "ocf": 4305000,
      "capex": -65000,
      "gross_margin": null,
      "op_margin": 0.11324310433441837,
      "fcf_margin": 0.24213351607560962,
      "incr_op_margin_yoy": 0.5483535528596187,
      "rev_growth_yoy": 0.1972514699849583,
      "rev_growth_yoy_accel": 0.04482970856480373,
      "op_leverage_ratio": Infinity,
      "fcf_margin_change": -0.03540449600858131
    },
    {
      "date": "2024-06-30T00:00:00",
      "quarter_label": "2024-06 (Q2)",
      "revenue": 19056000,
      "gross_profit": 15601000,
      "operating_income": 3068000,
      "net_income": 2637000,
      "opex": 15988000,
      "cogs": 3455000,
      "rd": null,
      "sga": null,
      "fcf": 5665000,
      "ocf": 5717000,
      "capex": -52000,
      "gross_margin": 0.8186922753988245,
      "op_margin": 0.16099916036943746,
      "fcf_margin": 0.29728169605373633,
      "incr_op_margin_yoy": 0.4193327239488117,
      "rev_growth_yoy": 0.29809264305177113,
      "rev_growth_yoy_accel": 0.10084117306681284,
      "op_leverage_ratio": 2.9783465300072254,
      "fcf_margin_change": 0.05514817997812671
    },
    {
      "date": "2024-09-30T00:00:00",
      "quarter_label": "2024-09 (Q3)",
      "revenue": 19057000,
      "gross_profit": 15743000,
      "operating_income": 2498000,
      "net_income": 1719000,
      "opex": 16559000,
      "cogs": 3314000,
      "rd": null,
      "sga": null,
      "fcf": 7212000,
      "ocf": 7247000,
      "capex": -35000,
      "gross_margin": 0.8261006454321247,
      "op_margin": 0.13108044288188067,
      "fcf_margin": 0.37844361651886443,
      "incr_op_margin_yoy": 0.22763975155279503,
      "rev_growth_yoy": 0.2033213361116373,
      "rev_growth_yoy_accel": -0.09477130694013383,
      "fcf_margin_change": 0.0811619204651281
    },
    {
      "date": "2024-12-31T00:00:00",
      "quarter_label": "2024-12 (Q4)",
      "revenue": 19565000,
      "gross_profit": 16093000,
      "operating_income": 371000,
      "net_income": 863000,
      "opex": 19194000,
      "cogs": 3472000,
      "rd": null,
      "sga": null,
      "fcf": 6674000,
      "ocf": 6691000,
      "capex": -17000,
      "gross_margin": 0.8225402504472272,
      "op_margin": 0.018962432915921288,
      "fcf_margin": 0.34111934577050856,
      "incr_op_margin_yoy": 0.2810834813499112,
      "rev_growth_yoy": 0.2990505278533962,
      "rev_growth_yoy_accel": 0.0957291917417589,
      "op_leverage_ratio": 0.1675184573115767,
      "fcf_margin_change": -0.03732427074835587
    },
    {
      "date": "2025-03-31T00:00:00",
      "quarter_label": "2025-03 (Q1)",
      "revenue": 22003000,
      "gross_profit": null,
      "operating_income": 4211000,
      "net_income": 3440000,
      "opex": 17792000,
      "cogs": null,
      "rd": null,
      "sga": null,
      "fcf": 4951000,
      "ocf": 5001000,
      "capex": -50000,
      "gross_margin": null,
      "op_margin": 0.19138299322819616,
      "fcf_margin": 0.22501477071308457,
      "incr_op_margin_yoy": 0.4959928762243989,
      "rev_growth_yoy": 0.2565244703329336,
      "rev_growth_yoy_accel": -0.04252605752046262,
      "op_leverage_ratio": Infinity,
      "fcf_margin_change": -0.116104575057424
    },
    {
      "date": "2025-06-30T00:00:00",
      "quarter_label": "2025-06 (Q2)",
      "revenue": 21774000,
      "gross_profit": 18273000,
      "operating_income": 2751000,
      "net_income": 2686000,
      "opex": 19023000,
      "cogs": 3501000,
      "rd": null,
      "sga": null,
      "fcf": 7285000,
      "ocf": 7487000,
      "capex": -202000,
      "gross_margin": 0.8392119041058143,
      "op_margin": 0.1263433452741802,
      "fcf_margin": 0.33457334435565356,
      "incr_op_margin_yoy": -0.1166298749080206,
      "rev_growth_yoy": 0.142632241813602,
      "rev_growth_yoy_accel": -0.11389222851933156,
      "fcf_margin_change": 0.10955857364256899
    },
    {
      "date": "2025-09-30T00:00:00",
      "quarter_label": "2025-09 (Q3)",
      "revenue": 23083000,
      "gross_profit": 19461000,
      "operating_income": 4576000,
      "net_income": 4213000,
      "opex": 18507000,
      "cogs": 3622000,
      "rd": null,
      "sga": null,
      "fcf": 9985000,
      "ocf": 10172000,
      "capex": -187000,
      "gross_margin": 0.8430879868301348,
      "op_margin": 0.1982411298358099,
      "fcf_margin": 0.43256942338517523,
      "incr_op_margin_yoy": 0.5161450571286637,
      "rev_growth_yoy": 0.21126095398016476,
      "rev_growth_yoy_accel": 0.06862871216656274,
      "op_leverage_ratio": Infinity,
      "fcf_margin_change": 0.09799607902952168
    }
  ],
  "signals": [
    {
      "quarter": "2025-09 (Q3)",
      "signal": "FCF MARGIN EXPANSION",
      "detail": "FCF margin: +33.5% -> +43.3% (+9.8%)",
      "severity": "MEDIUM"
    },
    {
      "quarter": "2025-09 (Q3)",
      "signal": "YoY REVENUE GROWTH ACCELERATION",
      "detail": "YoY growth: +21.1% vs prior quarter YoY: +14.3% (accel: +6.9%)",
      "severity": "MEDIUM"
    },
    {
      "quarter": "2025-09 (Q3)",
      "signal": "INCREMENTAL MARGIN (YoY)",
      "detail": "YoY Incr OPM: +51.6% vs year-ago OPM: +13.1%",
      "severity": "HIGH"
    },
    {
      "quarter": "2025-06 (Q2)",
      "signal": "FCF MARGIN EXPANSION",
      "detail": "FCF margin: +22.5% -> +33.5% (+11.0%)",
      "severity": "MEDIUM"
    },
    {
      "quarter": "2025-06 (Q2)",
      "signal": "YoY REVENUE GROWTH DECELERATION",
      "detail": "YoY growth: +14.3% vs prior quarter YoY: +25.7% (decel: -11.4%)",
      "severity": "WARNING"
    },
    {
      "quarter": "2025-03 (Q1)",
      "signal": "INCREMENTAL MARGIN (YoY)",
      "detail": "YoY Incr OPM: +49.6% vs year-ago OPM: +11.3%",
      "severity": "HIGH"
    },
    {
      "quarter": "2024-12 (Q4)",
      "signal": "YoY REVENUE GROWTH ACCELERATION",
      "detail": "YoY growth: +29.9% vs prior quarter YoY: +20.3% (accel: +9.6%)",
      "severity": "MEDIUM"
    },
    {
      "quarter": "2024-12 (Q4)",
      "signal": "OP MARGIN TURNED POSITIVE (YoY)",
      "detail": "Op margin: -5.9% (year-ago) -> +1.9%",
      "severity": "HIGH"
    },
    {
      "quarter": "2024-09 (Q3)",
      "signal": "FCF MARGIN EXPANSION",
      "detail": "FCF margin: +29.7% -> +37.8% (+8.1%)",
      "severity": "MEDIUM"
    },
    {
      "quarter": "2024-09 (Q3)",
      "signal": "YoY REVENUE GROWTH DECELERATION",
      "detail": "YoY growth: +20.3% vs prior quarter YoY: +29.8% (decel: -9.5%)",
      "severity": "WARNING"
    },
    {
      "quarter": "2024-09 (Q3)",
      "signal": "INCREMENTAL MARGIN (YoY)",
      "detail": "YoY Incr OPM: +22.8% vs year-ago OPM: +11.1%",
      "severity": "MEDIUM"
    },
    {
      "quarter": "2024-06 (Q2)",
      "signal": "FCF MARGIN EXPANSION",
      "detail": "FCF margin: +24.2% -> +29.7% (+5.5%)",
      "severity": "MEDIUM"
    },
    {
      "quarter": "2024-06 (Q2)",
      "signal": "OPERATING LEVERAGE",
      "detail": "Rev growth +8.8% vs OpEx growth +3.0% (leverage: 3.0x)",
      "severity": "MEDIUM"
    },
    {
      "quarter": "2024-06 (Q2)",
      "signal": "YoY REVENUE GROWTH ACCELERATION",
      "detail": "YoY growth: +29.8% vs prior quarter YoY: +19.7% (accel: +10.1%)",
      "severity": "MEDIUM"
    },
    {
      "quarter": "2024-06 (Q2)",
      "signal": "INCREMENTAL MARGIN (YoY)",
      "detail": "YoY Incr OPM: +41.9% vs year-ago OPM: +8.4%",
      "severity": "HIGH"
    },
    {
      "quarter": "2024-03 (Q1)",
      "signal": "INCREMENTAL MARGIN (YoY)",
      "detail": "YoY Incr OPM: +54.8% vs year-ago OPM: +2.7%",
      "severity": "HIGH"
    },
    {
      "quarter": "2024-03 (Q1)",
      "signal": "OP MARGIN TURNED POSITIVE (QoQ)",
      "detail": "Op margin: -5.9% -> +11.3%",
      "severity": "HIGH"
    },
    {
      "quarter": "2023-12 (Q4)",
      "signal": "YoY REVENUE GROWTH ACCELERATION",
      "detail": "YoY growth: +15.2% vs prior quarter YoY: +5.4% (accel: +9.8%)",
      "severity": "MEDIUM"
    },
    {
      "quarter": "2023-09 (Q3)",
      "signal": "FCF MARGIN EXPANSION",
      "detail": "FCF margin: +24.1% -> +36.3% (+12.1%)",
      "severity": "MEDIUM"
    },
    {
      "quarter": "2023-09 (Q3)",
      "signal": "OPERATING LEVERAGE",
      "detail": "Rev growth +7.9% vs OpEx growth +4.6% (leverage: 1.7x)",
      "severity": "MEDIUM"
    },
    {
      "quarter": "2023-09 (Q3)",
      "signal": "YoY REVENUE GROWTH DECELERATION",
      "detail": "YoY growth: +5.4% vs prior quarter YoY: +17.5% (decel: -12.1%)",
      "severity": "WARNING"
    },
    {
      "quarter": "2023-06 (Q2)",
      "signal": "FCF MARGIN EXPANSION",
      "detail": "FCF margin: +10.2% -> +24.1% (+13.9%)",
      "severity": "MEDIUM"
    },
    {
      "quarter": "2023-06 (Q2)",
      "signal": "OP MARGIN TURNED POSITIVE (YoY)",
      "detail": "Op margin: -1.3% (year-ago) -> +8.4%",
      "severity": "HIGH"
    },
    {
      "quarter": "2023-03 (Q1)",
      "signal": "OP MARGIN TURNED POSITIVE (QoQ)",
      "detail": "Op margin: -14.7% -> +2.7%",
      "severity": "HIGH"
    },
    {
      "quarter": "2022-12 (Q4)",
      "signal": "FCF MARGIN EXPANSION",
      "detail": "FCF margin: +20.6% -> +32.6% (+12.0%)",
      "severity": "MEDIUM"
    },
    {
      "quarter": "2022-12 (Q4)",
      "signal": "YoY REVENUE GROWTH DECELERATION",
      "detail": "YoY growth: +16.1% vs prior quarter YoY: +28.8% (decel: -12.7%)",
      "severity": "WARNING"
    },
    {
      "quarter": "2022-09 (Q3)",
      "signal": "OPERATING LEVERAGE",
      "detail": "Rev growth +20.3% vs OpEx growth +1.7% (leverage: 12.0x)",
      "severity": "MEDIUM"
    },
    {
      "quarter": "2022-09 (Q3)",
      "signal": "YoY REVENUE GROWTH ACCELERATION",
      "detail": "YoY growth: +28.8% vs prior quarter YoY: +14.8% (accel: +13.9%)",
      "severity": "MEDIUM"
    },
    {
      "quarter": "2022-09 (Q3)",
      "signal": "INCREMENTAL MARGIN (YoY)",
      "detail": "YoY Incr OPM: +26.9% vs year-ago OPM: +10.8%",
      "severity": "MEDIUM"
    },
    {
      "quarter": "2022-09 (Q3)",
      "signal": "OP MARGIN TURNED POSITIVE (QoQ)",
      "detail": "Op margin: -1.3% -> +14.4%",
      "severity": "HIGH"
    },
    {
      "quarter": "2022-06 (Q2)",
      "signal": "YoY REVENUE GROWTH DECELERATION",
      "detail": "YoY growth: +14.8% vs prior quarter YoY: +24.6% (decel: -9.7%)",
      "severity": "WARNING"
    },
    {
      "quarter": "2022-03 (Q1)",
      "signal": "OP MARGIN TURNED POSITIVE (YoY)",
      "detail": "Op margin: -5.6% (year-ago) -> +2.2%",
      "severity": "HIGH"
    },
    {
      "quarter": "2022-03 (Q1)",
      "signal": "OP MARGIN TURNED POSITIVE (QoQ)",
      "detail": "Op margin: -14.1% -> +2.2%",
      "severity": "HIGH"
    },
    {
      "quarter": "2021-09 (Q3)",
      "signal": "FCF MARGIN EXPANSION",
      "detail": "FCF margin: +20.1% -> +29.1% (+9.0%)",
      "severity": "MEDIUM"
    },
    {
      "quarter": "2021-09 (Q3)",
      "signal": "OP MARGIN TURNED POSITIVE (QoQ)",
      "detail": "Op margin: -3.8% -> +10.8%",
      "severity": "HIGH"
    },
    {
      "quarter": "2021-06 (Q2)",
      "signal": "FCF MARGIN EXPANSION",
      "detail": "FCF margin: +11.6% -> +20.1% (+8.5%)",
      "severity": "MEDIUM"
    }
  ],
  "data_quality": {
    "n_quarters": 20,
    "coverage": {
      "revenue": [
        20,
        20
      ],
      "gross_profit": [
        5,
        20
      ],
      "op_income": [
        20,
        20
      ],
      "fcf": [
        20,
        20
      ]
    },
    "gaps": [],
    "warnings": [
      "gross_profit: 5/20Q"
    ]
  },
  "market_cap": null,
  "source": "SEC EDGAR",
  "last_updated": "2026-02-02T22:14:00.741384"
}