{
  "ticker": "REGCO",
  "name": "REGENCY CENTERS CORPORATION",
  "quarters": [
    {
      "date": "2020-12-31T00:00:00",
      "quarter_label": "2020-12 (Q4)",
      "revenue": 258460000,
      "gross_profit": null,
      "operating_income": null,
      "net_income": 38487000,
      "opex": 195581000,
      "cogs": null,
      "rd": null,
      "sga": null,
      "fcf": 124529000,
      "ocf": 124529000,
      "capex": null,
      "gross_margin": null,
      "op_margin": null,
      "fcf_margin": 0.48181149887796954
    },
    {
      "date": "2021-03-31T00:00:00",
      "quarter_label": "2021-03 (Q1)",
      "revenue": 274703000,
      "gross_profit": null,
      "operating_income": null,
      "net_income": 80656000,
      "opex": 180992000,
      "cogs": null,
      "rd": null,
      "sga": null,
      "fcf": 139362000,
      "ocf": 139362000,
      "capex": null,
      "gross_margin": null,
      "op_margin": null,
      "fcf_margin": 0.5073188134093912,
      "op_leverage_ratio": Infinity,
      "fcf_margin_change": 0.025507314531421688
    },
    {
      "date": "2021-06-30T00:00:00",
      "quarter_label": "2021-06 (Q2)",
      "revenue": 287159000,
      "gross_profit": null,
      "operating_income": null,
      "net_income": 95490000,
      "opex": 176594000,
      "cogs": null,
      "rd": null,
      "sga": null,
      "fcf": 185925000,
      "ocf": 185925000,
      "capex": null,
      "gross_margin": null,
      "op_margin": null,
      "fcf_margin": 0.6474636003050575,
      "op_leverage_ratio": Infinity,
      "fcf_margin_change": 0.14014478689566623
    },
    {
      "date": "2021-09-30T00:00:00",
      "quarter_label": "2021-09 (Q3)",
      "revenue": 307375000,
      "gross_profit": null,
      "operating_income": null,
      "net_income": 117406000,
      "opex": 173307000,
      "cogs": null,
      "rd": null,
      "sga": null,
      "fcf": 183191000,
      "ocf": 183191000,
      "capex": null,
      "gross_margin": null,
      "op_margin": null,
      "fcf_margin": 0.5959853599023993,
      "op_leverage_ratio": Infinity,
      "fcf_margin_change": -0.05147824040265814
    },
    {
      "date": "2021-12-31T00:00:00",
      "quarter_label": "2021-12 (Q4)",
      "revenue": 296924000,
      "gross_profit": null,
      "operating_income": null,
      "net_income": 67859000,
      "opex": 183089000,
      "cogs": null,
      "rd": null,
      "sga": null,
      "fcf": 150910000,
      "ocf": 150910000,
      "capex": null,
      "gross_margin": null,
      "op_margin": null,
      "fcf_margin": 0.5082445339548167,
      "rev_growth_yoy": 0.14881993345198483,
      "fcf_margin_change": -0.08774082594758259
    },
    {
      "date": "2022-03-31T00:00:00",
      "quarter_label": "2022-03 (Q1)",
      "revenue": 303433000,
      "gross_profit": null,
      "operating_income": null,
      "net_income": 195228000,
      "opex": 182137000,
      "cogs": null,
      "rd": null,
      "sga": null,
      "fcf": 142892000,
      "ocf": 142892000,
      "capex": null,
      "gross_margin": null,
      "op_margin": null,
      "fcf_margin": 0.47091779733911604,
      "rev_growth_yoy": 0.10458567980691874,
      "rev_growth_yoy_accel": -0.044234253645066085,
      "op_leverage_ratio": Infinity,
      "fcf_margin_change": -0.037326736615700684
    },
    {
      "date": "2022-06-30T00:00:00",
      "quarter_label": "2022-06 (Q2)",
      "revenue": 302083000,
      "gross_profit": null,
      "operating_income": null,
      "net_income": 104796000,
      "opex": 182062000,
      "cogs": null,
      "rd": null,
      "sga": null,
      "fcf": 184865000,
      "ocf": 184865000,
      "capex": null,
      "gross_margin": null,
      "op_margin": null,
      "fcf_margin": 0.6119675718262861,
      "rev_growth_yoy": 0.0519712075888271,
      "rev_growth_yoy_accel": -0.052614472218091644,
      "fcf_margin_change": 0.1410497744871701
    },
    {
      "date": "2022-09-30T00:00:00",
      "quarter_label": "2022-09 (Q3)",
      "revenue": 303989000,
      "gross_profit": null,
      "operating_income": null,
      "net_income": 87578000,
      "opex": 188995000,
      "cogs": null,
      "rd": null,
      "sga": null,
      "fcf": 200485000,
      "ocf": 200485000,
      "capex": null,
      "gross_margin": null,
      "op_margin": null,
      "fcf_margin": 0.6595139955722082,
      "rev_growth_yoy": -0.011015860105734038,
      "rev_growth_yoy_accel": -0.06298706769456114,
      "fcf_margin_change": 0.047546423745922106
    },
    {
      "date": "2022-12-31T00:00:00",
      "quarter_label": "2022-12 (Q4)",
      "revenue": 314517000,
      "gross_profit": null,
      "operating_income": null,
      "net_income": 95263000,
      "opex": 198515000,
      "cogs": null,
      "rd": null,
      "sga": null,
      "fcf": 127573000,
      "ocf": 127573000,
      "capex": null,
      "gross_margin": null,
      "op_margin": null,
      "fcf_margin": 0.4056155947055326,
      "rev_growth_yoy": 0.05925085206988994,
      "rev_growth_yoy_accel": 0.07026671217562398,
      "op_leverage_ratio": 0.6875453891230198,
      "fcf_margin_change": -0.25389840086667564
    },
    {
      "date": "2023-03-31T00:00:00",
      "quarter_label": "2023-03 (Q1)",
      "revenue": 317977000,
      "gross_profit": null,
      "operating_income": null,
      "net_income": 97281000,
      "opex": 196989000,
      "cogs": null,
      "rd": null,
      "sga": null,
      "fcf": 162099000,
      "ocf": 162099000,
      "capex": null,
      "gross_margin": null,
      "op_margin": null,
      "fcf_margin": 0.5097821540551675,
      "rev_growth_yoy": 0.04793150382456753,
      "rev_growth_yoy_accel": -0.011319348245322408,
      "op_leverage_ratio": Infinity,
      "fcf_margin_change": 0.10416655934963487
    },
    {
      "date": "2023-06-30T00:00:00",
      "quarter_label": "2023-06 (Q2)",
      "revenue": 314247000,
      "gross_profit": null,
      "operating_income": null,
      "net_income": 86782000,
      "opex": 202811000,
      "cogs": null,
      "rd": null,
      "sga": null,
      "fcf": 172578000,
      "ocf": 172578000,
      "capex": null,
      "gross_margin": null,
      "op_margin": null,
      "fcf_margin": 0.5491794671070845,
      "rev_growth_yoy": 0.04026707891539742,
      "rev_growth_yoy_accel": -0.00766442490917011,
      "fcf_margin_change": 0.03939731305191707
    },
    {
      "date": "2023-09-30T00:00:00",
      "quarter_label": "2023-09 (Q3)",
      "revenue": 330638000,
      "gross_profit": null,
      "operating_income": null,
      "net_income": 90720000,
      "opex": 211339000,
      "cogs": null,
      "rd": null,
      "sga": null,
      "fcf": 213008000,
      "ocf": 213008000,
      "capex": null,
      "gross_margin": null,
      "op_margin": null,
      "fcf_margin": 0.6442332702230233,
      "rev_growth_yoy": 0.08766435627604946,
      "rev_growth_yoy_accel": 0.04739727736065204,
      "op_leverage_ratio": 1.2404481756296541,
      "fcf_margin_change": 0.0950538031159388
    },
    {
      "date": "2023-12-31T00:00:00",
      "quarter_label": "2023-12 (Q4)",
      "revenue": 359604000,
      "gross_profit": null,
      "operating_income": null,
      "net_income": 89774000,
      "opex": 243177000,
      "cogs": null,
      "rd": null,
      "sga": null,
      "fcf": 171906000,
      "ocf": 171906000,
      "capex": null,
      "gross_margin": null,
      "op_margin": null,
      "fcf_margin": 0.4780425134314413,
      "rev_growth_yoy": 0.1433531414836082,
      "rev_growth_yoy_accel": 0.05568878520755874,
      "op_leverage_ratio": 0.5815266614840628,
      "fcf_margin_change": -0.16619075679158207
    },
    {
      "date": "2024-03-31T00:00:00",
      "quarter_label": "2024-03 (Q1)",
      "revenue": 363852000,
      "gross_profit": null,
      "operating_income": 262938000,
      "net_income": 109774000,
      "opex": 233941000,
      "cogs": null,
      "rd": null,
      "sga": null,
      "fcf": 167758000,
      "ocf": 167758000,
      "capex": null,
      "gross_margin": null,
      "op_margin": 0.7226509679759903,
      "fcf_margin": 0.46106109077317153,
      "rev_growth_yoy": 0.14427144101617412,
      "rev_growth_yoy_accel": 0.0009182995325659193,
      "op_leverage_ratio": Infinity,
      "fcf_margin_change": -0.01698142265826974
    },
    {
      "date": "2024-06-30T00:00:00",
      "quarter_label": "2024-06 (Q2)",
      "revenue": 357250000,
      "gross_profit": null,
      "operating_income": 258392000,
      "net_income": 102668000,
      "opex": 233241000,
      "cogs": null,
      "rd": null,
      "sga": null,
      "fcf": 203456000,
      "ocf": 203456000,
      "capex": null,
      "gross_margin": null,
      "op_margin": 0.7232806158152554,
      "fcf_margin": 0.5695059482155354,
      "rev_growth_yoy": 0.13684458403739733,
      "rev_growth_yoy_accel": -0.007426856978776791,
      "fcf_margin_change": 0.10844485744236382
    },
    {
      "date": "2024-09-30T00:00:00",
      "quarter_label": "2024-09 (Q3)",
      "revenue": 360266000,
      "gross_profit": null,
      "operating_income": 261160000,
      "net_income": 101469000,
      "opex": 235888000,
      "cogs": null,
      "rd": null,
      "sga": null,
      "fcf": 227599000,
      "ocf": 227599000,
      "capex": null,
      "gross_margin": null,
      "op_margin": 0.7249088173738293,
      "fcf_margin": 0.6317526494312535,
      "rev_growth_yoy": 0.08960857493694009,
      "rev_growth_yoy_accel": -0.047236009100457235,
      "fcf_margin_change": 0.06224670121571818
    },
    {
      "date": "2024-12-31T00:00:00",
      "quarter_label": "2024-12 (Q4)",
      "revenue": 372536000,
      "gross_profit": null,
      "operating_income": 264878000,
      "net_income": 86477000,
      "opex": 237028000,
      "cogs": null,
      "rd": null,
      "sga": null,
      "fcf": 191385000,
      "ocf": 191385000,
      "capex": null,
      "gross_margin": null,
      "op_margin": 0.7110131638284622,
      "fcf_margin": 0.5137355852857174,
      "rev_growth_yoy": 0.035961780180420684,
      "rev_growth_yoy_accel": -0.05364679475651941,
      "op_leverage_ratio": 7.047292249264944,
      "fcf_margin_change": -0.11801706414553614
    },
    {
      "date": "2025-03-31T00:00:00",
      "quarter_label": "2025-03 (Q1)",
      "revenue": 380912000,
      "gross_profit": null,
      "operating_income": 273538000,
      "net_income": 109587000,
      "opex": 234881000,
      "cogs": null,
      "rd": null,
      "sga": null,
      "fcf": 161031000,
      "ocf": 161031000,
      "capex": null,
      "gross_margin": null,
      "op_margin": 0.7181133700172219,
      "fcf_margin": 0.4227511866257823,
      "incr_op_margin_yoy": 0.6213364595545134,
      "rev_growth_yoy": 0.04688719589283555,
      "rev_growth_yoy_accel": 0.010925415712414864,
      "op_leverage_ratio": Infinity,
      "fcf_margin_change": -0.09098439865993507
    },
    {
      "date": "2025-06-30T00:00:00",
      "quarter_label": "2025-06 (Q2)",
      "revenue": 380848000,
      "gross_profit": null,
      "operating_income": 280933000,
      "net_income": 106021000,
      "opex": 235218000,
      "cogs": null,
      "rd": null,
      "sga": null,
      "fcf": 244048000,
      "ocf": 244048000,
      "capex": null,
      "gross_margin": null,
      "op_margin": 0.7376512414401546,
      "fcf_margin": 0.6408015796328194,
      "incr_op_margin_yoy": 0.9552080684803796,
      "rev_growth_yoy": 0.06605458362491252,
      "rev_growth_yoy_accel": 0.019167387732076976,
      "fcf_margin_change": 0.21805039300703705
    },
    {
      "date": "2025-09-30T00:00:00",
      "quarter_label": "2025-09 (Q3)",
      "revenue": 387570000,
      "gross_profit": null,
      "operating_income": 281868000,
      "net_income": 109373000,
      "opex": 244180000,
      "cogs": null,
      "rd": null,
      "sga": null,
      "fcf": 218665000,
      "ocf": 218665000,
      "capex": null,
      "gross_margin": null,
      "op_margin": 0.7272699125319297,
      "fcf_margin": 0.5641948551229455,
      "incr_op_margin_yoy": 0.7584236741869324,
      "rev_growth_yoy": 0.07578844520437676,
      "rev_growth_yoy_accel": 0.009733861579464237,
      "op_leverage_ratio": 0.4632468151997816,
      "fcf_margin_change": -0.07660672450987382
    }
  ],
  "signals": [
    {
      "quarter": "2025-06 (Q2)",
      "signal": "FCF MARGIN EXPANSION",
      "detail": "FCF margin: +42.3% -> +64.1% (+21.8%)",
      "severity": "MEDIUM"
    },
    {
      "quarter": "2025-06 (Q2)",
      "signal": "INCREMENTAL MARGIN (YoY)",
      "detail": "YoY Incr OPM: +95.5% vs year-ago OPM: +72.3%",
      "severity": "HIGH"
    },
    {
      "quarter": "2024-12 (Q4)",
      "signal": "OPERATING LEVERAGE",
      "detail": "Rev growth +3.4% vs OpEx growth +0.5% (leverage: 7.0x)",
      "severity": "MEDIUM"
    },
    {
      "quarter": "2024-12 (Q4)",
      "signal": "YoY REVENUE GROWTH DECELERATION",
      "detail": "YoY growth: +3.6% vs prior quarter YoY: +9.0% (decel: -5.4%)",
      "severity": "WARNING"
    },
    {
      "quarter": "2024-09 (Q3)",
      "signal": "FCF MARGIN EXPANSION",
      "detail": "FCF margin: +57.0% -> +63.2% (+6.2%)",
      "severity": "MEDIUM"
    },
    {
      "quarter": "2024-06 (Q2)",
      "signal": "FCF MARGIN EXPANSION",
      "detail": "FCF margin: +46.1% -> +57.0% (+10.8%)",
      "severity": "MEDIUM"
    },
    {
      "quarter": "2023-12 (Q4)",
      "signal": "YoY REVENUE GROWTH ACCELERATION",
      "detail": "YoY growth: +14.3% vs prior quarter YoY: +8.8% (accel: +5.6%)",
      "severity": "MEDIUM"
    },
    {
      "quarter": "2023-09 (Q3)",
      "signal": "FCF MARGIN EXPANSION",
      "detail": "FCF margin: +54.9% -> +64.4% (+9.5%)",
      "severity": "MEDIUM"
    },
    {
      "quarter": "2023-03 (Q1)",
      "signal": "FCF MARGIN EXPANSION",
      "detail": "FCF margin: +40.6% -> +51.0% (+10.4%)",
      "severity": "MEDIUM"
    },
    {
      "quarter": "2022-12 (Q4)",
      "signal": "YoY REVENUE GROWTH ACCELERATION",
      "detail": "YoY growth: +5.9% vs prior quarter YoY: -1.1% (accel: +7.0%)",
      "severity": "MEDIUM"
    },
    {
      "quarter": "2022-09 (Q3)",
      "signal": "YoY REVENUE GROWTH DECELERATION",
      "detail": "YoY growth: -1.1% vs prior quarter YoY: +5.2% (decel: -6.3%)",
      "severity": "WARNING"
    },
    {
      "quarter": "2022-06 (Q2)",
      "signal": "FCF MARGIN EXPANSION",
      "detail": "FCF margin: +47.1% -> +61.2% (+14.1%)",
      "severity": "MEDIUM"
    },
    {
      "quarter": "2022-06 (Q2)",
      "signal": "YoY REVENUE GROWTH DECELERATION",
      "detail": "YoY growth: +5.2% vs prior quarter YoY: +10.5% (decel: -5.3%)",
      "severity": "WARNING"
    },
    {
      "quarter": "2021-06 (Q2)",
      "signal": "FCF MARGIN EXPANSION",
      "detail": "FCF margin: +50.7% -> +64.7% (+14.0%)",
      "severity": "MEDIUM"
    }
  ],
  "data_quality": {
    "n_quarters": 20,
    "coverage": {
      "revenue": [
        20,
        20
      ],
      "gross_profit": [
        0,
        20
      ],
      "op_income": [
        7,
        20
      ],
      "fcf": [
        20,
        20
      ]
    },
    "gaps": [],
    "warnings": [
      "gross_profit: no data",
      "op_income: 7/20Q"
    ]
  },
  "market_cap": null,
  "source": "SEC EDGAR",
  "last_updated": "2026-02-03T01:10:07.432804"
}