{
  "ticker": "REGN",
  "name": "REGENERON PHARMACEUTICALS, INC.",
  "quarters": [
    {
      "date": "2020-12-31T00:00:00",
      "quarter_label": "2020-12 (Q4)",
      "revenue": 2422900000,
      "gross_profit": null,
      "operating_income": 1167000000,
      "net_income": 1149200000,
      "opex": 1255900000,
      "cogs": null,
      "rd": 744500000,
      "sga": 303500000,
      "fcf": 1231000000,
      "ocf": 1231000000,
      "capex": null,
      "gross_margin": null,
      "op_margin": 0.4816542160221223,
      "fcf_margin": 0.5080688431218787
    },
    {
      "date": "2021-03-31T00:00:00",
      "quarter_label": "2021-03 (Q1)",
      "revenue": 2528700000,
      "gross_profit": null,
      "operating_income": 1112700000,
      "net_income": 1115200000,
      "opex": 1416000000,
      "cogs": null,
      "rd": 742900000,
      "sga": 405600000,
      "fcf": 668500000,
      "ocf": 668500000,
      "capex": null,
      "gross_margin": null,
      "op_margin": 0.440028473128485,
      "fcf_margin": 0.26436508878079645,
      "op_leverage_ratio": 0.3425420608673296,
      "fcf_margin_change": -0.24370375434108227
    },
    {
      "date": "2021-06-30T00:00:00",
      "quarter_label": "2021-06 (Q2)",
      "revenue": 5138500000,
      "gross_profit": null,
      "operating_income": 3347200000,
      "net_income": 3098900000,
      "opex": 1791300000,
      "cogs": null,
      "rd": 714200000,
      "sga": 414700000,
      "fcf": 626700000,
      "ocf": 626700000,
      "capex": null,
      "gross_margin": null,
      "op_margin": 0.6513963218838182,
      "fcf_margin": 0.12196166196360805,
      "op_leverage_ratio": 3.893987985156621,
      "fcf_margin_change": -0.1424034268171884
    },
    {
      "date": "2021-09-30T00:00:00",
      "quarter_label": "2021-09 (Q3)",
      "revenue": 3452800000,
      "gross_profit": null,
      "operating_income": 1847200000,
      "net_income": 1632200000,
      "opex": 1605600000,
      "cogs": null,
      "rd": 665400000,
      "sga": 445000000,
      "fcf": 3413600000,
      "ocf": 3413600000,
      "capex": null,
      "gross_margin": null,
      "op_margin": 0.5349860982391103,
      "fcf_margin": 0.9886468952734013,
      "fcf_margin_change": 0.8666852333097933
    },
    {
      "date": "2021-12-31T00:00:00",
      "quarter_label": "2021-12 (Q4)",
      "revenue": 4951700000,
      "gross_profit": null,
      "operating_income": 2639700000,
      "net_income": 2229000000,
      "opex": 2312000000,
      "cogs": null,
      "rd": 785600000,
      "sga": 559600000,
      "fcf": 2372500000,
      "ocf": 2372500000,
      "capex": null,
      "gross_margin": null,
      "op_margin": 0.5330896459801684,
      "fcf_margin": 0.47912838015227094,
      "incr_op_margin_yoy": 0.582371085099652,
      "rev_growth_yoy": 1.0437079532791282,
      "op_leverage_ratio": 0.9867063099510158,
      "fcf_margin_change": -0.5095185151211303
    },
    {
      "date": "2022-03-31T00:00:00",
      "quarter_label": "2022-03 (Q1)",
      "revenue": 2965100000,
      "gross_profit": null,
      "operating_income": 1258500000,
      "net_income": 973500000,
      "opex": 1706600000,
      "cogs": null,
      "rd": 843800000,
      "sga": 450000000,
      "fcf": 2101700000,
      "ocf": 2101700000,
      "capex": null,
      "gross_margin": null,
      "op_margin": 0.42443762436342786,
      "fcf_margin": 0.7088125189706924,
      "incr_op_margin_yoy": 0.3340971585701192,
      "rev_growth_yoy": 0.17257879542848104,
      "rev_growth_yoy_accel": -0.8711291578506473,
      "fcf_margin_change": 0.22968413881842148
    },
    {
      "date": "2022-06-30T00:00:00",
      "quarter_label": "2022-06 (Q2)",
      "revenue": 2857200000,
      "gross_profit": null,
      "operating_income": 1109900000,
      "net_income": 852100000,
      "opex": 1747300000,
      "cogs": null,
      "rd": 794300000,
      "sga": 476300000,
      "fcf": 564400000,
      "ocf": 564400000,
      "capex": null,
      "gross_margin": null,
      "op_margin": 0.3884572308553829,
      "fcf_margin": 0.19753604927901441,
      "incr_op_margin_yoy": 0.980712751501337,
      "rev_growth_yoy": -0.4439622457915734,
      "rev_growth_yoy_accel": -0.6165410412200545,
      "fcf_margin_change": -0.5112764696916781
    },
    {
      "date": "2022-09-30T00:00:00",
      "quarter_label": "2022-09 (Q3)",
      "revenue": 2936200000,
      "gross_profit": null,
      "operating_income": 1223700000,
      "net_income": 1315700000,
      "opex": 1712500000,
      "cogs": null,
      "rd": 911300000,
      "sga": 529100000,
      "fcf": 628900000,
      "ocf": 628900000,
      "capex": null,
      "gross_margin": null,
      "op_margin": 0.41676316327225665,
      "fcf_margin": 0.214188406784279,
      "incr_op_margin_yoy": 1.2069299264421216,
      "rev_growth_yoy": -0.1496177015755329,
      "rev_growth_yoy_accel": 0.2943445442160405,
      "op_leverage_ratio": Infinity,
      "fcf_margin_change": 0.016652357505264587
    },
    {
      "date": "2022-12-31T00:00:00",
      "quarter_label": "2022-12 (Q4)",
      "revenue": 3414400000,
      "gross_profit": null,
      "operating_income": 1146800000,
      "net_income": 1197100000,
      "opex": 2267600000,
      "cogs": null,
      "rd": 1043100000,
      "sga": 660500000,
      "fcf": 1719900000,
      "ocf": 1719900000,
      "capex": null,
      "gross_margin": null,
      "op_margin": 0.3358716026241799,
      "fcf_margin": 0.5037195407685099,
      "incr_op_margin_yoy": 0.9711181942366487,
      "rev_growth_yoy": -0.3104590342710584,
      "rev_growth_yoy_accel": -0.16084133269552553,
      "op_leverage_ratio": 0.5024389395121724,
      "fcf_margin_change": 0.2895311339842309
    },
    {
      "date": "2023-03-31T00:00:00",
      "quarter_label": "2023-03 (Q1)",
      "revenue": 3162100000,
      "gross_profit": null,
      "operating_income": 946700000,
      "net_income": 817800000,
      "opex": 2215400000,
      "cogs": null,
      "rd": 1101200000,
      "sga": 601100000,
      "fcf": 1367600000,
      "ocf": 1367600000,
      "capex": null,
      "gross_margin": null,
      "op_margin": 0.2993896461212485,
      "fcf_margin": 0.43249739097435247,
      "incr_op_margin_yoy": -1.582741116751269,
      "rev_growth_yoy": 0.06643958045259857,
      "rev_growth_yoy_accel": 0.376898614723657,
      "fcf_margin_change": -0.07122214979415742
    },
    {
      "date": "2023-06-30T00:00:00",
      "quarter_label": "2023-06 (Q2)",
      "revenue": 3158100000,
      "gross_profit": null,
      "operating_income": 1016500000,
      "net_income": 968400000,
      "opex": 2141600000,
      "cogs": null,
      "rd": 1085300000,
      "sga": 652000000,
      "fcf": 1022400000,
      "ocf": 1022400000,
      "capex": null,
      "gross_margin": null,
      "op_margin": 0.3218707450682372,
      "fcf_margin": 0.3237389569677971,
      "incr_op_margin_yoy": -0.31040212695247593,
      "rev_growth_yoy": 0.10531289374212516,
      "rev_growth_yoy_accel": 0.03887331328952659,
      "fcf_margin_change": -0.10875843400655538
    },
    {
      "date": "2023-09-30T00:00:00",
      "quarter_label": "2023-09 (Q3)",
      "revenue": 3362700000,
      "gross_profit": null,
      "operating_income": 1111000000,
      "net_income": 1007800000,
      "opex": 2251700000,
      "cogs": null,
      "rd": 1075300000,
      "sga": 640500000,
      "fcf": 1114300000,
      "ocf": 1114300000,
      "capex": null,
      "gross_margin": null,
      "op_margin": 0.3303892705266601,
      "fcf_margin": 0.3313706247955512,
      "incr_op_margin_yoy": -0.2642438452520516,
      "rev_growth_yoy": 0.14525577276752266,
      "rev_growth_yoy_accel": 0.039942879025397504,
      "op_leverage_ratio": 1.2601748007178806,
      "fcf_margin_change": 0.007631667827754096
    },
    {
      "date": "2023-12-31T00:00:00",
      "quarter_label": "2023-12 (Q4)",
      "revenue": 3434300000,
      "gross_profit": null,
      "operating_income": 972900000,
      "net_income": 1159600000,
      "opex": 2461400000,
      "cogs": null,
      "rd": 1177200000,
      "sga": 737700000,
      "fcf": 1089700000,
      "ocf": 1089700000,
      "capex": null,
      "gross_margin": null,
      "op_margin": 0.2832891710101039,
      "fcf_margin": 0.3172990128992808,
      "incr_op_margin_yoy": -8.738693467336683,
      "rev_growth_yoy": 0.00582825679475164,
      "rev_growth_yoy_accel": -0.13942751597277103,
      "op_leverage_ratio": 0.22863198965327197,
      "fcf_margin_change": -0.014071611896270375
    },
    {
      "date": "2024-03-31T00:00:00",
      "quarter_label": "2024-03 (Q1)",
      "revenue": 3145000000,
      "gross_profit": null,
      "operating_income": 751400000,
      "net_income": 722000000,
      "opex": 2393600000,
      "cogs": null,
      "rd": 1248400000,
      "sga": 689000000,
      "fcf": 1512500000,
      "ocf": 1512500000,
      "capex": null,
      "gross_margin": null,
      "op_margin": 0.23891891891891892,
      "fcf_margin": 0.4809220985691574,
      "incr_op_margin_yoy": 11.421052631578947,
      "rev_growth_yoy": -0.005407798614844565,
      "rev_growth_yoy_accel": -0.011236055409596206,
      "fcf_margin_change": 0.1636230856698766
    },
    {
      "date": "2024-06-30T00:00:00",
      "quarter_label": "2024-06 (Q2)",
      "revenue": 3547100000,
      "gross_profit": null,
      "operating_income": 1069600000,
      "net_income": 1432300000,
      "opex": 2477500000,
      "cogs": null,
      "rd": 1200000000,
      "sga": 758800000,
      "fcf": 354000000,
      "ocf": 354000000,
      "capex": null,
      "gross_margin": null,
      "op_margin": 0.30154210481802035,
      "fcf_margin": 0.09979983648614361,
      "incr_op_margin_yoy": 0.1365038560411311,
      "rev_growth_yoy": 0.12317532693708243,
      "rev_growth_yoy_accel": 0.128583125551927,
      "op_leverage_ratio": 3.6475649904970524,
      "fcf_margin_change": -0.3811222620830138
    },
    {
      "date": "2024-09-30T00:00:00",
      "quarter_label": "2024-09 (Q3)",
      "revenue": 3720700000,
      "gross_profit": null,
      "operating_income": 1179500000,
      "net_income": 1340600000,
      "opex": 2541200000,
      "cogs": null,
      "rd": 1271500000,
      "sga": 714400000,
      "fcf": 1291200000,
      "ocf": 1291200000,
      "capex": null,
      "gross_margin": null,
      "op_margin": 0.3170102400086005,
      "fcf_margin": 0.34703147257236544,
      "incr_op_margin_yoy": 0.19134078212290503,
      "rev_growth_yoy": 0.10646206917060695,
      "rev_growth_yoy_accel": -0.016713257766475476,
      "op_leverage_ratio": 1.9034896484080321,
      "fcf_margin_change": 0.24723163608622184
    },
    {
      "date": "2024-12-31T00:00:00",
      "quarter_label": "2024-12 (Q4)",
      "revenue": 3789200000,
      "gross_profit": null,
      "operating_income": 990200000,
      "net_income": 917700000,
      "opex": 2799000000,
      "cogs": null,
      "rd": 1412100000,
      "sga": 792200000,
      "fcf": 1262800000,
      "ocf": 1262800000,
      "capex": null,
      "gross_margin": null,
      "op_margin": 0.2613216510081284,
      "fcf_margin": 0.33326295788029137,
      "incr_op_margin_yoy": 0.04874612566920259,
      "rev_growth_yoy": 0.10333983635675392,
      "rev_growth_yoy_accel": -0.003122232813853029,
      "op_leverage_ratio": 0.18147710845388232,
      "fcf_margin_change": -0.013768514692074074
    },
    {
      "date": "2025-03-31T00:00:00",
      "quarter_label": "2025-03 (Q1)",
      "revenue": 3028700000,
      "gross_profit": null,
      "operating_income": 591700000,
      "net_income": 808700000,
      "opex": 2437000000,
      "cogs": null,
      "rd": 1327400000,
      "sga": 633000000,
      "fcf": 1045100000,
      "ocf": 1045100000,
      "capex": null,
      "gross_margin": null,
      "op_margin": 0.19536434773995442,
      "fcf_margin": 0.3450655396704857,
      "incr_op_margin_yoy": 1.3731728288907996,
      "rev_growth_yoy": -0.03697933227344992,
      "rev_growth_yoy_accel": -0.14031916863020383,
      "fcf_margin_change": 0.011802581790194333
    },
    {
      "date": "2025-06-30T00:00:00",
      "quarter_label": "2025-06 (Q2)",
      "revenue": 3675600000,
      "gross_profit": null,
      "operating_income": 1079500000,
      "net_income": 1391600000,
      "opex": 2596100000,
      "cogs": null,
      "rd": 1421700000,
      "sga": 634200000,
      "fcf": 1144400000,
      "ocf": 1144400000,
      "capex": null,
      "gross_margin": null,
      "op_margin": 0.29369354663184244,
      "fcf_margin": 0.31135052780498423,
      "incr_op_margin_yoy": 0.07704280155642024,
      "rev_growth_yoy": 0.036226776803586026,
      "rev_growth_yoy_accel": 0.07320610907703595,
      "op_leverage_ratio": 3.2716455276368537,
      "fcf_margin_change": -0.033715011865501465
    },
    {
      "date": "2025-09-30T00:00:00",
      "quarter_label": "2025-09 (Q3)",
      "revenue": 3754300000,
      "gross_profit": null,
      "operating_income": 1026800000,
      "net_income": 1460000000,
      "opex": 2727500000,
      "cogs": null,
      "rd": 1475000000,
      "sga": 657800000,
      "fcf": 1618700000,
      "ocf": 1618700000,
      "capex": null,
      "gross_margin": null,
      "op_margin": 0.2734997203206989,
      "fcf_margin": 0.4311589377513784,
      "incr_op_margin_yoy": -4.544642857142857,
      "rev_growth_yoy": 0.009030558765823635,
      "rev_growth_yoy_accel": -0.02719621803776239,
      "op_leverage_ratio": 0.42303133850893454,
      "fcf_margin_change": 0.11980840994639419
    }
  ],
  "signals": [
    {
      "quarter": "2025-09 (Q3)",
      "signal": "FCF MARGIN EXPANSION",
      "detail": "FCF margin: +31.1% -> +43.1% (+12.0%)",
      "severity": "MEDIUM"
    },
    {
      "quarter": "2025-06 (Q2)",
      "signal": "OPERATING LEVERAGE",
      "detail": "Rev growth +21.4% vs OpEx growth +6.5% (leverage: 3.3x)",
      "severity": "MEDIUM"
    },
    {
      "quarter": "2025-06 (Q2)",
      "signal": "YoY REVENUE GROWTH ACCELERATION",
      "detail": "YoY growth: +3.6% vs prior quarter YoY: -3.7% (accel: +7.3%)",
      "severity": "MEDIUM"
    },
    {
      "quarter": "2025-03 (Q1)",
      "signal": "YoY REVENUE GROWTH DECELERATION",
      "detail": "YoY growth: -3.7% vs prior quarter YoY: +10.3% (decel: -14.0%)",
      "severity": "WARNING"
    },
    {
      "quarter": "2025-03 (Q1)",
      "signal": "INCREMENTAL MARGIN (YoY)",
      "detail": "YoY Incr OPM: +137.3% vs year-ago OPM: +23.9%",
      "severity": "HIGH"
    },
    {
      "quarter": "2024-09 (Q3)",
      "signal": "FCF MARGIN EXPANSION",
      "detail": "FCF margin: +10.0% -> +34.7% (+24.7%)",
      "severity": "MEDIUM"
    },
    {
      "quarter": "2024-09 (Q3)",
      "signal": "OPERATING LEVERAGE",
      "detail": "Rev growth +4.9% vs OpEx growth +2.6% (leverage: 1.9x)",
      "severity": "MEDIUM"
    },
    {
      "quarter": "2024-06 (Q2)",
      "signal": "OPERATING LEVERAGE",
      "detail": "Rev growth +12.8% vs OpEx growth +3.5% (leverage: 3.6x)",
      "severity": "MEDIUM"
    },
    {
      "quarter": "2024-06 (Q2)",
      "signal": "YoY REVENUE GROWTH ACCELERATION",
      "detail": "YoY growth: +12.3% vs prior quarter YoY: -0.5% (accel: +12.9%)",
      "severity": "MEDIUM"
    },
    {
      "quarter": "2024-03 (Q1)",
      "signal": "FCF MARGIN EXPANSION",
      "detail": "FCF margin: +31.7% -> +48.1% (+16.4%)",
      "severity": "MEDIUM"
    },
    {
      "quarter": "2024-03 (Q1)",
      "signal": "INCREMENTAL MARGIN (YoY)",
      "detail": "YoY Incr OPM: +1142.1% vs year-ago OPM: +29.9%",
      "severity": "HIGH"
    },
    {
      "quarter": "2023-12 (Q4)",
      "signal": "YoY REVENUE GROWTH DECELERATION",
      "detail": "YoY growth: +0.6% vs prior quarter YoY: +14.5% (decel: -13.9%)",
      "severity": "WARNING"
    },
    {
      "quarter": "2023-03 (Q1)",
      "signal": "YoY REVENUE GROWTH ACCELERATION",
      "detail": "YoY growth: +6.6% vs prior quarter YoY: -31.0% (accel: +37.7%)",
      "severity": "HIGH"
    },
    {
      "quarter": "2022-12 (Q4)",
      "signal": "FCF MARGIN EXPANSION",
      "detail": "FCF margin: +21.4% -> +50.4% (+29.0%)",
      "severity": "MEDIUM"
    },
    {
      "quarter": "2022-12 (Q4)",
      "signal": "YoY REVENUE GROWTH DECELERATION",
      "detail": "YoY growth: -31.0% vs prior quarter YoY: -15.0% (decel: -16.1%)",
      "severity": "WARNING"
    },
    {
      "quarter": "2022-12 (Q4)",
      "signal": "INCREMENTAL MARGIN (YoY)",
      "detail": "YoY Incr OPM: +97.1% vs year-ago OPM: +53.3%",
      "severity": "HIGH"
    },
    {
      "quarter": "2022-09 (Q3)",
      "signal": "YoY REVENUE GROWTH ACCELERATION",
      "detail": "YoY growth: -15.0% vs prior quarter YoY: -44.4% (accel: +29.4%)",
      "severity": "HIGH"
    },
    {
      "quarter": "2022-09 (Q3)",
      "signal": "INCREMENTAL MARGIN (YoY)",
      "detail": "YoY Incr OPM: +120.7% vs year-ago OPM: +53.5%",
      "severity": "HIGH"
    },
    {
      "quarter": "2022-06 (Q2)",
      "signal": "YoY REVENUE GROWTH DECELERATION",
      "detail": "YoY growth: -44.4% vs prior quarter YoY: +17.3% (decel: -61.7%)",
      "severity": "WARNING"
    },
    {
      "quarter": "2022-06 (Q2)",
      "signal": "INCREMENTAL MARGIN (YoY)",
      "detail": "YoY Incr OPM: +98.1% vs year-ago OPM: +65.1%",
      "severity": "HIGH"
    },
    {
      "quarter": "2022-03 (Q1)",
      "signal": "FCF MARGIN EXPANSION",
      "detail": "FCF margin: +47.9% -> +70.9% (+23.0%)",
      "severity": "MEDIUM"
    },
    {
      "quarter": "2022-03 (Q1)",
      "signal": "YoY REVENUE GROWTH DECELERATION",
      "detail": "YoY growth: +17.3% vs prior quarter YoY: +104.4% (decel: -87.1%)",
      "severity": "WARNING"
    },
    {
      "quarter": "2021-12 (Q4)",
      "signal": "INCREMENTAL MARGIN (YoY)",
      "detail": "YoY Incr OPM: +58.2% vs year-ago OPM: +48.2%",
      "severity": "MEDIUM"
    },
    {
      "quarter": "2021-09 (Q3)",
      "signal": "FCF MARGIN EXPANSION",
      "detail": "FCF margin: +12.2% -> +98.9% (+86.7%)",
      "severity": "MEDIUM"
    },
    {
      "quarter": "2021-06 (Q2)",
      "signal": "OPERATING LEVERAGE",
      "detail": "Rev growth +103.2% vs OpEx growth +26.5% (leverage: 3.9x)",
      "severity": "MEDIUM"
    }
  ],
  "data_quality": {
    "n_quarters": 20,
    "coverage": {
      "revenue": [
        20,
        20
      ],
      "gross_profit": [
        0,
        20
      ],
      "op_income": [
        20,
        20
      ],
      "fcf": [
        20,
        20
      ]
    },
    "gaps": [],
    "warnings": [
      "gross_profit: no data"
    ]
  },
  "market_cap": null,
  "source": "SEC EDGAR",
  "last_updated": "2026-02-02T19:53:02.878717"
}