{
  "ticker": "REI",
  "name": "Ring Energy, Inc.",
  "quarters": [
    {
      "date": "2020-12-31T00:00:00",
      "quarter_label": "2020-12 (Q4)",
      "revenue": 31351673,
      "gross_profit": 21511568,
      "operating_income": -128408648,
      "net_income": -160254277,
      "opex": 159760321,
      "cogs": 9840105,
      "rd": null,
      "sga": null,
      "fcf": 27255949,
      "ocf": 27255949,
      "capex": null,
      "gross_margin": 0.6861378019603611,
      "op_margin": -4.095751062471211,
      "fcf_margin": 0.8693618678658711
    },
    {
      "date": "2021-03-31T00:00:00",
      "quarter_label": "2021-03 (Q1)",
      "revenue": 39502532,
      "gross_profit": 38567513,
      "operating_income": 16264515,
      "net_income": -19066093,
      "opex": 23238017,
      "cogs": 935019,
      "rd": null,
      "sga": null,
      "fcf": 15687684,
      "ocf": 15687684,
      "capex": null,
      "gross_margin": 0.9763301501787278,
      "op_margin": 0.4117334807804219,
      "fcf_margin": 0.3971311003557949,
      "op_leverage_ratio": Infinity,
      "fcf_margin_change": -0.4722307675100762
    },
    {
      "date": "2021-06-30T00:00:00",
      "quarter_label": "2021-06 (Q2)",
      "revenue": 47760102,
      "gross_profit": 46862936,
      "operating_income": 23235253,
      "net_income": -15887159,
      "opex": 24524849,
      "cogs": 897166,
      "rd": null,
      "sga": null,
      "fcf": 16322996,
      "ocf": 16322996,
      "capex": null,
      "gross_margin": 0.9812151573713138,
      "op_margin": 0.4864992331884048,
      "fcf_margin": 0.3417705431198618,
      "op_leverage_ratio": 3.77489210799235,
      "fcf_margin_change": -0.05536055723593308
    },
    {
      "date": "2021-09-30T00:00:00",
      "quarter_label": "2021-09 (Q3)",
      "revenue": 49376176,
      "gross_profit": 48325013,
      "operating_income": 24387015,
      "net_income": 14163934,
      "opex": 24989161,
      "cogs": 1051163,
      "rd": null,
      "sga": null,
      "fcf": 17512759,
      "ocf": 17512759,
      "capex": null,
      "gross_margin": 0.9787111298371911,
      "op_margin": 0.493902464216751,
      "fcf_margin": 0.354680342195799,
      "op_leverage_ratio": 1.7872793255920196,
      "fcf_margin_change": 0.0129097990759372
    },
    {
      "date": "2021-12-31T00:00:00",
      "quarter_label": "2021-12 (Q4)",
      "revenue": 59667156,
      "gross_profit": 58217272,
      "operating_income": 31870065,
      "net_income": 24112210,
      "opex": 27797091,
      "cogs": 1449884,
      "rd": null,
      "sga": null,
      "fcf": 23207773,
      "ocf": 23207773,
      "capex": null,
      "gross_margin": 0.9757004674397419,
      "op_margin": 0.5341307871285167,
      "fcf_margin": 0.38895389952891335,
      "incr_op_margin_yoy": 5.660461910538485,
      "rev_growth_yoy": 0.903157002179756,
      "op_leverage_ratio": 1.854832427729573,
      "fcf_margin_change": 0.034273557333114324
    },
    {
      "date": "2022-03-31T00:00:00",
      "quarter_label": "2022-03 (Q1)",
      "revenue": 68181032,
      "gross_profit": 66884174,
      "operating_income": 38185297,
      "net_income": 7112043,
      "opex": 29995735,
      "cogs": 1296858,
      "rd": null,
      "sga": null,
      "fcf": 24439765,
      "ocf": 24439765,
      "capex": null,
      "gross_margin": 0.9809791966774571,
      "op_margin": 0.5600574805027885,
      "fcf_margin": 0.35845401988048525,
      "incr_op_margin_yoy": 0.7643629199574594,
      "rev_growth_yoy": 0.7259914377134103,
      "rev_growth_yoy_accel": -0.17716556446634568,
      "op_leverage_ratio": 1.8039995154310622,
      "fcf_margin_change": -0.030499879648428097
    },
    {
      "date": "2022-06-30T00:00:00",
      "quarter_label": "2022-06 (Q2)",
      "revenue": 84961875,
      "gross_profit": 84412486,
      "operating_income": 54152948,
      "net_income": 41944422,
      "opex": 30808927,
      "cogs": 549389,
      "rd": null,
      "sga": null,
      "fcf": 40722650,
      "ocf": 40722650,
      "capex": null,
      "gross_margin": 0.9935336996741185,
      "op_margin": 0.6373793892848999,
      "fcf_margin": 0.4793049823818036,
      "incr_op_margin_yoy": 0.8310812229298856,
      "rev_growth_yoy": 0.7789299319335624,
      "rev_growth_yoy_accel": 0.052938494220152066,
      "op_leverage_ratio": 9.07855260345299,
      "fcf_margin_change": 0.12085096250131833
    },
    {
      "date": "2022-09-30T00:00:00",
      "quarter_label": "2022-09 (Q3)",
      "revenue": 94408948,
      "gross_profit": null,
      "operating_income": 53571866,
      "net_income": 75085891,
      "opex": 40837082,
      "cogs": null,
      "rd": null,
      "sga": null,
      "fcf": 68172808,
      "ocf": 68172808,
      "capex": null,
      "gross_margin": null,
      "op_margin": 0.5674447934744491,
      "fcf_margin": 0.7221011296513971,
      "incr_op_margin_yoy": 0.6480802691870712,
      "rev_growth_yoy": 0.9120344191903399,
      "rev_growth_yoy_accel": 0.13310448725677748,
      "op_leverage_ratio": 0.34160853923080897,
      "fcf_margin_change": 0.24279614726959348
    },
    {
      "date": "2022-12-31T00:00:00",
      "quarter_label": "2022-12 (Q4)",
      "revenue": 99697682,
      "gross_profit": 99713905,
      "operating_income": 45834022,
      "net_income": 14492669,
      "opex": 53863660,
      "cogs": -16223,
      "rd": null,
      "sga": null,
      "fcf": 63641506,
      "ocf": 63641506,
      "capex": null,
      "gross_margin": 1.0001627219377076,
      "op_margin": 0.4597300667431766,
      "fcf_margin": 0.6383448915091126,
      "incr_op_margin_yoy": 0.3488327133148338,
      "rev_growth_yoy": 0.6708971682846757,
      "rev_growth_yoy_accel": -0.24113725090566418,
      "op_leverage_ratio": 0.17561553215500672,
      "fcf_margin_change": -0.0837562381422845
    },
    {
      "date": "2023-03-31T00:00:00",
      "quarter_label": "2023-03 (Q1)",
      "revenue": 88082912,
      "gross_profit": 88083735,
      "operating_income": 35651496,
      "net_income": 32715779,
      "opex": 52431416,
      "cogs": -823,
      "rd": null,
      "sga": null,
      "fcf": 43680096,
      "ocf": 43680096,
      "capex": null,
      "gross_margin": 1.0000093434694801,
      "op_margin": 0.40474928894267254,
      "fcf_margin": 0.49589750166297863,
      "incr_op_margin_yoy": -0.12731465570086847,
      "rev_growth_yoy": 0.291897605773993,
      "rev_growth_yoy_accel": -0.37899956251068273,
      "fcf_margin_change": -0.14244738984613392
    },
    {
      "date": "2023-06-30T00:00:00",
      "quarter_label": "2023-06 (Q2)",
      "revenue": 79348573,
      "gross_profit": null,
      "operating_income": 29657211,
      "net_income": 28791605,
      "opex": 49691362,
      "cogs": null,
      "rd": null,
      "sga": null,
      "fcf": 43366181,
      "ocf": 43366181,
      "capex": null,
      "gross_margin": null,
      "op_margin": 0.37375859298692116,
      "fcf_margin": 0.5465275475086363,
      "incr_op_margin_yoy": 4.363872993115282,
      "rev_growth_yoy": -0.0660684807156151,
      "rev_growth_yoy_accel": -0.3579660864896081,
      "fcf_margin_change": 0.05063004584565767
    },
    {
      "date": "2023-09-30T00:00:00",
      "quarter_label": "2023-09 (Q3)",
      "revenue": 93681798,
      "gross_profit": null,
      "operating_income": 39573525,
      "net_income": -7539222,
      "opex": 54108273,
      "cogs": null,
      "rd": null,
      "sga": null,
      "fcf": 55390975,
      "ocf": 55390975,
      "capex": null,
      "gross_margin": null,
      "op_margin": 0.4224249090522366,
      "fcf_margin": 0.5912672064641629,
      "rev_growth_yoy": -0.00770213009893935,
      "rev_growth_yoy_accel": 0.05836635061667574,
      "op_leverage_ratio": 2.032202820259461,
      "fcf_margin_change": 0.04473965895552656
    },
    {
      "date": "2023-12-31T00:00:00",
      "quarter_label": "2023-12 (Q4)",
      "revenue": 99942718,
      "gross_profit": null,
      "operating_income": 40898259,
      "net_income": 50896479,
      "opex": 59044459,
      "cogs": null,
      "rd": null,
      "sga": null,
      "fcf": 55733207,
      "ocf": 55733207,
      "capex": null,
      "gross_margin": null,
      "op_margin": 0.4092169976806114,
      "fcf_margin": 0.5576515039344837,
      "rev_growth_yoy": 0.0024577903426079655,
      "rev_growth_yoy_accel": 0.010159920441547315,
      "op_leverage_ratio": 0.7325800604792183,
      "fcf_margin_change": -0.03361570252967916
    },
    {
      "date": "2024-03-31T00:00:00",
      "quarter_label": "2024-03 (Q1)",
      "revenue": 94503136,
      "gross_profit": null,
      "operating_income": 37615117,
      "net_income": 5515377,
      "opex": 56888019,
      "cogs": null,
      "rd": null,
      "sga": null,
      "fcf": 45189169,
      "ocf": 45189169,
      "capex": null,
      "gross_margin": null,
      "op_margin": 0.3980303574264456,
      "fcf_margin": 0.4781763961780062,
      "incr_op_margin_yoy": 0.30584929746999484,
      "rev_growth_yoy": 0.07288841676805599,
      "rev_growth_yoy_accel": 0.07043062642544802,
      "fcf_margin_change": -0.07947510775647748
    },
    {
      "date": "2024-06-30T00:00:00",
      "quarter_label": "2024-06 (Q2)",
      "revenue": 99139349,
      "gross_profit": null,
      "operating_income": 41817934,
      "net_income": 22418994,
      "opex": 57321415,
      "cogs": null,
      "rd": null,
      "sga": null,
      "fcf": 50617930,
      "ocf": 50617930,
      "capex": null,
      "gross_margin": null,
      "op_margin": 0.421809648961887,
      "fcf_margin": 0.5105735564190562,
      "incr_op_margin_yoy": 0.6144641827081465,
      "rev_growth_yoy": 0.24941565111700245,
      "rev_growth_yoy_accel": 0.17652723434894646,
      "op_leverage_ratio": 6.439513706875159,
      "fcf_margin_change": 0.032397160241049994
    },
    {
      "date": "2024-09-30T00:00:00",
      "quarter_label": "2024-09 (Q3)",
      "revenue": 89244383,
      "gross_profit": null,
      "operating_income": 29845292,
      "net_income": 33878424,
      "opex": 59399091,
      "cogs": null,
      "rd": null,
      "sga": null,
      "fcf": 51336932,
      "ocf": 51336932,
      "capex": null,
      "gross_margin": null,
      "op_margin": 0.33442207785783,
      "fcf_margin": 0.5752399229428254,
      "incr_op_margin_yoy": 2.192319852887323,
      "rev_growth_yoy": -0.04736688550747072,
      "rev_growth_yoy_accel": -0.2967825366244732,
      "fcf_margin_change": 0.06466636652376923
    },
    {
      "date": "2024-12-31T00:00:00",
      "quarter_label": "2024-12 (Q4)",
      "revenue": 83440546,
      "gross_profit": null,
      "operating_income": 23622357,
      "net_income": 5657519,
      "opex": 59818189,
      "cogs": null,
      "rd": null,
      "sga": null,
      "fcf": 47279681,
      "ocf": 47279681,
      "capex": null,
      "gross_margin": null,
      "op_margin": 0.28310405591066,
      "fcf_margin": 0.5666271766725975,
      "incr_op_margin_yoy": 1.0468865552970845,
      "rev_growth_yoy": -0.16511630192006585,
      "rev_growth_yoy_accel": -0.11774941641259512,
      "fcf_margin_change": -0.0086127462702279
    },
    {
      "date": "2025-03-31T00:00:00",
      "quarter_label": "2025-03 (Q1)",
      "revenue": 79091207,
      "gross_profit": null,
      "operating_income": 22355881,
      "net_income": 9110738,
      "opex": 56735326,
      "cogs": null,
      "rd": null,
      "sga": null,
      "fcf": 28371008,
      "ocf": 28371008,
      "capex": null,
      "gross_margin": null,
      "op_margin": 0.28265949968370063,
      "fcf_margin": 0.35871254310229456,
      "incr_op_margin_yoy": 0.990092544547798,
      "rev_growth_yoy": -0.1630837838016296,
      "rev_growth_yoy_accel": 0.002032518118436244,
      "fcf_margin_change": -0.207914633570303
    },
    {
      "date": "2025-06-30T00:00:00",
      "quarter_label": "2025-06 (Q2)",
      "revenue": 82602759,
      "gross_profit": null,
      "operating_income": 23475941,
      "net_income": 20634887,
      "opex": 59126818,
      "cogs": null,
      "rd": null,
      "sga": null,
      "fcf": 33297251,
      "ocf": 33297251,
      "capex": null,
      "gross_margin": null,
      "op_margin": 0.2842028678485182,
      "fcf_margin": 0.40310095453349204,
      "incr_op_margin_yoy": 1.1091762570155033,
      "rev_growth_yoy": -0.16680147859353,
      "rev_growth_yoy_accel": -0.0037176947919004,
      "op_leverage_ratio": 1.053308339967979,
      "fcf_margin_change": 0.04438841143119748
    },
    {
      "date": "2025-09-30T00:00:00",
      "quarter_label": "2025-09 (Q3)",
      "revenue": 78601336,
      "gross_profit": null,
      "operating_income": -55004357,
      "net_income": -51631530,
      "opex": 133605693,
      "cogs": null,
      "rd": null,
      "sga": null,
      "fcf": 44492325,
      "ocf": 44492325,
      "capex": null,
      "gross_margin": null,
      "op_margin": -0.6997890850099545,
      "fcf_margin": 0.5660504930857664,
      "incr_op_margin_yoy": 7.972308024196455,
      "rev_growth_yoy": -0.11925733185919388,
      "rev_growth_yoy_accel": 0.04754414673433613,
      "fcf_margin_change": 0.16294953855227434
    }
  ],
  "signals": [
    {
      "quarter": "2025-09 (Q3)",
      "signal": "FCF MARGIN EXPANSION",
      "detail": "FCF margin: +40.3% -> +56.6% (+16.3%)",
      "severity": "MEDIUM"
    },
    {
      "quarter": "2025-06 (Q2)",
      "signal": "INCREMENTAL MARGIN (YoY)",
      "detail": "YoY Incr OPM: +110.9% vs year-ago OPM: +42.2%",
      "severity": "HIGH"
    },
    {
      "quarter": "2025-03 (Q1)",
      "signal": "INCREMENTAL MARGIN (YoY)",
      "detail": "YoY Incr OPM: +99.0% vs year-ago OPM: +39.8%",
      "severity": "HIGH"
    },
    {
      "quarter": "2024-12 (Q4)",
      "signal": "YoY REVENUE GROWTH DECELERATION",
      "detail": "YoY growth: -16.5% vs prior quarter YoY: -4.7% (decel: -11.8%)",
      "severity": "WARNING"
    },
    {
      "quarter": "2024-12 (Q4)",
      "signal": "INCREMENTAL MARGIN (YoY)",
      "detail": "YoY Incr OPM: +104.7% vs year-ago OPM: +40.9%",
      "severity": "HIGH"
    },
    {
      "quarter": "2024-09 (Q3)",
      "signal": "FCF MARGIN EXPANSION",
      "detail": "FCF margin: +51.1% -> +57.5% (+6.5%)",
      "severity": "MEDIUM"
    },
    {
      "quarter": "2024-09 (Q3)",
      "signal": "YoY REVENUE GROWTH DECELERATION",
      "detail": "YoY growth: -4.7% vs prior quarter YoY: +24.9% (decel: -29.7%)",
      "severity": "WARNING"
    },
    {
      "quarter": "2024-09 (Q3)",
      "signal": "INCREMENTAL MARGIN (YoY)",
      "detail": "YoY Incr OPM: +219.2% vs year-ago OPM: +42.2%",
      "severity": "HIGH"
    },
    {
      "quarter": "2024-06 (Q2)",
      "signal": "OPERATING LEVERAGE",
      "detail": "Rev growth +4.9% vs OpEx growth +0.8% (leverage: 6.4x)",
      "severity": "MEDIUM"
    },
    {
      "quarter": "2024-06 (Q2)",
      "signal": "YoY REVENUE GROWTH ACCELERATION",
      "detail": "YoY growth: +24.9% vs prior quarter YoY: +7.3% (accel: +17.7%)",
      "severity": "HIGH"
    },
    {
      "quarter": "2024-06 (Q2)",
      "signal": "INCREMENTAL MARGIN (YoY)",
      "detail": "YoY Incr OPM: +61.4% vs year-ago OPM: +37.4%",
      "severity": "HIGH"
    },
    {
      "quarter": "2024-03 (Q1)",
      "signal": "YoY REVENUE GROWTH ACCELERATION",
      "detail": "YoY growth: +7.3% vs prior quarter YoY: +0.2% (accel: +7.0%)",
      "severity": "MEDIUM"
    },
    {
      "quarter": "2023-09 (Q3)",
      "signal": "OPERATING LEVERAGE",
      "detail": "Rev growth +18.1% vs OpEx growth +8.9% (leverage: 2.0x)",
      "severity": "MEDIUM"
    },
    {
      "quarter": "2023-09 (Q3)",
      "signal": "YoY REVENUE GROWTH ACCELERATION",
      "detail": "YoY growth: -0.8% vs prior quarter YoY: -6.6% (accel: +5.8%)",
      "severity": "MEDIUM"
    },
    {
      "quarter": "2023-06 (Q2)",
      "signal": "FCF MARGIN EXPANSION",
      "detail": "FCF margin: +49.6% -> +54.7% (+5.1%)",
      "severity": "MEDIUM"
    },
    {
      "quarter": "2023-06 (Q2)",
      "signal": "YoY REVENUE GROWTH DECELERATION",
      "detail": "YoY growth: -6.6% vs prior quarter YoY: +29.2% (decel: -35.8%)",
      "severity": "WARNING"
    },
    {
      "quarter": "2023-06 (Q2)",
      "signal": "INCREMENTAL MARGIN (YoY)",
      "detail": "YoY Incr OPM: +436.4% vs year-ago OPM: +63.7%",
      "severity": "HIGH"
    },
    {
      "quarter": "2023-03 (Q1)",
      "signal": "YoY REVENUE GROWTH DECELERATION",
      "detail": "YoY growth: +29.2% vs prior quarter YoY: +67.1% (decel: -37.9%)",
      "severity": "WARNING"
    },
    {
      "quarter": "2022-12 (Q4)",
      "signal": "YoY REVENUE GROWTH DECELERATION",
      "detail": "YoY growth: +67.1% vs prior quarter YoY: +91.2% (decel: -24.1%)",
      "severity": "WARNING"
    },
    {
      "quarter": "2022-09 (Q3)",
      "signal": "FCF MARGIN EXPANSION",
      "detail": "FCF margin: +47.9% -> +72.2% (+24.3%)",
      "severity": "MEDIUM"
    },
    {
      "quarter": "2022-09 (Q3)",
      "signal": "YoY REVENUE GROWTH ACCELERATION",
      "detail": "YoY growth: +91.2% vs prior quarter YoY: +77.9% (accel: +13.3%)",
      "severity": "MEDIUM"
    },
    {
      "quarter": "2022-09 (Q3)",
      "signal": "INCREMENTAL MARGIN (YoY)",
      "detail": "YoY Incr OPM: +64.8% vs year-ago OPM: +49.4%",
      "severity": "MEDIUM"
    },
    {
      "quarter": "2022-06 (Q2)",
      "signal": "FCF MARGIN EXPANSION",
      "detail": "FCF margin: +35.8% -> +47.9% (+12.1%)",
      "severity": "MEDIUM"
    },
    {
      "quarter": "2022-06 (Q2)",
      "signal": "OPERATING LEVERAGE",
      "detail": "Rev growth +24.6% vs OpEx growth +2.7% (leverage: 9.1x)",
      "severity": "MEDIUM"
    },
    {
      "quarter": "2022-06 (Q2)",
      "signal": "YoY REVENUE GROWTH ACCELERATION",
      "detail": "YoY growth: +77.9% vs prior quarter YoY: +72.6% (accel: +5.3%)",
      "severity": "MEDIUM"
    },
    {
      "quarter": "2022-06 (Q2)",
      "signal": "INCREMENTAL MARGIN (YoY)",
      "detail": "YoY Incr OPM: +83.1% vs year-ago OPM: +48.6%",
      "severity": "HIGH"
    },
    {
      "quarter": "2022-03 (Q1)",
      "signal": "OPERATING LEVERAGE",
      "detail": "Rev growth +14.3% vs OpEx growth +7.9% (leverage: 1.8x)",
      "severity": "MEDIUM"
    },
    {
      "quarter": "2022-03 (Q1)",
      "signal": "YoY REVENUE GROWTH DECELERATION",
      "detail": "YoY growth: +72.6% vs prior quarter YoY: +90.3% (decel: -17.7%)",
      "severity": "WARNING"
    },
    {
      "quarter": "2022-03 (Q1)",
      "signal": "INCREMENTAL MARGIN (YoY)",
      "detail": "YoY Incr OPM: +76.4% vs year-ago OPM: +41.2%",
      "severity": "HIGH"
    },
    {
      "quarter": "2021-12 (Q4)",
      "signal": "OPERATING LEVERAGE",
      "detail": "Rev growth +20.8% vs OpEx growth +11.2% (leverage: 1.9x)",
      "severity": "MEDIUM"
    },
    {
      "quarter": "2021-12 (Q4)",
      "signal": "OP MARGIN TURNED POSITIVE (YoY)",
      "detail": "Op margin: -409.6% (year-ago) -> +53.4%",
      "severity": "HIGH"
    },
    {
      "quarter": "2021-09 (Q3)",
      "signal": "OPERATING LEVERAGE",
      "detail": "Rev growth +3.4% vs OpEx growth +1.9% (leverage: 1.8x)",
      "severity": "MEDIUM"
    },
    {
      "quarter": "2021-06 (Q2)",
      "signal": "OPERATING LEVERAGE",
      "detail": "Rev growth +20.9% vs OpEx growth +5.5% (leverage: 3.8x)",
      "severity": "MEDIUM"
    },
    {
      "quarter": "2021-03 (Q1)",
      "signal": "OP MARGIN TURNED POSITIVE (QoQ)",
      "detail": "Op margin: -409.6% -> +41.2%",
      "severity": "HIGH"
    }
  ],
  "data_quality": {
    "n_quarters": 20,
    "coverage": {
      "revenue": [
        20,
        20
      ],
      "gross_profit": [
        9,
        20
      ],
      "op_income": [
        20,
        20
      ],
      "fcf": [
        20,
        20
      ]
    },
    "gaps": [],
    "warnings": [
      "gross_profit: 9/20Q"
    ]
  },
  "market_cap": null,
  "source": "SEC EDGAR",
  "last_updated": "2026-02-02T22:56:39.705884"
}