{
  "ticker": "RELY",
  "name": "Remitly Global, Inc.",
  "sector": "Technology",
  "industry": "Software - Infrastructure",
  "quarters": [
    {
      "date": "2021-03-31T00:00:00",
      "quarter_label": "2021-03 (Q1)",
      "revenue": 91056000,
      "gross_profit": null,
      "operating_income": -8572000,
      "net_income": -7770000,
      "opex": 99628000,
      "cogs": null,
      "rd": 11644000,
      "sga": null,
      "fcf": 62651000,
      "ocf": 62916000,
      "capex": -265000,
      "gross_margin": null,
      "op_margin": -0.09413986997012827,
      "fcf_margin": 0.6880491126339835
    },
    {
      "date": "2021-06-30T00:00:00",
      "quarter_label": "2021-06 (Q2)",
      "revenue": 111050000,
      "gross_profit": null,
      "operating_income": -1944000,
      "net_income": -1448000,
      "opex": 112994000,
      "cogs": null,
      "rd": 15198000,
      "sga": null,
      "fcf": -3046000,
      "ocf": -2640000,
      "capex": -406000,
      "gross_margin": null,
      "op_margin": -0.0175056280954525,
      "fcf_margin": -0.027429085997298513,
      "op_leverage_ratio": 1.6367075086175928,
      "fcf_margin_change": -0.715478198631282
    },
    {
      "date": "2021-09-30T00:00:00",
      "quarter_label": "2021-09 (Q3)",
      "revenue": 121244000,
      "gross_profit": null,
      "operating_income": -12667000,
      "net_income": -12962000,
      "opex": 133911000,
      "cogs": null,
      "rd": 18123000,
      "sga": null,
      "fcf": -41527000,
      "ocf": -40851000,
      "capex": -676000,
      "gross_margin": null,
      "op_margin": -0.10447527300320016,
      "fcf_margin": -0.34250767048266306,
      "op_leverage_ratio": 0.49588623477578253,
      "fcf_margin_change": -0.3150785844853645
    },
    {
      "date": "2021-12-31T00:00:00",
      "quarter_label": "2021-12 (Q4)",
      "revenue": 135255000,
      "gross_profit": null,
      "operating_income": -16539000,
      "net_income": -16576000,
      "opex": 151794000,
      "cogs": null,
      "rd": 19128000,
      "sga": null,
      "fcf": -38425000,
      "ocf": -37816000,
      "capex": -609000,
      "gross_margin": null,
      "op_margin": -0.12228013751802151,
      "fcf_margin": -0.284093009500573,
      "op_leverage_ratio": 0.8653359643263345,
      "fcf_margin_change": 0.05841466098209008
    },
    {
      "date": "2022-03-31T00:00:00",
      "quarter_label": "2022-03 (Q1)",
      "revenue": 136014000,
      "gross_profit": null,
      "operating_income": -23174000,
      "net_income": -23310000,
      "opex": 159188000,
      "cogs": null,
      "rd": 23575000,
      "sga": null,
      "fcf": 39378000,
      "ocf": 40250000,
      "capex": -872000,
      "gross_margin": null,
      "op_margin": -0.17037951975531931,
      "fcf_margin": 0.28951431470289823,
      "incr_op_margin_yoy": -0.3247920281151297,
      "rev_growth_yoy": 0.4937401159725883,
      "fcf_margin_change": 0.5736073242034712
    },
    {
      "date": "2022-06-30T00:00:00",
      "quarter_label": "2022-06 (Q2)",
      "revenue": 157255000,
      "gross_profit": null,
      "operating_income": -39377000,
      "net_income": -38245000,
      "opex": 196632000,
      "cogs": null,
      "rd": 36083000,
      "sga": null,
      "fcf": -14840000,
      "ocf": -14220000,
      "capex": -620000,
      "gross_margin": null,
      "op_margin": -0.2504022129662014,
      "fcf_margin": -0.09436901847318051,
      "incr_op_margin_yoy": -0.8101504166215777,
      "rev_growth_yoy": 0.41607384061233676,
      "rev_growth_yoy_accel": -0.07766627536025156,
      "op_leverage_ratio": 0.6639256323876386,
      "fcf_margin_change": -0.38388333317607876
    },
    {
      "date": "2022-09-30T00:00:00",
      "quarter_label": "2022-09 (Q3)",
      "revenue": 169259000,
      "gross_profit": null,
      "operating_income": -35617000,
      "net_income": -33069000,
      "opex": 204876000,
      "cogs": null,
      "rd": 36178000,
      "sga": null,
      "fcf": -54524000,
      "ocf": -53819000,
      "capex": -705000,
      "gross_margin": null,
      "op_margin": -0.21042898752798964,
      "fcf_margin": -0.3221335349966619,
      "incr_op_margin_yoy": -0.47797563261480785,
      "rev_growth_yoy": 0.3960195968460295,
      "rev_growth_yoy_accel": -0.020054243766307267,
      "op_leverage_ratio": 1.820697254299646,
      "fcf_margin_change": -0.2277645165234814
    },
    {
      "date": "2022-12-31T00:00:00",
      "quarter_label": "2022-12 (Q4)",
      "revenue": 191032000,
      "gross_profit": null,
      "operating_income": -22868000,
      "net_income": -19395000,
      "opex": 213900000,
      "cogs": null,
      "rd": 42883000,
      "sga": null,
      "fcf": -82349000,
      "ocf": -80867000,
      "capex": -1482000,
      "gross_margin": null,
      "op_margin": -0.11970769295196616,
      "fcf_margin": -0.4310743749738264,
      "incr_op_margin_yoy": -0.11346970973698836,
      "rev_growth_yoy": 0.4123840153783594,
      "rev_growth_yoy_accel": 0.016364418532329894,
      "op_leverage_ratio": 2.9205086818979296,
      "fcf_margin_change": -0.10894083997716447
    },
    {
      "date": "2023-03-31T00:00:00",
      "quarter_label": "2023-03 (Q1)",
      "revenue": 203865000,
      "gross_profit": null,
      "operating_income": -28068000,
      "net_income": -28314000,
      "opex": 231933000,
      "cogs": null,
      "rd": 49376000,
      "sga": null,
      "fcf": -3160000,
      "ocf": -2296000,
      "capex": -864000,
      "gross_margin": null,
      "op_margin": -0.13767934662644396,
      "fcf_margin": -0.015500453731636131,
      "incr_op_margin_yoy": -0.0721286348027295,
      "rev_growth_yoy": 0.4988530592439014,
      "rev_growth_yoy_accel": 0.086469043865542,
      "op_leverage_ratio": 0.7968285267926902,
      "fcf_margin_change": 0.4155739212421903
    },
    {
      "date": "2023-06-30T00:00:00",
      "quarter_label": "2023-06 (Q2)",
      "revenue": 234033000,
      "gross_profit": null,
      "operating_income": -18223000,
      "net_income": -18850000,
      "opex": 252256000,
      "cogs": null,
      "rd": 54309000,
      "sga": null,
      "fcf": -52602000,
      "ocf": -51900000,
      "capex": -702000,
      "gross_margin": null,
      "op_margin": -0.07786508740220396,
      "fcf_margin": -0.22476317442411967,
      "incr_op_margin_yoy": 0.27552163380134936,
      "rev_growth_yoy": 0.4882388477313917,
      "rev_growth_yoy_accel": -0.010614211512509686,
      "op_leverage_ratio": 1.688801384098143,
      "fcf_margin_change": -0.20926272069248353
    },
    {
      "date": "2023-09-30T00:00:00",
      "quarter_label": "2023-09 (Q3)",
      "revenue": 241629000,
      "gross_profit": null,
      "operating_income": -36903000,
      "net_income": -35655000,
      "opex": 278532000,
      "cogs": null,
      "rd": 57014000,
      "sga": null,
      "fcf": 28326000,
      "ocf": 29028000,
      "capex": -702000,
      "gross_margin": null,
      "op_margin": -0.1527258731360888,
      "fcf_margin": 0.11722930608494841,
      "incr_op_margin_yoy": -0.017769794113582975,
      "rev_growth_yoy": 0.4275695827105206,
      "rev_growth_yoy_accel": -0.06066926502087111,
      "op_leverage_ratio": 0.31159473298474427,
      "fcf_margin_change": 0.34199248050906805
    },
    {
      "date": "2023-12-31T00:00:00",
      "quarter_label": "2023-12 (Q4)",
      "revenue": 264758000,
      "gross_profit": null,
      "operating_income": -31001000,
      "net_income": -35021000,
      "opex": 295759000,
      "cogs": null,
      "rd": 59240000,
      "sga": null,
      "fcf": 91385000,
      "ocf": 91974000,
      "capex": -589000,
      "gross_margin": null,
      "op_margin": -0.11709183480763566,
      "fcf_margin": 0.3451642632139539,
      "incr_op_margin_yoy": -0.11031386485093454,
      "rev_growth_yoy": 0.3859353406759077,
      "rev_growth_yoy_accel": -0.04163424203461291,
      "op_leverage_ratio": 1.5476517513069366,
      "fcf_margin_change": 0.22793495712900547
    },
    {
      "date": "2024-03-31T00:00:00",
      "quarter_label": "2024-03 (Q1)",
      "revenue": 269118000,
      "gross_profit": null,
      "operating_income": -19953000,
      "net_income": -21080000,
      "opex": 289071000,
      "cogs": null,
      "rd": 63206000,
      "sga": null,
      "fcf": -57753000,
      "ocf": -56808000,
      "capex": -945000,
      "gross_margin": null,
      "op_margin": -0.0741421978462979,
      "fcf_margin": -0.21460103003143602,
      "incr_op_margin_yoy": 0.1243620982943313,
      "rev_growth_yoy": 0.320079464351409,
      "rev_growth_yoy_accel": -0.06585587632449869,
      "op_leverage_ratio": null,
      "fcf_margin_change": -0.5597652932453899
    },
    {
      "date": "2024-06-30T00:00:00",
      "quarter_label": "2024-06 (Q2)",
      "revenue": 306423000,
      "gross_profit": null,
      "operating_income": -15762000,
      "net_income": -12091000,
      "opex": 322185000,
      "cogs": null,
      "rd": 67554000,
      "sga": null,
      "fcf": 47768000,
      "ocf": 48899000,
      "capex": -1131000,
      "gross_margin": null,
      "op_margin": -0.051438697486807454,
      "fcf_margin": 0.15588908143318222,
      "incr_op_margin_yoy": 0.03399640834369388,
      "rev_growth_yoy": 0.3093153529630437,
      "rev_growth_yoy_accel": -0.010764111388365305,
      "op_leverage_ratio": 1.2100886238647142,
      "fcf_margin_change": 0.37049011146461824
    },
    {
      "date": "2024-09-30T00:00:00",
      "quarter_label": "2024-09 (Q3)",
      "revenue": 336527000,
      "gross_profit": null,
      "operating_income": 368000,
      "net_income": 1917000,
      "opex": 336159000,
      "cogs": null,
      "rd": 68446000,
      "sga": null,
      "fcf": 145643000,
      "ocf": 146759000,
      "capex": -1116000,
      "gross_margin": null,
      "op_margin": 0.0010935229565532632,
      "fcf_margin": 0.4327825107643666,
      "incr_op_margin_yoy": 0.39274800311913843,
      "rev_growth_yoy": 0.3927425929834581,
      "rev_growth_yoy_accel": 0.0834272400204144,
      "op_leverage_ratio": 2.265100225357296,
      "fcf_margin_change": 0.2768934293311843
    },
    {
      "date": "2024-12-31T00:00:00",
      "quarter_label": "2024-12 (Q4)",
      "revenue": 351895000,
      "gross_profit": null,
      "operating_income": -3739000,
      "net_income": -5724000,
      "opex": 355634000,
      "cogs": null,
      "rd": 70611000,
      "sga": null,
      "fcf": -30060000,
      "ocf": -27254000,
      "capex": -2806000,
      "gross_margin": null,
      "op_margin": -0.010625328578126998,
      "fcf_margin": -0.08542320862757356,
      "incr_op_margin_yoy": 0.3128636514913297,
      "rev_growth_yoy": 0.32911942226486074,
      "rev_growth_yoy_accel": -0.06362317071859735,
      "op_leverage_ratio": 0.7882513344905617,
      "fcf_margin_change": -0.5182057193919402
    },
    {
      "date": "2025-03-31T00:00:00",
      "quarter_label": "2025-03 (Q1)",
      "revenue": 361624000,
      "gross_profit": null,
      "operating_income": 12233000,
      "net_income": 11352000,
      "opex": 349391000,
      "cogs": null,
      "rd": 73851000,
      "sga": null,
      "fcf": 118940000,
      "ocf": 132903000,
      "capex": -13963000,
      "gross_margin": null,
      "op_margin": 0.03382795389686525,
      "fcf_margin": 0.3289051611618698,
      "incr_op_margin_yoy": 0.34793418805266685,
      "rev_growth_yoy": 0.3437376912729732,
      "rev_growth_yoy_accel": 0.014618269008112472,
      "op_leverage_ratio": null,
      "fcf_margin_change": 0.4143283697894434
    },
    {
      "date": "2025-06-30T00:00:00",
      "quarter_label": "2025-06 (Q2)",
      "revenue": 411852000,
      "gross_profit": null,
      "operating_income": 14643000,
      "net_income": 6536000,
      "opex": 397209000,
      "cogs": null,
      "rd": 77496000,
      "sga": null,
      "fcf": 28601000,
      "ocf": 41191000,
      "capex": -12590000,
      "gross_margin": null,
      "op_margin": 0.03555403397336907,
      "fcf_margin": 0.06944484912055787,
      "incr_op_margin_yoy": 0.2883931366132658,
      "rev_growth_yoy": 0.34406359835913103,
      "rev_growth_yoy_accel": 0.00032590708615781727,
      "op_leverage_ratio": 1.014866567645411,
      "fcf_margin_change": -0.2594603120413119
    },
    {
      "date": "2025-09-30T00:00:00",
      "quarter_label": "2025-09 (Q3)",
      "revenue": 419494000,
      "gross_profit": null,
      "operating_income": 11777000,
      "net_income": 8829000,
      "opex": 407717000,
      "cogs": null,
      "rd": 80421000,
      "sga": null,
      "fcf": 4853000,
      "ocf": 1370000,
      "capex": 3483000,
      "gross_margin": null,
      "op_margin": 0.02807429903645821,
      "fcf_margin": 0.011568699433126576,
      "incr_op_margin_yoy": 0.13751250497185627,
      "rev_growth_yoy": 0.24653891069661574,
      "rev_growth_yoy_accel": -0.09752468766251529,
      "op_leverage_ratio": 0.7013985603707189,
      "fcf_margin_change": -0.057876149687431294
    },
    {
      "date": "2025-12-31T00:00:00",
      "quarter_label": "2025-12 (Q4)",
      "revenue": 442177000,
      "gross_profit": null,
      "operating_income": 38815000,
      "net_income": 41216000,
      "opex": 403362000,
      "cogs": null,
      "rd": 82139000,
      "sga": null,
      "fcf": 143257000,
      "ocf": 149618000,
      "capex": -6361000,
      "gross_margin": null,
      "op_margin": 0.08778158972538147,
      "fcf_margin": 0.32398112068244167,
      "incr_op_margin_yoy": 0.47134534015639884,
      "rev_growth_yoy": 0.25655948507367254,
      "rev_growth_yoy_accel": 0.010020574377056807,
      "op_leverage_ratio": null,
      "fcf_margin_change": 0.3124124212493151
    }
  ],
  "signals": [
    {
      "quarter": "2025-12 (Q4)",
      "signal": "FCF MARGIN EXPANSION",
      "detail": "FCF margin: +1.2% -> +32.4% (+31.2%)",
      "severity": "MEDIUM"
    },
    {
      "quarter": "2025-12 (Q4)",
      "signal": "OP MARGIN TURNED POSITIVE (YoY)",
      "detail": "Op margin: -1.1% (year-ago) -> +8.8%",
      "severity": "HIGH"
    },
    {
      "quarter": "2025-09 (Q3)",
      "signal": "YoY REVENUE GROWTH DECELERATION",
      "detail": "YoY growth: +24.7% vs prior quarter YoY: +34.4% (decel: -9.8%)",
      "severity": "WARNING"
    },
    {
      "quarter": "2025-09 (Q3)",
      "signal": "INCREMENTAL MARGIN (YoY)",
      "detail": "YoY Incr OPM: +13.8% vs year-ago OPM: +0.1%",
      "severity": "MEDIUM"
    },
    {
      "quarter": "2025-06 (Q2)",
      "signal": "OP MARGIN TURNED POSITIVE (YoY)",
      "detail": "Op margin: -5.1% (year-ago) -> +3.6%",
      "severity": "HIGH"
    },
    {
      "quarter": "2025-03 (Q1)",
      "signal": "FCF TURNED POSITIVE",
      "detail": "FCF margin: -8.5% -> +32.9%",
      "severity": "HIGH"
    },
    {
      "quarter": "2025-03 (Q1)",
      "signal": "OP MARGIN TURNED POSITIVE (YoY)",
      "detail": "Op margin: -7.4% (year-ago) -> +3.4%",
      "severity": "HIGH"
    },
    {
      "quarter": "2025-03 (Q1)",
      "signal": "OP MARGIN TURNED POSITIVE (QoQ)",
      "detail": "Op margin: -1.1% -> +3.4%",
      "severity": "HIGH"
    },
    {
      "quarter": "2024-12 (Q4)",
      "signal": "YoY REVENUE GROWTH DECELERATION",
      "detail": "YoY growth: +32.9% vs prior quarter YoY: +39.3% (decel: -6.4%)",
      "severity": "WARNING"
    },
    {
      "quarter": "2024-09 (Q3)",
      "signal": "FCF MARGIN EXPANSION",
      "detail": "FCF margin: +15.6% -> +43.3% (+27.7%)",
      "severity": "MEDIUM"
    },
    {
      "quarter": "2024-09 (Q3)",
      "signal": "OPERATING LEVERAGE",
      "detail": "Rev growth +9.8% vs OpEx growth +4.3% (leverage: 2.3x)",
      "severity": "MEDIUM"
    },
    {
      "quarter": "2024-09 (Q3)",
      "signal": "YoY REVENUE GROWTH ACCELERATION",
      "detail": "YoY growth: +39.3% vs prior quarter YoY: +30.9% (accel: +8.3%)",
      "severity": "MEDIUM"
    },
    {
      "quarter": "2024-09 (Q3)",
      "signal": "OP MARGIN TURNED POSITIVE (YoY)",
      "detail": "Op margin: -15.3% (year-ago) -> +0.1%",
      "severity": "HIGH"
    },
    {
      "quarter": "2024-09 (Q3)",
      "signal": "OP MARGIN TURNED POSITIVE (QoQ)",
      "detail": "Op margin: -5.1% -> +0.1%",
      "severity": "HIGH"
    },
    {
      "quarter": "2024-06 (Q2)",
      "signal": "FCF TURNED POSITIVE",
      "detail": "FCF margin: -21.5% -> +15.6%",
      "severity": "HIGH"
    },
    {
      "quarter": "2024-03 (Q1)",
      "signal": "YoY REVENUE GROWTH DECELERATION",
      "detail": "YoY growth: +32.0% vs prior quarter YoY: +38.6% (decel: -6.6%)",
      "severity": "WARNING"
    },
    {
      "quarter": "2023-12 (Q4)",
      "signal": "FCF MARGIN EXPANSION",
      "detail": "FCF margin: +11.7% -> +34.5% (+22.8%)",
      "severity": "MEDIUM"
    },
    {
      "quarter": "2023-12 (Q4)",
      "signal": "OPERATING LEVERAGE",
      "detail": "Rev growth +9.6% vs OpEx growth +6.2% (leverage: 1.5x)",
      "severity": "MEDIUM"
    },
    {
      "quarter": "2023-09 (Q3)",
      "signal": "FCF TURNED POSITIVE",
      "detail": "FCF margin: -22.5% -> +11.7%",
      "severity": "HIGH"
    },
    {
      "quarter": "2023-09 (Q3)",
      "signal": "YoY REVENUE GROWTH DECELERATION",
      "detail": "YoY growth: +42.8% vs prior quarter YoY: +48.8% (decel: -6.1%)",
      "severity": "WARNING"
    },
    {
      "quarter": "2023-06 (Q2)",
      "signal": "OPERATING LEVERAGE",
      "detail": "Rev growth +14.8% vs OpEx growth +8.8% (leverage: 1.7x)",
      "severity": "MEDIUM"
    },
    {
      "quarter": "2023-03 (Q1)",
      "signal": "FCF MARGIN EXPANSION",
      "detail": "FCF margin: -43.1% -> -1.6% (+41.6%)",
      "severity": "MEDIUM"
    },
    {
      "quarter": "2023-03 (Q1)",
      "signal": "YoY REVENUE GROWTH ACCELERATION",
      "detail": "YoY growth: +49.9% vs prior quarter YoY: +41.2% (accel: +8.6%)",
      "severity": "MEDIUM"
    },
    {
      "quarter": "2022-12 (Q4)",
      "signal": "OPERATING LEVERAGE",
      "detail": "Rev growth +12.9% vs OpEx growth +4.4% (leverage: 2.9x)",
      "severity": "MEDIUM"
    },
    {
      "quarter": "2022-09 (Q3)",
      "signal": "OPERATING LEVERAGE",
      "detail": "Rev growth +7.6% vs OpEx growth +4.2% (leverage: 1.8x)",
      "severity": "MEDIUM"
    },
    {
      "quarter": "2022-06 (Q2)",
      "signal": "YoY REVENUE GROWTH DECELERATION",
      "detail": "YoY growth: +41.6% vs prior quarter YoY: +49.4% (decel: -7.8%)",
      "severity": "WARNING"
    },
    {
      "quarter": "2022-03 (Q1)",
      "signal": "FCF TURNED POSITIVE",
      "detail": "FCF margin: -28.4% -> +29.0%",
      "severity": "HIGH"
    },
    {
      "quarter": "2021-12 (Q4)",
      "signal": "FCF MARGIN EXPANSION",
      "detail": "FCF margin: -34.3% -> -28.4% (+5.8%)",
      "severity": "MEDIUM"
    },
    {
      "quarter": "2021-06 (Q2)",
      "signal": "OPERATING LEVERAGE",
      "detail": "Rev growth +22.0% vs OpEx growth +13.4% (leverage: 1.6x)",
      "severity": "MEDIUM"
    }
  ],
  "data_quality": {
    "n_quarters": 20,
    "coverage": {
      "revenue": [
        20,
        20
      ],
      "gross_profit": [
        0,
        20
      ],
      "op_income": [
        20,
        20
      ],
      "fcf": [
        20,
        20
      ]
    },
    "gaps": [],
    "warnings": [
      "gross_profit: no data"
    ]
  },
  "market_cap": null,
  "source": "SEC EDGAR",
  "last_updated": "2026-02-24T10:29:15.971691"
}