{
  "ticker": "RENT",
  "name": "RENT THE RUNWAY, INC.",
  "quarters": [
    {
      "date": "2021-01-31T00:00:00",
      "quarter_label": "2021-01 (Q1)",
      "revenue": 33500000,
      "gross_profit": 24300000,
      "operating_income": -29800000,
      "net_income": -38800000,
      "opex": 63300000,
      "cogs": 9200000,
      "rd": null,
      "sga": null,
      "fcf": -8900000,
      "ocf": -8900000,
      "capex": null,
      "gross_margin": 0.7253731343283583,
      "op_margin": -0.8895522388059701,
      "fcf_margin": -0.2656716417910448
    },
    {
      "date": "2021-04-30T00:00:00",
      "quarter_label": "2021-04 (Q2)",
      "revenue": 33500000,
      "gross_profit": 24700000,
      "operating_income": -28300000,
      "net_income": -42300000,
      "opex": 61800000,
      "cogs": 8800000,
      "rd": null,
      "sga": null,
      "fcf": -9000000,
      "ocf": -9000000,
      "capex": null,
      "gross_margin": 0.7373134328358208,
      "op_margin": -0.844776119402985,
      "fcf_margin": -0.26865671641791045,
      "fcf_margin_change": -0.002985074626865647
    },
    {
      "date": "2021-07-31T00:00:00",
      "quarter_label": "2021-07 (Q3)",
      "revenue": 46700000,
      "gross_profit": 33200000,
      "operating_income": -23500000,
      "net_income": -42400000,
      "opex": 70200000,
      "cogs": 13500000,
      "rd": null,
      "sga": null,
      "fcf": -3700000,
      "ocf": -3700000,
      "capex": null,
      "gross_margin": 0.7109207708779444,
      "op_margin": -0.5032119914346895,
      "fcf_margin": -0.07922912205567452,
      "op_leverage_ratio": 2.898933901918977,
      "fcf_margin_change": 0.18942759436223594
    },
    {
      "date": "2021-10-31T00:00:00",
      "quarter_label": "2021-10 (Q4)",
      "revenue": 59000000,
      "gross_profit": 39800000,
      "operating_income": -44200000,
      "net_income": -87800000,
      "opex": 103200000,
      "cogs": 19200000,
      "rd": null,
      "sga": null,
      "fcf": -10800000,
      "ocf": -10800000,
      "capex": null,
      "gross_margin": 0.6745762711864407,
      "op_margin": -0.7491525423728813,
      "fcf_margin": -0.18305084745762712,
      "op_leverage_ratio": 0.5602881058983843,
      "fcf_margin_change": -0.1038217254019526
    },
    {
      "date": "2022-01-31T00:00:00",
      "quarter_label": "2022-01 (Q1)",
      "revenue": 64100000,
      "gross_profit": 43700000,
      "operating_income": -29900000,
      "net_income": -39300000,
      "opex": 94000000,
      "cogs": 20400000,
      "rd": null,
      "sga": null,
      "fcf": -18800000,
      "ocf": -18800000,
      "capex": null,
      "gross_margin": 0.6817472698907956,
      "op_margin": -0.4664586583463339,
      "fcf_margin": -0.29329173166926675,
      "incr_op_margin_yoy": -0.0032679738562091504,
      "rev_growth_yoy": 0.9134328358208955,
      "op_leverage_ratio": Infinity,
      "fcf_margin_change": -0.11024088421163963
    },
    {
      "date": "2022-04-30T00:00:00",
      "quarter_label": "2022-04 (Q2)",
      "revenue": 67100000,
      "gross_profit": 44200000,
      "operating_income": -33200000,
      "net_income": -42500000,
      "opex": 100300000,
      "cogs": 22900000,
      "rd": null,
      "sga": null,
      "fcf": -17400000,
      "ocf": -17400000,
      "capex": null,
      "gross_margin": 0.6587183308494784,
      "op_margin": -0.4947839046199702,
      "fcf_margin": -0.2593144560357675,
      "incr_op_margin_yoy": -0.14583333333333334,
      "rev_growth_yoy": 1.0029850746268656,
      "rev_growth_yoy_accel": 0.08955223880597007,
      "op_leverage_ratio": 0.6983136468315876,
      "fcf_margin_change": 0.033977275633499227
    },
    {
      "date": "2022-07-31T00:00:00",
      "quarter_label": "2022-07 (Q3)",
      "revenue": 76500000,
      "gross_profit": 53100000,
      "operating_income": -25600000,
      "net_income": -33900000,
      "opex": 102100000,
      "cogs": 23400000,
      "rd": null,
      "sga": null,
      "fcf": -15600000,
      "ocf": -15600000,
      "capex": null,
      "gross_margin": 0.6941176470588235,
      "op_margin": -0.33464052287581697,
      "fcf_margin": -0.20392156862745098,
      "incr_op_margin_yoy": -0.07046979865771812,
      "rev_growth_yoy": 0.6381156316916489,
      "rev_growth_yoy_accel": -0.3648694429352167,
      "op_leverage_ratio": 7.8060937241265105,
      "fcf_margin_change": 0.05539288740831655
    },
    {
      "date": "2022-10-31T00:00:00",
      "quarter_label": "2022-10 (Q4)",
      "revenue": 77400000,
      "gross_profit": 54200000,
      "operating_income": -27000000,
      "net_income": -36100000,
      "opex": 104400000,
      "cogs": 23200000,
      "rd": null,
      "sga": null,
      "fcf": -6400000,
      "ocf": -6400000,
      "capex": null,
      "gross_margin": 0.7002583979328165,
      "op_margin": -0.3488372093023256,
      "fcf_margin": -0.082687338501292,
      "incr_op_margin_yoy": 0.9347826086956522,
      "rev_growth_yoy": 0.31186440677966104,
      "rev_growth_yoy_accel": -0.3262512249119878,
      "op_leverage_ratio": 0.5222506393861893,
      "fcf_margin_change": 0.12123423012615898
    },
    {
      "date": "2023-01-31T00:00:00",
      "quarter_label": "2023-01 (Q1)",
      "revenue": 75400000,
      "gross_profit": 52700000,
      "operating_income": -17800000,
      "net_income": -26200000,
      "opex": 93200000,
      "cogs": 22700000,
      "rd": null,
      "sga": null,
      "fcf": -8300000,
      "ocf": -8300000,
      "capex": null,
      "gross_margin": 0.6989389920424404,
      "op_margin": -0.23607427055702918,
      "fcf_margin": -0.11007957559681697,
      "incr_op_margin_yoy": 1.0707964601769913,
      "rev_growth_yoy": 0.17628705148205928,
      "rev_growth_yoy_accel": -0.13557735529760176,
      "fcf_margin_change": -0.027392237095524977
    },
    {
      "date": "2023-04-30T00:00:00",
      "quarter_label": "2023-04 (Q2)",
      "revenue": 74200000,
      "gross_profit": 52300000,
      "operating_income": -21300000,
      "net_income": -30100000,
      "opex": 95500000,
      "cogs": 21900000,
      "rd": null,
      "sga": null,
      "fcf": -3300000,
      "ocf": -3300000,
      "capex": null,
      "gross_margin": 0.7048517520215634,
      "op_margin": -0.28706199460916443,
      "fcf_margin": -0.0444743935309973,
      "incr_op_margin_yoy": 1.676056338028169,
      "rev_growth_yoy": 0.10581222056631892,
      "rev_growth_yoy_accel": -0.07047483091574036,
      "fcf_margin_change": 0.06560518206581967
    },
    {
      "date": "2023-07-31T00:00:00",
      "quarter_label": "2023-07 (Q3)",
      "revenue": 75700000,
      "gross_profit": 53200000,
      "operating_income": -17500000,
      "net_income": -26800000,
      "opex": 93200000,
      "cogs": 22500000,
      "rd": null,
      "sga": null,
      "fcf": -800000,
      "ocf": -800000,
      "capex": null,
      "gross_margin": 0.702774108322325,
      "op_margin": -0.2311756935270806,
      "fcf_margin": -0.010568031704095112,
      "rev_growth_yoy": -0.01045751633986928,
      "rev_growth_yoy_accel": -0.1162697369061882,
      "op_leverage_ratio": Infinity,
      "fcf_margin_change": 0.03390636182690219
    },
    {
      "date": "2023-10-31T00:00:00",
      "quarter_label": "2023-10 (Q4)",
      "revenue": 72500000,
      "gross_profit": 51000000,
      "operating_income": -21900000,
      "net_income": -31500000,
      "opex": 94400000,
      "cogs": 21500000,
      "rd": null,
      "sga": null,
      "fcf": -3600000,
      "ocf": -3600000,
      "capex": null,
      "gross_margin": 0.7034482758620689,
      "op_margin": -0.3020689655172414,
      "fcf_margin": -0.0496551724137931,
      "incr_op_margin_yoy": -1.0408163265306123,
      "rev_growth_yoy": -0.06330749354005168,
      "rev_growth_yoy_accel": -0.0528499772001824,
      "fcf_margin_change": -0.03908714070969799
    },
    {
      "date": "2024-01-31T00:00:00",
      "quarter_label": "2024-01 (Q1)",
      "revenue": 75800000,
      "gross_profit": 55700000,
      "operating_income": -19300000,
      "net_income": -24800000,
      "opex": 95100000,
      "cogs": 20100000,
      "rd": null,
      "sga": null,
      "fcf": -8000000,
      "ocf": -8000000,
      "capex": null,
      "gross_margin": 0.7348284960422163,
      "op_margin": -0.2546174142480211,
      "fcf_margin": -0.10554089709762533,
      "rev_growth_yoy": 0.005305039787798408,
      "rev_growth_yoy_accel": 0.06861253332785008,
      "op_leverage_ratio": 6.138325123152709,
      "fcf_margin_change": -0.05588572468383223
    },
    {
      "date": "2024-04-30T00:00:00",
      "quarter_label": "2024-04 (Q2)",
      "revenue": 75000000,
      "gross_profit": 54400000,
      "operating_income": -16500000,
      "net_income": -22000000,
      "opex": 91500000,
      "cogs": 20600000,
      "rd": null,
      "sga": null,
      "fcf": 4600000,
      "ocf": 4600000,
      "capex": null,
      "gross_margin": 0.7253333333333334,
      "op_margin": -0.22,
      "fcf_margin": 0.06133333333333333,
      "rev_growth_yoy": 0.01078167115902965,
      "rev_growth_yoy_accel": 0.005476631371231242,
      "fcf_margin_change": 0.16687423043095867
    },
    {
      "date": "2024-07-31T00:00:00",
      "quarter_label": "2024-07 (Q3)",
      "revenue": 78900000,
      "gross_profit": 58300000,
      "operating_income": -9600000,
      "net_income": -15600000,
      "opex": 88500000,
      "cogs": 20600000,
      "rd": null,
      "sga": null,
      "fcf": 2200000,
      "ocf": 2200000,
      "capex": null,
      "gross_margin": 0.7389100126742713,
      "op_margin": -0.12167300380228137,
      "fcf_margin": 0.02788339670468948,
      "incr_op_margin_yoy": 2.46875,
      "rev_growth_yoy": 0.04227212681638045,
      "rev_growth_yoy_accel": 0.0314904556573508,
      "op_leverage_ratio": Infinity,
      "fcf_margin_change": -0.033449936628643845
    },
    {
      "date": "2024-10-31T00:00:00",
      "quarter_label": "2024-10 (Q4)",
      "revenue": 75900000,
      "gross_profit": 54500000,
      "operating_income": -13700000,
      "net_income": -18900000,
      "opex": 89600000,
      "cogs": 21400000,
      "rd": null,
      "sga": null,
      "fcf": 4700000,
      "ocf": 4700000,
      "capex": null,
      "gross_margin": 0.7180500658761528,
      "op_margin": -0.18050065876152832,
      "fcf_margin": 0.061923583662714096,
      "incr_op_margin_yoy": 2.411764705882353,
      "rev_growth_yoy": 0.04689655172413793,
      "rev_growth_yoy_accel": 0.004624424907757482,
      "fcf_margin_change": 0.03404018695802462
    },
    {
      "date": "2025-01-31T00:00:00",
      "quarter_label": "2025-01 (Q1)",
      "revenue": 76400000,
      "gross_profit": 56200000,
      "operating_income": -7700000,
      "net_income": -13400000,
      "opex": 84100000,
      "cogs": 20200000,
      "rd": null,
      "sga": null,
      "fcf": 1400000,
      "ocf": 1400000,
      "capex": null,
      "gross_margin": 0.7356020942408377,
      "op_margin": -0.10078534031413612,
      "fcf_margin": 0.01832460732984293,
      "rev_growth_yoy": 0.0079155672823219,
      "rev_growth_yoy_accel": -0.03898098444181603,
      "fcf_margin_change": -0.043598976332871166
    },
    {
      "date": "2025-04-30T00:00:00",
      "quarter_label": "2025-04 (Q2)",
      "revenue": 69600000,
      "gross_profit": 49200000,
      "operating_income": -19700000,
      "net_income": -26100000,
      "opex": 89300000,
      "cogs": 20400000,
      "rd": null,
      "sga": null,
      "fcf": 8300000,
      "ocf": 8300000,
      "capex": null,
      "gross_margin": 0.7068965517241379,
      "op_margin": -0.28304597701149425,
      "fcf_margin": 0.11925287356321838,
      "incr_op_margin_yoy": 0.5925925925925926,
      "rev_growth_yoy": -0.072,
      "rev_growth_yoy_accel": -0.0799155672823219,
      "fcf_margin_change": 0.10092826623337545
    },
    {
      "date": "2025-07-31T00:00:00",
      "quarter_label": "2025-07 (Q3)",
      "revenue": 80900000,
      "gross_profit": 58400000,
      "operating_income": -20100000,
      "net_income": -26400000,
      "opex": 101000000,
      "cogs": 22500000,
      "rd": null,
      "sga": null,
      "fcf": -10500000,
      "ocf": -10500000,
      "capex": null,
      "gross_margin": 0.7218788627935723,
      "op_margin": -0.2484548825710754,
      "fcf_margin": -0.12978986402966625,
      "incr_op_margin_yoy": -5.25,
      "rev_growth_yoy": 0.025348542458808618,
      "rev_growth_yoy_accel": 0.09734854245880861,
      "op_leverage_ratio": 1.2391811572846056,
      "fcf_margin_change": -0.24904273759288464
    },
    {
      "date": "2025-10-31T00:00:00",
      "quarter_label": "2025-10 (Q4)",
      "revenue": 87600000,
      "gross_profit": 63600000,
      "operating_income": -16200000,
      "net_income": 76500000,
      "opex": 103800000,
      "cogs": 24000000,
      "rd": null,
      "sga": null,
      "fcf": -1400000,
      "ocf": -1400000,
      "capex": null,
      "gross_margin": 0.726027397260274,
      "op_margin": -0.18493150684931506,
      "fcf_margin": -0.01598173515981735,
      "incr_op_margin_yoy": -0.21367521367521367,
      "rev_growth_yoy": 0.1541501976284585,
      "rev_growth_yoy_accel": 0.12880165516964986,
      "op_leverage_ratio": 2.9873741832950733,
      "fcf_margin_change": 0.1138081288698489
    }
  ],
  "signals": [
    {
      "quarter": "2025-10 (Q4)",
      "signal": "FCF MARGIN EXPANSION",
      "detail": "FCF margin: -13.0% -> -1.6% (+11.4%)",
      "severity": "MEDIUM"
    },
    {
      "quarter": "2025-10 (Q4)",
      "signal": "OPERATING LEVERAGE",
      "detail": "Rev growth +8.3% vs OpEx growth +2.8% (leverage: 3.0x)",
      "severity": "MEDIUM"
    },
    {
      "quarter": "2025-10 (Q4)",
      "signal": "YoY REVENUE GROWTH ACCELERATION",
      "detail": "YoY growth: +15.4% vs prior quarter YoY: +2.5% (accel: +12.9%)",
      "severity": "MEDIUM"
    },
    {
      "quarter": "2025-07 (Q3)",
      "signal": "YoY REVENUE GROWTH ACCELERATION",
      "detail": "YoY growth: +2.5% vs prior quarter YoY: -7.2% (accel: +9.7%)",
      "severity": "MEDIUM"
    },
    {
      "quarter": "2025-04 (Q2)",
      "signal": "FCF MARGIN EXPANSION",
      "detail": "FCF margin: +1.8% -> +11.9% (+10.1%)",
      "severity": "MEDIUM"
    },
    {
      "quarter": "2025-04 (Q2)",
      "signal": "YoY REVENUE GROWTH DECELERATION",
      "detail": "YoY growth: -7.2% vs prior quarter YoY: +0.8% (decel: -8.0%)",
      "severity": "WARNING"
    },
    {
      "quarter": "2024-04 (Q2)",
      "signal": "FCF TURNED POSITIVE",
      "detail": "FCF margin: -10.6% -> +6.1%",
      "severity": "HIGH"
    },
    {
      "quarter": "2024-01 (Q1)",
      "signal": "OPERATING LEVERAGE",
      "detail": "Rev growth +4.6% vs OpEx growth +0.7% (leverage: 6.1x)",
      "severity": "MEDIUM"
    },
    {
      "quarter": "2024-01 (Q1)",
      "signal": "YoY REVENUE GROWTH ACCELERATION",
      "detail": "YoY growth: +0.5% vs prior quarter YoY: -6.3% (accel: +6.9%)",
      "severity": "MEDIUM"
    },
    {
      "quarter": "2023-10 (Q4)",
      "signal": "YoY REVENUE GROWTH DECELERATION",
      "detail": "YoY growth: -6.3% vs prior quarter YoY: -1.0% (decel: -5.3%)",
      "severity": "WARNING"
    },
    {
      "quarter": "2023-07 (Q3)",
      "signal": "YoY REVENUE GROWTH DECELERATION",
      "detail": "YoY growth: -1.0% vs prior quarter YoY: +10.6% (decel: -11.6%)",
      "severity": "WARNING"
    },
    {
      "quarter": "2023-04 (Q2)",
      "signal": "FCF MARGIN EXPANSION",
      "detail": "FCF margin: -11.0% -> -4.4% (+6.6%)",
      "severity": "MEDIUM"
    },
    {
      "quarter": "2023-04 (Q2)",
      "signal": "YoY REVENUE GROWTH DECELERATION",
      "detail": "YoY growth: +10.6% vs prior quarter YoY: +17.6% (decel: -7.0%)",
      "severity": "WARNING"
    },
    {
      "quarter": "2023-01 (Q1)",
      "signal": "YoY REVENUE GROWTH DECELERATION",
      "detail": "YoY growth: +17.6% vs prior quarter YoY: +31.2% (decel: -13.6%)",
      "severity": "WARNING"
    },
    {
      "quarter": "2022-10 (Q4)",
      "signal": "FCF MARGIN EXPANSION",
      "detail": "FCF margin: -20.4% -> -8.3% (+12.1%)",
      "severity": "MEDIUM"
    },
    {
      "quarter": "2022-10 (Q4)",
      "signal": "YoY REVENUE GROWTH DECELERATION",
      "detail": "YoY growth: +31.2% vs prior quarter YoY: +63.8% (decel: -32.6%)",
      "severity": "WARNING"
    },
    {
      "quarter": "2022-07 (Q3)",
      "signal": "FCF MARGIN EXPANSION",
      "detail": "FCF margin: -25.9% -> -20.4% (+5.5%)",
      "severity": "MEDIUM"
    },
    {
      "quarter": "2022-07 (Q3)",
      "signal": "OPERATING LEVERAGE",
      "detail": "Rev growth +14.0% vs OpEx growth +1.8% (leverage: 7.8x)",
      "severity": "MEDIUM"
    },
    {
      "quarter": "2022-07 (Q3)",
      "signal": "GROSS MARGIN INFLECTION",
      "detail": "GM: +68.2% -> +65.9% -> +69.4% (reversal +3.5%)",
      "severity": "MEDIUM"
    },
    {
      "quarter": "2022-07 (Q3)",
      "signal": "YoY REVENUE GROWTH DECELERATION",
      "detail": "YoY growth: +63.8% vs prior quarter YoY: +100.3% (decel: -36.5%)",
      "severity": "WARNING"
    },
    {
      "quarter": "2022-04 (Q2)",
      "signal": "YoY REVENUE GROWTH ACCELERATION",
      "detail": "YoY growth: +100.3% vs prior quarter YoY: +91.3% (accel: +9.0%)",
      "severity": "MEDIUM"
    },
    {
      "quarter": "2021-07 (Q3)",
      "signal": "FCF MARGIN EXPANSION",
      "detail": "FCF margin: -26.9% -> -7.9% (+18.9%)",
      "severity": "MEDIUM"
    },
    {
      "quarter": "2021-07 (Q3)",
      "signal": "OPERATING LEVERAGE",
      "detail": "Rev growth +39.4% vs OpEx growth +13.6% (leverage: 2.9x)",
      "severity": "MEDIUM"
    }
  ],
  "data_quality": {
    "n_quarters": 20,
    "coverage": {
      "revenue": [
        20,
        20
      ],
      "gross_profit": [
        20,
        20
      ],
      "op_income": [
        20,
        20
      ],
      "fcf": [
        20,
        20
      ]
    },
    "gaps": [],
    "warnings": []
  },
  "market_cap": null,
  "source": "SEC EDGAR",
  "last_updated": "2026-02-02T22:54:33.545739"
}