{
  "ticker": "REPX",
  "name": "Riley Exploration Permian, Inc.",
  "quarters": [
    {
      "date": "2020-12-31T00:00:00",
      "quarter_label": "2020-12 (Q4)",
      "revenue": 747000,
      "gross_profit": 599000,
      "operating_income": 6688000,
      "net_income": -7941000,
      "opex": 16326000,
      "cogs": 148000,
      "rd": null,
      "sga": null,
      "fcf": 17193000,
      "ocf": 17193000,
      "capex": null,
      "gross_margin": 0.8018741633199464,
      "op_margin": 8.953145917001338,
      "fcf_margin": 23.016064257028113
    },
    {
      "date": "2021-03-31T00:00:00",
      "quarter_label": "2021-03 (Q1)",
      "revenue": 37259000,
      "gross_profit": 37168000,
      "operating_income": 7027000,
      "net_income": -51878000,
      "opex": 30232000,
      "cogs": 91000,
      "rd": null,
      "sga": null,
      "fcf": null,
      "ocf": null,
      "capex": null,
      "gross_margin": 0.9975576370809737,
      "op_margin": 0.18859872782414988,
      "fcf_margin": null,
      "op_leverage_ratio": 57.38423390094247
    },
    {
      "date": "2021-06-30T00:00:00",
      "quarter_label": "2021-06 (Q2)",
      "revenue": 42149000,
      "gross_profit": 42058000,
      "operating_income": 19278000,
      "net_income": -21501000,
      "opex": 22871000,
      "cogs": 91000,
      "rd": null,
      "sga": null,
      "fcf": null,
      "ocf": null,
      "capex": null,
      "gross_margin": 0.9978409926688652,
      "op_margin": 0.4573773992265534,
      "fcf_margin": null,
      "op_leverage_ratio": Infinity
    },
    {
      "date": "2021-09-30T00:00:00",
      "quarter_label": "2021-09 (Q3)",
      "revenue": 48614000,
      "gross_profit": 48467000,
      "operating_income": 26891000,
      "net_income": 15654000,
      "opex": 21723000,
      "cogs": 147000,
      "rd": null,
      "sga": null,
      "fcf": null,
      "ocf": null,
      "capex": null,
      "gross_margin": 0.9969761797013206,
      "op_margin": 0.5531534125971942,
      "fcf_margin": null,
      "op_leverage_ratio": Infinity
    },
    {
      "date": "2021-12-31T00:00:00",
      "quarter_label": "2021-12 (Q4)",
      "revenue": 57250000,
      "gross_profit": 57100000,
      "operating_income": 33356000,
      "net_income": 21398000,
      "opex": 23894000,
      "cogs": 150000,
      "rd": null,
      "sga": null,
      "fcf": 21727000,
      "ocf": 21727000,
      "capex": null,
      "gross_margin": 0.9973799126637555,
      "op_margin": 0.5826375545851529,
      "fcf_margin": 0.37951091703056766,
      "incr_op_margin_yoy": 0.4719749393837495,
      "rev_growth_yoy": 75.63989290495314,
      "op_leverage_ratio": 1.7775067382821883
    },
    {
      "date": "2022-03-31T00:00:00",
      "quarter_label": "2022-03 (Q1)",
      "revenue": 67245000,
      "gross_profit": 67160000,
      "operating_income": 41028000,
      "net_income": -7168000,
      "opex": 26217000,
      "cogs": 85000,
      "rd": null,
      "sga": null,
      "fcf": 29995000,
      "ocf": 29995000,
      "capex": null,
      "gross_margin": 0.9987359654992937,
      "op_margin": 0.6101271469997769,
      "fcf_margin": 0.44605546880808983,
      "incr_op_margin_yoy": 1.1338958180484227,
      "rev_growth_yoy": 0.8047988405485923,
      "rev_growth_yoy_accel": -74.83509406440456,
      "op_leverage_ratio": 1.7957544734917767,
      "fcf_margin_change": 0.06654455177752217
    },
    {
      "date": "2022-06-30T00:00:00",
      "quarter_label": "2022-06 (Q2)",
      "revenue": 88381000,
      "gross_profit": 88292000,
      "operating_income": 62542000,
      "net_income": 38555000,
      "opex": 25839000,
      "cogs": 89000,
      "rd": null,
      "sga": null,
      "fcf": 45505000,
      "ocf": 45505000,
      "capex": null,
      "gross_margin": 0.9989929962322218,
      "op_margin": 0.70764078252113,
      "fcf_margin": 0.5148731062106109,
      "incr_op_margin_yoy": 0.9358020418757571,
      "rev_growth_yoy": 1.0968706256376188,
      "rev_growth_yoy_accel": 0.29207178508902654,
      "op_leverage_ratio": Infinity,
      "fcf_margin_change": 0.06881763740252106
    },
    {
      "date": "2022-09-30T00:00:00",
      "quarter_label": "2022-09 (Q3)",
      "revenue": 88071000,
      "gross_profit": 87982000,
      "operating_income": 59119000,
      "net_income": 59817000,
      "opex": 28952000,
      "cogs": 89000,
      "rd": null,
      "sga": null,
      "fcf": 54852000,
      "ocf": 54852000,
      "capex": null,
      "gross_margin": 0.9989894516923845,
      "op_margin": 0.6712652291900852,
      "fcf_margin": 0.6228156828013761,
      "incr_op_margin_yoy": 0.8167878956839091,
      "rev_growth_yoy": 0.8116386226189987,
      "rev_growth_yoy_accel": -0.2852320030186202,
      "fcf_margin_change": 0.10794257659076523
    },
    {
      "date": "2022-12-31T00:00:00",
      "quarter_label": "2022-12 (Q4)",
      "revenue": 78046000,
      "gross_profit": 77859000,
      "operating_income": 40830000,
      "net_income": 26807000,
      "opex": 37216000,
      "cogs": 187000,
      "rd": null,
      "sga": null,
      "fcf": 39936000,
      "ocf": 39936000,
      "capex": null,
      "gross_margin": 0.9976039771416857,
      "op_margin": 0.5231530123260641,
      "fcf_margin": 0.511698229249417,
      "incr_op_margin_yoy": 0.3593960376995576,
      "rev_growth_yoy": 0.36324890829694323,
      "rev_growth_yoy_accel": -0.44838971432205543,
      "fcf_margin_change": -0.11111745355195912
    },
    {
      "date": "2023-03-31T00:00:00",
      "quarter_label": "2023-03 (Q1)",
      "revenue": 67012000,
      "gross_profit": 66902000,
      "operating_income": 36034000,
      "net_income": 31851000,
      "opex": 30978000,
      "cogs": 110000,
      "rd": null,
      "sga": null,
      "fcf": 32970000,
      "ocf": 32970000,
      "capex": null,
      "gross_margin": 0.9983585029546946,
      "op_margin": 0.5377245866411986,
      "fcf_margin": 0.49200143257923956,
      "rev_growth_yoy": -0.0034649416313480555,
      "rev_growth_yoy_accel": -0.36671384992829126,
      "fcf_margin_change": -0.01969679667017743
    },
    {
      "date": "2023-06-30T00:00:00",
      "quarter_label": "2023-06 (Q2)",
      "revenue": 99912000,
      "gross_profit": null,
      "operating_income": 45010000,
      "net_income": 33068000,
      "opex": 54902000,
      "cogs": null,
      "rd": null,
      "sga": null,
      "fcf": 55750000,
      "ocf": 55750000,
      "capex": null,
      "gross_margin": null,
      "op_margin": 0.4504964368644407,
      "fcf_margin": 0.5579910321082553,
      "incr_op_margin_yoy": -1.520423207007198,
      "rev_growth_yoy": 0.13046921849718832,
      "rev_growth_yoy_accel": 0.13393416012853637,
      "op_leverage_ratio": 0.6357156453563185,
      "fcf_margin_change": 0.06598959952901573
    },
    {
      "date": "2023-09-30T00:00:00",
      "quarter_label": "2023-09 (Q3)",
      "revenue": 108294000,
      "gross_profit": null,
      "operating_income": 58229000,
      "net_income": 8647000,
      "opex": 50065000,
      "cogs": null,
      "rd": null,
      "sga": null,
      "fcf": 52652000,
      "ocf": 52652000,
      "capex": null,
      "gross_margin": null,
      "op_margin": 0.537693685707426,
      "fcf_margin": 0.48619498771861785,
      "incr_op_margin_yoy": -0.04400929634574494,
      "rev_growth_yoy": 0.2296215553360357,
      "rev_growth_yoy_accel": 0.09915233683884739,
      "op_leverage_ratio": Infinity,
      "fcf_margin_change": -0.07179604438963744
    },
    {
      "date": "2023-12-31T00:00:00",
      "quarter_label": "2023-12 (Q4)",
      "revenue": 99829000,
      "gross_profit": null,
      "operating_income": 32620000,
      "net_income": 38025000,
      "opex": 67209000,
      "cogs": null,
      "rd": null,
      "sga": null,
      "fcf": 65823000,
      "ocf": 65823000,
      "capex": null,
      "gross_margin": null,
      "op_margin": 0.3267587574752827,
      "fcf_margin": 0.6593575013272697,
      "incr_op_margin_yoy": -0.37689941697654133,
      "rev_growth_yoy": 0.2791046306024652,
      "rev_growth_yoy_accel": 0.049483075266429505,
      "fcf_margin_change": 0.1731625136086518
    },
    {
      "date": "2024-03-31T00:00:00",
      "quarter_label": "2024-03 (Q1)",
      "revenue": 99744000,
      "gross_profit": null,
      "operating_income": 50567000,
      "net_income": 18758000,
      "opex": 49177000,
      "cogs": null,
      "rd": null,
      "sga": null,
      "fcf": 56125000,
      "ocf": 56125000,
      "capex": null,
      "gross_margin": null,
      "op_margin": 0.5069678376644209,
      "fcf_margin": 0.5626904876483798,
      "incr_op_margin_yoy": 0.4439997555908591,
      "rev_growth_yoy": 0.4884498298812153,
      "rev_growth_yoy_accel": 0.20934519927875012,
      "fcf_margin_change": -0.09666701367888986
    },
    {
      "date": "2024-06-30T00:00:00",
      "quarter_label": "2024-06 (Q2)",
      "revenue": 105403000,
      "gross_profit": null,
      "operating_income": 53612000,
      "net_income": 33548000,
      "opex": 51791000,
      "cogs": null,
      "rd": null,
      "sga": null,
      "fcf": 51641000,
      "ocf": 51641000,
      "capex": null,
      "gross_margin": null,
      "op_margin": 0.5086382740529207,
      "fcf_margin": 0.4899386165479161,
      "incr_op_margin_yoy": 1.5665634674922602,
      "rev_growth_yoy": 0.05495836335975659,
      "rev_growth_yoy_accel": -0.43349146652145876,
      "op_leverage_ratio": 1.0673561616897635,
      "fcf_margin_change": -0.07275187110046372
    },
    {
      "date": "2024-09-30T00:00:00",
      "quarter_label": "2024-09 (Q3)",
      "revenue": 102339000,
      "gross_profit": null,
      "operating_income": 17478000,
      "net_income": 25663000,
      "opex": 84861000,
      "cogs": null,
      "rd": null,
      "sga": null,
      "fcf": 72130000,
      "ocf": 72130000,
      "capex": null,
      "gross_margin": null,
      "op_margin": 0.17078533110544367,
      "fcf_margin": 0.7048143913854933,
      "incr_op_margin_yoy": 6.843157010915197,
      "rev_growth_yoy": -0.054989196077345,
      "rev_growth_yoy_accel": -0.10994755943710159,
      "fcf_margin_change": 0.2148757748375772
    },
    {
      "date": "2024-12-31T00:00:00",
      "quarter_label": "2024-12 (Q4)",
      "revenue": 102695000,
      "gross_profit": null,
      "operating_income": 32038000,
      "net_income": 10928000,
      "opex": 70657000,
      "cogs": null,
      "rd": null,
      "sga": null,
      "fcf": 66378000,
      "ocf": 66378000,
      "capex": null,
      "gross_margin": null,
      "op_margin": 0.3119723452943181,
      "fcf_margin": 0.6463605823068309,
      "incr_op_margin_yoy": -0.2030704815073273,
      "rev_growth_yoy": 0.02870909254825752,
      "rev_growth_yoy_accel": 0.08369828862560252,
      "fcf_margin_change": -0.05845380907866238
    },
    {
      "date": "2025-03-31T00:00:00",
      "quarter_label": "2025-03 (Q1)",
      "revenue": 102457000,
      "gross_profit": null,
      "operating_income": 49502000,
      "net_income": 28633000,
      "opex": 52955000,
      "cogs": null,
      "rd": null,
      "sga": null,
      "fcf": 50381000,
      "ocf": 50381000,
      "capex": null,
      "gross_margin": null,
      "op_margin": 0.4831490283728784,
      "fcf_margin": 0.49172823721170833,
      "incr_op_margin_yoy": -0.39255436785845926,
      "rev_growth_yoy": 0.027199631055502084,
      "rev_growth_yoy_accel": -0.0015094614927554373,
      "fcf_margin_change": -0.15463234509512258
    },
    {
      "date": "2025-06-30T00:00:00",
      "quarter_label": "2025-06 (Q2)",
      "revenue": 85394000,
      "gross_profit": null,
      "operating_income": 28754000,
      "net_income": 30470000,
      "opex": 56640000,
      "cogs": null,
      "rd": null,
      "sga": null,
      "fcf": 33640000,
      "ocf": 33640000,
      "capex": null,
      "gross_margin": null,
      "op_margin": 0.33672154952338573,
      "fcf_margin": 0.3939386842166897,
      "incr_op_margin_yoy": 1.2423409465740416,
      "rev_growth_yoy": -0.189833306452378,
      "rev_growth_yoy_accel": -0.21703293750788008,
      "fcf_margin_change": -0.09778955299501862
    },
    {
      "date": "2025-09-30T00:00:00",
      "quarter_label": "2025-09 (Q3)",
      "revenue": 106852000,
      "gross_profit": null,
      "operating_income": 28862000,
      "net_income": 16340000,
      "opex": 77990000,
      "cogs": null,
      "rd": null,
      "sga": null,
      "fcf": 63650000,
      "ocf": 63650000,
      "capex": null,
      "gross_margin": null,
      "op_margin": 0.27011193052072024,
      "fcf_margin": 0.5956837494852694,
      "incr_op_margin_yoy": 2.5224905827609128,
      "rev_growth_yoy": 0.04409853526026246,
      "rev_growth_yoy_accel": 0.23393184171264048,
      "op_leverage_ratio": 0.6666336763619293,
      "fcf_margin_change": 0.20174506526857966
    }
  ],
  "signals": [
    {
      "quarter": "2025-09 (Q3)",
      "signal": "FCF MARGIN EXPANSION",
      "detail": "FCF margin: +39.4% -> +59.6% (+20.2%)",
      "severity": "MEDIUM"
    },
    {
      "quarter": "2025-09 (Q3)",
      "signal": "YoY REVENUE GROWTH ACCELERATION",
      "detail": "YoY growth: +4.4% vs prior quarter YoY: -19.0% (accel: +23.4%)",
      "severity": "HIGH"
    },
    {
      "quarter": "2025-09 (Q3)",
      "signal": "INCREMENTAL MARGIN (YoY)",
      "detail": "YoY Incr OPM: +252.2% vs year-ago OPM: +17.1%",
      "severity": "HIGH"
    },
    {
      "quarter": "2025-06 (Q2)",
      "signal": "YoY REVENUE GROWTH DECELERATION",
      "detail": "YoY growth: -19.0% vs prior quarter YoY: +2.7% (decel: -21.7%)",
      "severity": "WARNING"
    },
    {
      "quarter": "2025-06 (Q2)",
      "signal": "INCREMENTAL MARGIN (YoY)",
      "detail": "YoY Incr OPM: +124.2% vs year-ago OPM: +50.9%",
      "severity": "HIGH"
    },
    {
      "quarter": "2024-12 (Q4)",
      "signal": "YoY REVENUE GROWTH ACCELERATION",
      "detail": "YoY growth: +2.9% vs prior quarter YoY: -5.5% (accel: +8.4%)",
      "severity": "MEDIUM"
    },
    {
      "quarter": "2024-09 (Q3)",
      "signal": "FCF MARGIN EXPANSION",
      "detail": "FCF margin: +49.0% -> +70.5% (+21.5%)",
      "severity": "MEDIUM"
    },
    {
      "quarter": "2024-09 (Q3)",
      "signal": "YoY REVENUE GROWTH DECELERATION",
      "detail": "YoY growth: -5.5% vs prior quarter YoY: +5.5% (decel: -11.0%)",
      "severity": "WARNING"
    },
    {
      "quarter": "2024-09 (Q3)",
      "signal": "INCREMENTAL MARGIN (YoY)",
      "detail": "YoY Incr OPM: +684.3% vs year-ago OPM: +53.8%",
      "severity": "HIGH"
    },
    {
      "quarter": "2024-06 (Q2)",
      "signal": "YoY REVENUE GROWTH DECELERATION",
      "detail": "YoY growth: +5.5% vs prior quarter YoY: +48.8% (decel: -43.3%)",
      "severity": "WARNING"
    },
    {
      "quarter": "2024-06 (Q2)",
      "signal": "INCREMENTAL MARGIN (YoY)",
      "detail": "YoY Incr OPM: +156.7% vs year-ago OPM: +45.0%",
      "severity": "HIGH"
    },
    {
      "quarter": "2024-03 (Q1)",
      "signal": "YoY REVENUE GROWTH ACCELERATION",
      "detail": "YoY growth: +48.8% vs prior quarter YoY: +27.9% (accel: +20.9%)",
      "severity": "HIGH"
    },
    {
      "quarter": "2023-12 (Q4)",
      "signal": "FCF MARGIN EXPANSION",
      "detail": "FCF margin: +48.6% -> +65.9% (+17.3%)",
      "severity": "MEDIUM"
    },
    {
      "quarter": "2023-09 (Q3)",
      "signal": "YoY REVENUE GROWTH ACCELERATION",
      "detail": "YoY growth: +23.0% vs prior quarter YoY: +13.0% (accel: +9.9%)",
      "severity": "MEDIUM"
    },
    {
      "quarter": "2023-06 (Q2)",
      "signal": "FCF MARGIN EXPANSION",
      "detail": "FCF margin: +49.2% -> +55.8% (+6.6%)",
      "severity": "MEDIUM"
    },
    {
      "quarter": "2023-06 (Q2)",
      "signal": "YoY REVENUE GROWTH ACCELERATION",
      "detail": "YoY growth: +13.0% vs prior quarter YoY: -0.3% (accel: +13.4%)",
      "severity": "MEDIUM"
    },
    {
      "quarter": "2023-03 (Q1)",
      "signal": "YoY REVENUE GROWTH DECELERATION",
      "detail": "YoY growth: -0.3% vs prior quarter YoY: +36.3% (decel: -36.7%)",
      "severity": "WARNING"
    },
    {
      "quarter": "2022-12 (Q4)",
      "signal": "YoY REVENUE GROWTH DECELERATION",
      "detail": "YoY growth: +36.3% vs prior quarter YoY: +81.2% (decel: -44.8%)",
      "severity": "WARNING"
    },
    {
      "quarter": "2022-09 (Q3)",
      "signal": "FCF MARGIN EXPANSION",
      "detail": "FCF margin: +51.5% -> +62.3% (+10.8%)",
      "severity": "MEDIUM"
    },
    {
      "quarter": "2022-09 (Q3)",
      "signal": "YoY REVENUE GROWTH DECELERATION",
      "detail": "YoY growth: +81.2% vs prior quarter YoY: +109.7% (decel: -28.5%)",
      "severity": "WARNING"
    },
    {
      "quarter": "2022-09 (Q3)",
      "signal": "INCREMENTAL MARGIN (YoY)",
      "detail": "YoY Incr OPM: +81.7% vs year-ago OPM: +55.3%",
      "severity": "HIGH"
    },
    {
      "quarter": "2022-06 (Q2)",
      "signal": "FCF MARGIN EXPANSION",
      "detail": "FCF margin: +44.6% -> +51.5% (+6.9%)",
      "severity": "MEDIUM"
    },
    {
      "quarter": "2022-06 (Q2)",
      "signal": "YoY REVENUE GROWTH ACCELERATION",
      "detail": "YoY growth: +109.7% vs prior quarter YoY: +80.5% (accel: +29.2%)",
      "severity": "HIGH"
    },
    {
      "quarter": "2022-06 (Q2)",
      "signal": "INCREMENTAL MARGIN (YoY)",
      "detail": "YoY Incr OPM: +93.6% vs year-ago OPM: +45.7%",
      "severity": "HIGH"
    },
    {
      "quarter": "2022-03 (Q1)",
      "signal": "FCF MARGIN EXPANSION",
      "detail": "FCF margin: +38.0% -> +44.6% (+6.7%)",
      "severity": "MEDIUM"
    },
    {
      "quarter": "2022-03 (Q1)",
      "signal": "OPERATING LEVERAGE",
      "detail": "Rev growth +17.5% vs OpEx growth +9.7% (leverage: 1.8x)",
      "severity": "MEDIUM"
    },
    {
      "quarter": "2022-03 (Q1)",
      "signal": "YoY REVENUE GROWTH DECELERATION",
      "detail": "YoY growth: +80.5% vs prior quarter YoY: +7564.0% (decel: -7483.5%)",
      "severity": "WARNING"
    },
    {
      "quarter": "2022-03 (Q1)",
      "signal": "INCREMENTAL MARGIN (YoY)",
      "detail": "YoY Incr OPM: +113.4% vs year-ago OPM: +18.9%",
      "severity": "HIGH"
    },
    {
      "quarter": "2021-12 (Q4)",
      "signal": "OPERATING LEVERAGE",
      "detail": "Rev growth +17.8% vs OpEx growth +10.0% (leverage: 1.8x)",
      "severity": "MEDIUM"
    },
    {
      "quarter": "2021-03 (Q1)",
      "signal": "OPERATING LEVERAGE",
      "detail": "Rev growth +4887.8% vs OpEx growth +85.2% (leverage: 57.4x)",
      "severity": "MEDIUM"
    }
  ],
  "data_quality": {
    "n_quarters": 20,
    "coverage": {
      "revenue": [
        20,
        20
      ],
      "gross_profit": [
        10,
        20
      ],
      "op_income": [
        20,
        20
      ],
      "fcf": [
        17,
        20
      ]
    },
    "gaps": [],
    "warnings": [
      "gross_profit: 10/20Q"
    ]
  },
  "market_cap": null,
  "source": "SEC EDGAR",
  "last_updated": "2026-02-02T22:18:41.397956"
}