{
  "ticker": "REX",
  "name": "REX AMERICAN RESOURCES CORPORATION",
  "quarters": [
    {
      "date": "2021-01-31T00:00:00",
      "quarter_label": "2021-01 (Q1)",
      "revenue": 126018000,
      "gross_profit": 6843000,
      "operating_income": null,
      "net_income": 3543000,
      "opex": null,
      "cogs": 119175000,
      "rd": null,
      "sga": 4361000,
      "fcf": -16678000,
      "ocf": -12876000,
      "capex": -3802000,
      "gross_margin": 0.054301766414321766,
      "op_margin": null,
      "fcf_margin": -0.1323461727689695
    },
    {
      "date": "2021-04-30T00:00:00",
      "quarter_label": "2021-04 (Q2)",
      "revenue": 164104000,
      "gross_profit": 17802000,
      "operating_income": null,
      "net_income": 7784000,
      "opex": null,
      "cogs": 146302000,
      "rd": null,
      "sga": 9988000,
      "fcf": 12296000,
      "ocf": 13563000,
      "capex": -1267000,
      "gross_margin": 0.10847998830010237,
      "op_margin": null,
      "fcf_margin": 0.07492809437917418,
      "fcf_margin_change": 0.20727426714814368
    },
    {
      "date": "2021-07-31T00:00:00",
      "quarter_label": "2021-07 (Q3)",
      "revenue": 195843000,
      "gross_profit": 11074000,
      "operating_income": null,
      "net_income": 7876000,
      "opex": null,
      "cogs": 184769000,
      "rd": null,
      "sga": 6582000,
      "fcf": 2168000,
      "ocf": 3594000,
      "capex": -1426000,
      "gross_margin": 0.05654529393442707,
      "op_margin": null,
      "fcf_margin": 0.011070091859295457,
      "fcf_margin_change": -0.06385800251987872
    },
    {
      "date": "2021-10-31T00:00:00",
      "quarter_label": "2021-10 (Q4)",
      "revenue": 203066000,
      "gross_profit": 25152000,
      "operating_income": null,
      "net_income": 15278000,
      "opex": null,
      "cogs": 177914000,
      "rd": null,
      "sga": 6310000,
      "fcf": 31722000,
      "ocf": 33274000,
      "capex": -1552000,
      "gross_margin": 0.123861207686171,
      "op_margin": null,
      "fcf_margin": 0.15621522066717225,
      "fcf_margin_change": 0.1451451288078768
    },
    {
      "date": "2022-01-31T00:00:00",
      "quarter_label": "2022-01 (Q1)",
      "revenue": 212016000,
      "gross_profit": 38777000,
      "operating_income": null,
      "net_income": 21426000,
      "opex": null,
      "cogs": 173239000,
      "rd": null,
      "sga": 6032000,
      "fcf": 40399000,
      "ocf": 41280000,
      "capex": -881000,
      "gross_margin": 0.1828965738434835,
      "op_margin": null,
      "fcf_margin": 0.19054693985359594,
      "rev_growth_yoy": 0.6824263200495168,
      "fcf_margin_change": 0.03433171918642369
    },
    {
      "date": "2022-04-30T00:00:00",
      "quarter_label": "2022-04 (Q2)",
      "revenue": 194228000,
      "gross_profit": 11912000,
      "operating_income": null,
      "net_income": 5182000,
      "opex": null,
      "cogs": 182316000,
      "rd": null,
      "sga": 5203000,
      "fcf": -19141000,
      "ocf": -17679000,
      "capex": -1462000,
      "gross_margin": 0.06132998331857405,
      "op_margin": null,
      "fcf_margin": -0.09854912782914925,
      "rev_growth_yoy": 0.18356651879296057,
      "rev_growth_yoy_accel": -0.49885980125655616,
      "fcf_margin_change": -0.2890960676827452
    },
    {
      "date": "2022-07-31T00:00:00",
      "quarter_label": "2022-07 (Q3)",
      "revenue": 240328000,
      "gross_profit": 16584000,
      "operating_income": null,
      "net_income": 11170000,
      "opex": null,
      "cogs": 223744000,
      "rd": null,
      "sga": 9148000,
      "fcf": 16976000,
      "ocf": 18450000,
      "capex": -1474000,
      "gross_margin": 0.0690056922206318,
      "op_margin": null,
      "fcf_margin": 0.07063679637828302,
      "rev_growth_yoy": 0.22714623448374463,
      "rev_growth_yoy_accel": 0.04357971569078406,
      "fcf_margin_change": 0.16918592420743228
    },
    {
      "date": "2022-10-31T00:00:00",
      "quarter_label": "2022-10 (Q4)",
      "revenue": 220277000,
      "gross_profit": 11336000,
      "operating_income": null,
      "net_income": 3184000,
      "opex": null,
      "cogs": 208941000,
      "rd": null,
      "sga": 7886000,
      "fcf": 48977000,
      "ocf": 53223000,
      "capex": -4246000,
      "gross_margin": 0.051462476790586395,
      "op_margin": null,
      "fcf_margin": 0.22234277750287137,
      "rev_growth_yoy": 0.08475569519269598,
      "rev_growth_yoy_accel": -0.14239053929104867,
      "fcf_margin_change": 0.15170598112458836
    },
    {
      "date": "2023-01-31T00:00:00",
      "quarter_label": "2023-01 (Q1)",
      "revenue": 200167000,
      "gross_profit": 14899000,
      "operating_income": null,
      "net_income": 8161000,
      "opex": null,
      "cogs": 191397000,
      "rd": null,
      "sga": 6719000,
      "fcf": -7595000,
      "ocf": 801000,
      "capex": -8396000,
      "gross_margin": 0.07443284857144285,
      "op_margin": null,
      "fcf_margin": -0.037943317330029425,
      "rev_growth_yoy": -0.055887291525167915,
      "rev_growth_yoy_accel": -0.1406429867178639,
      "fcf_margin_change": -0.26028609483290077
    },
    {
      "date": "2023-04-30T00:00:00",
      "quarter_label": "2023-04 (Q2)",
      "revenue": 212714000,
      "gross_profit": 15029000,
      "operating_income": null,
      "net_income": 5236000,
      "opex": null,
      "cogs": 197685000,
      "rd": null,
      "sga": 10632000,
      "fcf": -18205000,
      "ocf": -14006000,
      "capex": -4199000,
      "gross_margin": 0.07065355359778858,
      "op_margin": null,
      "fcf_margin": -0.08558439971040928,
      "rev_growth_yoy": 0.09517680252074881,
      "rev_growth_yoy_accel": 0.15106409404591672,
      "fcf_margin_change": -0.047641082380379854
    },
    {
      "date": "2023-07-31T00:00:00",
      "quarter_label": "2023-07 (Q3)",
      "revenue": 211977000,
      "gross_profit": 18352000,
      "operating_income": null,
      "net_income": 9055000,
      "opex": null,
      "cogs": 193625000,
      "rd": null,
      "sga": 8618000,
      "fcf": 16660000,
      "ocf": 20634000,
      "capex": -3974000,
      "gross_margin": 0.08657543035329304,
      "op_margin": null,
      "fcf_margin": 0.07859343230633511,
      "rev_growth_yoy": -0.11796794381012617,
      "rev_growth_yoy_accel": -0.213144746330875,
      "fcf_margin_change": 0.1641778320167444
    },
    {
      "date": "2023-10-31T00:00:00",
      "quarter_label": "2023-10 (Q4)",
      "revenue": 221079000,
      "gross_profit": 39290000,
      "operating_income": null,
      "net_income": 31642000,
      "opex": null,
      "cogs": 181789000,
      "rd": null,
      "sga": 7609000,
      "fcf": 44650000,
      "ocf": 58836000,
      "capex": -14186000,
      "gross_margin": 0.17771927681959843,
      "op_margin": null,
      "fcf_margin": 0.20196400381763985,
      "rev_growth_yoy": 0.003640870358684747,
      "rev_growth_yoy_accel": 0.12160881416881092,
      "fcf_margin_change": 0.12337057151130473
    },
    {
      "date": "2024-01-31T00:00:00",
      "quarter_label": "2024-01 (Q1)",
      "revenue": 187614000,
      "gross_profit": 30410000,
      "operating_income": null,
      "net_income": 10309000,
      "opex": null,
      "cogs": 157204000,
      "rd": null,
      "sga": 7383000,
      "fcf": 47202000,
      "ocf": 62506000,
      "capex": -15304000,
      "gross_margin": 0.16208811709147505,
      "op_margin": null,
      "fcf_margin": 0.2515910326521475,
      "rev_growth_yoy": -0.06271263494981691,
      "rev_growth_yoy_accel": -0.06635350530850166,
      "fcf_margin_change": 0.04962702883450765
    },
    {
      "date": "2024-04-30T00:00:00",
      "quarter_label": "2024-04 (Q2)",
      "revenue": 161231000,
      "gross_profit": 14451000,
      "operating_income": null,
      "net_income": null,
      "opex": null,
      "cogs": 146780000,
      "rd": null,
      "sga": 6111000,
      "fcf": -27095000,
      "ocf": -2263000,
      "capex": -24832000,
      "gross_margin": 0.08962916560711029,
      "op_margin": null,
      "fcf_margin": -0.1680508090875824,
      "rev_growth_yoy": -0.2420292035315024,
      "rev_growth_yoy_accel": -0.1793165685816855,
      "fcf_margin_change": -0.4196418417397299
    },
    {
      "date": "2024-07-31T00:00:00",
      "quarter_label": "2024-07 (Q3)",
      "revenue": 148155000,
      "gross_profit": 19773000,
      "operating_income": null,
      "net_income": null,
      "opex": null,
      "cogs": 128382000,
      "rd": null,
      "sga": 6440000,
      "fcf": -7416000,
      "ocf": 7971000,
      "capex": -15387000,
      "gross_margin": 0.13346157740204515,
      "op_margin": null,
      "fcf_margin": -0.05005568492457224,
      "rev_growth_yoy": -0.30107983413294837,
      "rev_growth_yoy_accel": -0.05905063060144597,
      "fcf_margin_change": 0.11799512416301017
    },
    {
      "date": "2024-10-31T00:00:00",
      "quarter_label": "2024-10 (Q4)",
      "revenue": 174877000,
      "gross_profit": 39681000,
      "operating_income": null,
      "net_income": null,
      "opex": null,
      "cogs": 135196000,
      "rd": null,
      "sga": 8426000,
      "fcf": 18189000,
      "ocf": 33398000,
      "capex": -15209000,
      "gross_margin": 0.22690805537606432,
      "op_margin": null,
      "fcf_margin": 0.10401024720231934,
      "rev_growth_yoy": -0.2089841187991623,
      "rev_growth_yoy_accel": 0.09209571533378608,
      "fcf_margin_change": 0.15406593212689157
    },
    {
      "date": "2025-01-31T00:00:00",
      "quarter_label": "2025-01 (Q1)",
      "revenue": 158228000,
      "gross_profit": 17572000,
      "operating_income": null,
      "net_income": null,
      "opex": null,
      "cogs": 140656000,
      "rd": null,
      "sga": 6171000,
      "fcf": 9196000,
      "ocf": 25086000,
      "capex": -15890000,
      "gross_margin": 0.11105493338726395,
      "op_margin": null,
      "fcf_margin": 0.05811866420608236,
      "rev_growth_yoy": -0.15663010223117677,
      "rev_growth_yoy_accel": 0.05235401656798552,
      "fcf_margin_change": -0.04589158299623698
    },
    {
      "date": "2025-04-30T00:00:00",
      "quarter_label": "2025-04 (Q2)",
      "revenue": 158340000,
      "gross_profit": 14342000,
      "operating_income": null,
      "net_income": null,
      "opex": null,
      "cogs": 143998000,
      "rd": null,
      "sga": 5944000,
      "fcf": -10376000,
      "ocf": -3476000,
      "capex": -6900000,
      "gross_margin": 0.09057723885310093,
      "op_margin": null,
      "fcf_margin": -0.06552987242642415,
      "rev_growth_yoy": -0.01793079494638128,
      "rev_growth_yoy_accel": 0.1386993072847955,
      "fcf_margin_change": -0.12364853663250651
    },
    {
      "date": "2025-07-31T00:00:00",
      "quarter_label": "2025-07 (Q3)",
      "revenue": 158563000,
      "gross_profit": 14319000,
      "operating_income": null,
      "net_income": null,
      "opex": null,
      "cogs": 144244000,
      "rd": null,
      "sga": 6201000,
      "fcf": -5740000,
      "ocf": 16284000,
      "capex": -22024000,
      "gross_margin": 0.09030479998486406,
      "op_margin": null,
      "fcf_margin": -0.03620012234884557,
      "rev_growth_yoy": 0.07025075090277075,
      "rev_growth_yoy_accel": 0.08818154584915203,
      "fcf_margin_change": 0.029329750077578577
    },
    {
      "date": "2025-10-31T00:00:00",
      "quarter_label": "2025-10 (Q4)",
      "revenue": 175625000,
      "gross_profit": 36132000,
      "operating_income": null,
      "net_income": null,
      "opex": null,
      "cogs": 139493000,
      "rd": null,
      "sga": 8214000,
      "fcf": 24510000,
      "ocf": 51239000,
      "capex": -26729000,
      "gross_margin": 0.2057338078291815,
      "op_margin": null,
      "fcf_margin": 0.13955871886120996,
      "rev_growth_yoy": 0.004277292039547797,
      "rev_growth_yoy_accel": -0.06597345886322295,
      "fcf_margin_change": 0.17575884121005553
    }
  ],
  "signals": [
    {
      "quarter": "2025-10 (Q4)",
      "signal": "FCF TURNED POSITIVE",
      "detail": "FCF margin: -3.6% -> +14.0%",
      "severity": "HIGH"
    },
    {
      "quarter": "2025-10 (Q4)",
      "signal": "GROSS MARGIN INFLECTION",
      "detail": "GM: +9.1% -> +9.0% -> +20.6% (reversal +11.5%)",
      "severity": "HIGH"
    },
    {
      "quarter": "2025-10 (Q4)",
      "signal": "YoY REVENUE GROWTH DECELERATION",
      "detail": "YoY growth: +0.4% vs prior quarter YoY: +7.0% (decel: -6.6%)",
      "severity": "WARNING"
    },
    {
      "quarter": "2025-07 (Q3)",
      "signal": "YoY REVENUE GROWTH ACCELERATION",
      "detail": "YoY growth: +7.0% vs prior quarter YoY: -1.8% (accel: +8.8%)",
      "severity": "MEDIUM"
    },
    {
      "quarter": "2025-04 (Q2)",
      "signal": "YoY REVENUE GROWTH ACCELERATION",
      "detail": "YoY growth: -1.8% vs prior quarter YoY: -15.7% (accel: +13.9%)",
      "severity": "MEDIUM"
    },
    {
      "quarter": "2025-01 (Q1)",
      "signal": "YoY REVENUE GROWTH ACCELERATION",
      "detail": "YoY growth: -15.7% vs prior quarter YoY: -20.9% (accel: +5.2%)",
      "severity": "MEDIUM"
    },
    {
      "quarter": "2024-10 (Q4)",
      "signal": "FCF TURNED POSITIVE",
      "detail": "FCF margin: -5.0% -> +10.4%",
      "severity": "HIGH"
    },
    {
      "quarter": "2024-10 (Q4)",
      "signal": "YoY REVENUE GROWTH ACCELERATION",
      "detail": "YoY growth: -20.9% vs prior quarter YoY: -30.1% (accel: +9.2%)",
      "severity": "MEDIUM"
    },
    {
      "quarter": "2024-07 (Q3)",
      "signal": "FCF MARGIN EXPANSION",
      "detail": "FCF margin: -16.8% -> -5.0% (+11.8%)",
      "severity": "MEDIUM"
    },
    {
      "quarter": "2024-07 (Q3)",
      "signal": "GROSS MARGIN INFLECTION",
      "detail": "GM: +16.2% -> +9.0% -> +13.3% (reversal +4.4%)",
      "severity": "MEDIUM"
    },
    {
      "quarter": "2024-07 (Q3)",
      "signal": "YoY REVENUE GROWTH DECELERATION",
      "detail": "YoY growth: -30.1% vs prior quarter YoY: -24.2% (decel: -5.9%)",
      "severity": "WARNING"
    },
    {
      "quarter": "2024-04 (Q2)",
      "signal": "YoY REVENUE GROWTH DECELERATION",
      "detail": "YoY growth: -24.2% vs prior quarter YoY: -6.3% (decel: -17.9%)",
      "severity": "WARNING"
    },
    {
      "quarter": "2024-01 (Q1)",
      "signal": "YoY REVENUE GROWTH DECELERATION",
      "detail": "YoY growth: -6.3% vs prior quarter YoY: +0.4% (decel: -6.6%)",
      "severity": "WARNING"
    },
    {
      "quarter": "2023-10 (Q4)",
      "signal": "FCF MARGIN EXPANSION",
      "detail": "FCF margin: +7.9% -> +20.2% (+12.3%)",
      "severity": "MEDIUM"
    },
    {
      "quarter": "2023-10 (Q4)",
      "signal": "YoY REVENUE GROWTH ACCELERATION",
      "detail": "YoY growth: +0.4% vs prior quarter YoY: -11.8% (accel: +12.2%)",
      "severity": "MEDIUM"
    },
    {
      "quarter": "2023-07 (Q3)",
      "signal": "FCF TURNED POSITIVE",
      "detail": "FCF margin: -8.6% -> +7.9%",
      "severity": "HIGH"
    },
    {
      "quarter": "2023-07 (Q3)",
      "signal": "YoY REVENUE GROWTH DECELERATION",
      "detail": "YoY growth: -11.8% vs prior quarter YoY: +9.5% (decel: -21.3%)",
      "severity": "WARNING"
    },
    {
      "quarter": "2023-04 (Q2)",
      "signal": "YoY REVENUE GROWTH ACCELERATION",
      "detail": "YoY growth: +9.5% vs prior quarter YoY: -5.6% (accel: +15.1%)",
      "severity": "HIGH"
    },
    {
      "quarter": "2023-01 (Q1)",
      "signal": "GROSS MARGIN INFLECTION",
      "detail": "GM: +6.9% -> +5.1% -> +7.4% (reversal +2.3%)",
      "severity": "MEDIUM"
    },
    {
      "quarter": "2023-01 (Q1)",
      "signal": "YoY REVENUE GROWTH DECELERATION",
      "detail": "YoY growth: -5.6% vs prior quarter YoY: +8.5% (decel: -14.1%)",
      "severity": "WARNING"
    },
    {
      "quarter": "2022-10 (Q4)",
      "signal": "FCF MARGIN EXPANSION",
      "detail": "FCF margin: +7.1% -> +22.2% (+15.2%)",
      "severity": "MEDIUM"
    },
    {
      "quarter": "2022-10 (Q4)",
      "signal": "YoY REVENUE GROWTH DECELERATION",
      "detail": "YoY growth: +8.5% vs prior quarter YoY: +22.7% (decel: -14.2%)",
      "severity": "WARNING"
    },
    {
      "quarter": "2022-07 (Q3)",
      "signal": "FCF TURNED POSITIVE",
      "detail": "FCF margin: -9.9% -> +7.1%",
      "severity": "HIGH"
    },
    {
      "quarter": "2022-04 (Q2)",
      "signal": "YoY REVENUE GROWTH DECELERATION",
      "detail": "YoY growth: +18.4% vs prior quarter YoY: +68.2% (decel: -49.9%)",
      "severity": "WARNING"
    },
    {
      "quarter": "2021-10 (Q4)",
      "signal": "FCF MARGIN EXPANSION",
      "detail": "FCF margin: +1.1% -> +15.6% (+14.5%)",
      "severity": "MEDIUM"
    },
    {
      "quarter": "2021-10 (Q4)",
      "signal": "GROSS MARGIN INFLECTION",
      "detail": "GM: +10.8% -> +5.7% -> +12.4% (reversal +6.7%)",
      "severity": "HIGH"
    },
    {
      "quarter": "2021-04 (Q2)",
      "signal": "FCF TURNED POSITIVE",
      "detail": "FCF margin: -13.2% -> +7.5%",
      "severity": "HIGH"
    }
  ],
  "data_quality": {
    "n_quarters": 20,
    "coverage": {
      "revenue": [
        20,
        20
      ],
      "gross_profit": [
        20,
        20
      ],
      "op_income": [
        0,
        20
      ],
      "fcf": [
        20,
        20
      ]
    },
    "gaps": [],
    "warnings": [
      "op_income: no data"
    ]
  },
  "market_cap": null,
  "source": "SEC EDGAR",
  "last_updated": "2026-02-02T21:58:06.194974"
}