{
  "ticker": "REXR-PC",
  "name": "Rexford Industrial Realty, Inc.",
  "quarters": [
    {
      "date": "2020-12-31T00:00:00",
      "quarter_label": "2020-12 (Q4)",
      "revenue": 88649000,
      "gross_profit": null,
      "operating_income": null,
      "net_income": 16995000,
      "opex": 61630000,
      "cogs": null,
      "rd": null,
      "sga": null,
      "fcf": 36346000,
      "ocf": 36346000,
      "capex": null,
      "gross_margin": null,
      "op_margin": null,
      "fcf_margin": 0.40999898476012137
    },
    {
      "date": "2021-03-31T00:00:00",
      "quarter_label": "2021-03 (Q1)",
      "revenue": 99763000,
      "gross_profit": null,
      "operating_income": null,
      "net_income": 28674000,
      "opex": 70199000,
      "cogs": null,
      "rd": null,
      "sga": null,
      "fcf": 36376000,
      "ocf": 36376000,
      "capex": null,
      "gross_margin": null,
      "op_margin": null,
      "fcf_margin": 0.36462415925744013,
      "op_leverage_ratio": 0.9016927471875736,
      "fcf_margin_change": -0.04537482550268124
    },
    {
      "date": "2021-06-30T00:00:00",
      "quarter_label": "2021-06 (Q2)",
      "revenue": 104360000,
      "gross_profit": null,
      "operating_income": null,
      "net_income": 24327000,
      "opex": 71478000,
      "cogs": null,
      "rd": null,
      "sga": null,
      "fcf": 65301000,
      "ocf": 65301000,
      "capex": null,
      "gross_margin": null,
      "op_margin": null,
      "fcf_margin": 0.6257282483710234,
      "op_leverage_ratio": 2.529096405705917,
      "fcf_margin_change": 0.26110408911358324
    },
    {
      "date": "2021-09-30T00:00:00",
      "quarter_label": "2021-09 (Q3)",
      "revenue": 115403000,
      "gross_profit": null,
      "operating_income": null,
      "net_income": 38013000,
      "opex": 77983000,
      "cogs": null,
      "rd": null,
      "sga": null,
      "fcf": 78266000,
      "ocf": 78266000,
      "capex": null,
      "gross_margin": null,
      "op_margin": null,
      "fcf_margin": 0.6781972739010251,
      "op_leverage_ratio": 1.1627278983734246,
      "fcf_margin_change": 0.05246902553000177
    },
    {
      "date": "2021-12-31T00:00:00",
      "quarter_label": "2021-12 (Q4)",
      "revenue": 132712000,
      "gross_profit": null,
      "operating_income": null,
      "net_income": 37227000,
      "opex": 88320000,
      "cogs": null,
      "rd": null,
      "sga": null,
      "fcf": 51520000,
      "ocf": 51520000,
      "capex": null,
      "gross_margin": null,
      "op_margin": null,
      "fcf_margin": 0.3882090541925372,
      "rev_growth_yoy": 0.49705016413044706,
      "op_leverage_ratio": 1.131514962731252,
      "fcf_margin_change": -0.2899882197084879
    },
    {
      "date": "2022-03-31T00:00:00",
      "quarter_label": "2022-03 (Q1)",
      "revenue": 140752000,
      "gross_profit": null,
      "operating_income": null,
      "net_income": 46416000,
      "opex": 90617000,
      "cogs": null,
      "rd": null,
      "sga": null,
      "fcf": 91592000,
      "ocf": 91592000,
      "capex": null,
      "gross_margin": null,
      "op_margin": null,
      "fcf_margin": 0.6507332045015346,
      "rev_growth_yoy": 0.410863747080581,
      "rev_growth_yoy_accel": -0.08618641704986607,
      "op_leverage_ratio": 2.3293991882888236,
      "fcf_margin_change": 0.2625241503089974
    },
    {
      "date": "2022-06-30T00:00:00",
      "quarter_label": "2022-06 (Q2)",
      "revenue": 149118000,
      "gross_profit": null,
      "operating_income": null,
      "net_income": 38611000,
      "opex": 96877000,
      "cogs": null,
      "rd": null,
      "sga": null,
      "fcf": 71315000,
      "ocf": 71315000,
      "capex": null,
      "gross_margin": null,
      "op_margin": null,
      "fcf_margin": 0.47824541638165746,
      "rev_growth_yoy": 0.42888079724032196,
      "rev_growth_yoy_accel": 0.018017050159740977,
      "op_leverage_ratio": 0.8603964950838234,
      "fcf_margin_change": -0.17248778811987714
    },
    {
      "date": "2022-09-30T00:00:00",
      "quarter_label": "2022-09 (Q3)",
      "revenue": 162747000,
      "gross_profit": null,
      "operating_income": null,
      "net_income": 39280000,
      "opex": 105711000,
      "cogs": null,
      "rd": null,
      "sga": null,
      "fcf": 98036000,
      "ocf": 98036000,
      "capex": null,
      "gross_margin": null,
      "op_margin": null,
      "fcf_margin": 0.6023828396222357,
      "rev_growth_yoy": 0.4102493002781557,
      "rev_growth_yoy_accel": -0.01863149696216626,
      "op_leverage_ratio": 1.0022987942477362,
      "fcf_margin_change": 0.12413742324057825
    },
    {
      "date": "2022-12-31T00:00:00",
      "quarter_label": "2022-12 (Q4)",
      "revenue": 178587000,
      "gross_profit": null,
      "operating_income": null,
      "net_income": 43277000,
      "opex": 118356000,
      "cogs": null,
      "rd": null,
      "sga": null,
      "fcf": 66752000,
      "ocf": 66752000,
      "capex": null,
      "gross_margin": null,
      "op_margin": null,
      "fcf_margin": 0.3737786065055127,
      "rev_growth_yoy": 0.34567333775393333,
      "rev_growth_yoy_accel": -0.06457596252422237,
      "op_leverage_ratio": 0.8136610616303406,
      "fcf_margin_change": -0.228604233116723
    },
    {
      "date": "2023-03-31T00:00:00",
      "quarter_label": "2023-03 (Q1)",
      "revenue": 186236000,
      "gross_profit": null,
      "operating_income": null,
      "net_income": 60506000,
      "opex": 120451000,
      "cogs": null,
      "rd": null,
      "sga": null,
      "fcf": 119506000,
      "ocf": 119506000,
      "capex": null,
      "gross_margin": null,
      "op_margin": null,
      "fcf_margin": 0.6416911875255052,
      "rev_growth_yoy": 0.3231499374786859,
      "rev_growth_yoy_accel": -0.022523400275247407,
      "op_leverage_ratio": 2.419697473215658,
      "fcf_margin_change": 0.26791258101999255
    },
    {
      "date": "2023-06-30T00:00:00",
      "quarter_label": "2023-06 (Q2)",
      "revenue": 195766000,
      "gross_profit": null,
      "operating_income": null,
      "net_income": 54193000,
      "opex": 121370000,
      "cogs": null,
      "rd": null,
      "sga": null,
      "fcf": 83183000,
      "ocf": 83183000,
      "capex": null,
      "gross_margin": null,
      "op_margin": null,
      "fcf_margin": 0.42491035215512396,
      "rev_growth_yoy": 0.31282608404082674,
      "rev_growth_yoy_accel": -0.010323853437859187,
      "op_leverage_ratio": 6.706936027277545,
      "fcf_margin_change": -0.2167808353703813
    },
    {
      "date": "2023-09-30T00:00:00",
      "quarter_label": "2023-09 (Q3)",
      "revenue": 205399000,
      "gross_profit": null,
      "operating_income": null,
      "net_income": 58966000,
      "opex": 127109000,
      "cogs": null,
      "rd": null,
      "sga": null,
      "fcf": 108872000,
      "ocf": 108872000,
      "capex": null,
      "gross_margin": null,
      "op_margin": null,
      "fcf_margin": 0.5300512660723762,
      "rev_growth_yoy": 0.26207549140690767,
      "rev_growth_yoy_accel": -0.05075059263391907,
      "op_leverage_ratio": 1.0406373763733492,
      "fcf_margin_change": 0.10514091391725222
    },
    {
      "date": "2023-12-31T00:00:00",
      "quarter_label": "2023-12 (Q4)",
      "revenue": 210425000,
      "gross_profit": null,
      "operating_income": null,
      "net_income": 64351000,
      "opex": 135086000,
      "cogs": null,
      "rd": null,
      "sga": null,
      "fcf": 115987000,
      "ocf": 115987000,
      "capex": null,
      "gross_margin": null,
      "op_margin": null,
      "fcf_margin": 0.5512035166924082,
      "rev_growth_yoy": 0.1782772542234317,
      "rev_growth_yoy_accel": -0.08379823718347595,
      "op_leverage_ratio": 0.38990685384976276,
      "fcf_margin_change": 0.02115225062003201
    },
    {
      "date": "2024-03-31T00:00:00",
      "quarter_label": "2024-03 (Q1)",
      "revenue": 214096000,
      "gross_profit": null,
      "operating_income": null,
      "net_income": 61371000,
      "opex": 133740000,
      "cogs": null,
      "rd": null,
      "sga": null,
      "fcf": 133756000,
      "ocf": 133756000,
      "capex": null,
      "gross_margin": null,
      "op_margin": null,
      "fcf_margin": 0.6247477766983036,
      "rev_growth_yoy": 0.14959513735260638,
      "rev_growth_yoy_accel": -0.028682116870825336,
      "op_leverage_ratio": Infinity,
      "fcf_margin_change": 0.07354426000589542
    },
    {
      "date": "2024-06-30T00:00:00",
      "quarter_label": "2024-06 (Q2)",
      "revenue": 237573000,
      "gross_profit": null,
      "operating_income": null,
      "net_income": 82476000,
      "opex": 139108000,
      "cogs": null,
      "rd": null,
      "sga": null,
      "fcf": 101663000,
      "ocf": 101663000,
      "capex": null,
      "gross_margin": null,
      "op_margin": null,
      "fcf_margin": 0.42792320676171114,
      "rev_growth_yoy": 0.21355598009868926,
      "rev_growth_yoy_accel": 0.06396084274608288,
      "op_leverage_ratio": 2.732013608586635,
      "fcf_margin_change": -0.19682456993659248
    },
    {
      "date": "2024-09-30T00:00:00",
      "quarter_label": "2024-09 (Q3)",
      "revenue": 241843000,
      "gross_profit": null,
      "operating_income": null,
      "net_income": 67770000,
      "opex": 145034000,
      "cogs": null,
      "rd": null,
      "sga": null,
      "fcf": 127242000,
      "ocf": 127242000,
      "capex": null,
      "gross_margin": null,
      "op_margin": null,
      "fcf_margin": 0.526134723767072,
      "rev_growth_yoy": 0.17743026986499447,
      "rev_growth_yoy_accel": -0.03612571023369479,
      "op_leverage_ratio": 0.42191139277425704,
      "fcf_margin_change": 0.0982115170053609
    },
    {
      "date": "2024-12-31T00:00:00",
      "quarter_label": "2024-12 (Q4)",
      "revenue": 242895000,
      "gross_profit": null,
      "operating_income": null,
      "net_income": 62185000,
      "opex": 149778000,
      "cogs": null,
      "rd": null,
      "sga": null,
      "fcf": 116256000,
      "ocf": 116256000,
      "capex": null,
      "gross_margin": null,
      "op_margin": null,
      "fcf_margin": 0.4786265670351386,
      "rev_growth_yoy": 0.15430676012831174,
      "rev_growth_yoy_accel": -0.02312350973668273,
      "fcf_margin_change": -0.047508156731933426
    },
    {
      "date": "2025-03-31T00:00:00",
      "quarter_label": "2025-03 (Q1)",
      "revenue": 252287000,
      "gross_profit": null,
      "operating_income": null,
      "net_income": 71199000,
      "opex": 161869000,
      "cogs": null,
      "rd": null,
      "sga": null,
      "fcf": 152551000,
      "ocf": 152551000,
      "capex": null,
      "gross_margin": null,
      "op_margin": null,
      "fcf_margin": 0.6046724563691351,
      "rev_growth_yoy": 0.1783825947238622,
      "rev_growth_yoy_accel": 0.02407583459555046,
      "op_leverage_ratio": 0.4789887518161527,
      "fcf_margin_change": 0.12604588933399652
    },
    {
      "date": "2025-06-30T00:00:00",
      "quarter_label": "2025-06 (Q2)",
      "revenue": 249507000,
      "gross_profit": null,
      "operating_income": null,
      "net_income": 116334000,
      "opex": 146238000,
      "cogs": null,
      "rd": null,
      "sga": null,
      "fcf": 128157000,
      "ocf": 128157000,
      "capex": null,
      "gross_margin": null,
      "op_margin": null,
      "fcf_margin": 0.5136408998545131,
      "rev_growth_yoy": 0.05023298102057052,
      "rev_growth_yoy_accel": -0.12814961370329167,
      "fcf_margin_change": -0.09103155651462203
    },
    {
      "date": "2025-09-30T00:00:00",
      "quarter_label": "2025-09 (Q3)",
      "revenue": 253242000,
      "gross_profit": null,
      "operating_income": null,
      "net_income": 89919000,
      "opex": 159088000,
      "cogs": null,
      "rd": null,
      "sga": null,
      "fcf": 149632000,
      "ocf": 149632000,
      "capex": null,
      "gross_margin": null,
      "op_margin": null,
      "fcf_margin": 0.5908656541963814,
      "rev_growth_yoy": 0.04713388437953548,
      "rev_growth_yoy_accel": -0.00309909664103504,
      "op_leverage_ratio": 0.17035896110086288,
      "fcf_margin_change": 0.07722475434186826
    }
  ],
  "signals": [
    {
      "quarter": "2025-09 (Q3)",
      "signal": "FCF MARGIN EXPANSION",
      "detail": "FCF margin: +51.4% -> +59.1% (+7.7%)",
      "severity": "MEDIUM"
    },
    {
      "quarter": "2025-06 (Q2)",
      "signal": "YoY REVENUE GROWTH DECELERATION",
      "detail": "YoY growth: +5.0% vs prior quarter YoY: +17.8% (decel: -12.8%)",
      "severity": "WARNING"
    },
    {
      "quarter": "2025-03 (Q1)",
      "signal": "FCF MARGIN EXPANSION",
      "detail": "FCF margin: +47.9% -> +60.5% (+12.6%)",
      "severity": "MEDIUM"
    },
    {
      "quarter": "2024-09 (Q3)",
      "signal": "FCF MARGIN EXPANSION",
      "detail": "FCF margin: +42.8% -> +52.6% (+9.8%)",
      "severity": "MEDIUM"
    },
    {
      "quarter": "2024-06 (Q2)",
      "signal": "OPERATING LEVERAGE",
      "detail": "Rev growth +11.0% vs OpEx growth +4.0% (leverage: 2.7x)",
      "severity": "MEDIUM"
    },
    {
      "quarter": "2024-06 (Q2)",
      "signal": "YoY REVENUE GROWTH ACCELERATION",
      "detail": "YoY growth: +21.4% vs prior quarter YoY: +15.0% (accel: +6.4%)",
      "severity": "MEDIUM"
    },
    {
      "quarter": "2024-03 (Q1)",
      "signal": "FCF MARGIN EXPANSION",
      "detail": "FCF margin: +55.1% -> +62.5% (+7.4%)",
      "severity": "MEDIUM"
    },
    {
      "quarter": "2023-12 (Q4)",
      "signal": "YoY REVENUE GROWTH DECELERATION",
      "detail": "YoY growth: +17.8% vs prior quarter YoY: +26.2% (decel: -8.4%)",
      "severity": "WARNING"
    },
    {
      "quarter": "2023-09 (Q3)",
      "signal": "FCF MARGIN EXPANSION",
      "detail": "FCF margin: +42.5% -> +53.0% (+10.5%)",
      "severity": "MEDIUM"
    },
    {
      "quarter": "2023-09 (Q3)",
      "signal": "YoY REVENUE GROWTH DECELERATION",
      "detail": "YoY growth: +26.2% vs prior quarter YoY: +31.3% (decel: -5.1%)",
      "severity": "WARNING"
    },
    {
      "quarter": "2023-06 (Q2)",
      "signal": "OPERATING LEVERAGE",
      "detail": "Rev growth +5.1% vs OpEx growth +0.8% (leverage: 6.7x)",
      "severity": "MEDIUM"
    },
    {
      "quarter": "2023-03 (Q1)",
      "signal": "FCF MARGIN EXPANSION",
      "detail": "FCF margin: +37.4% -> +64.2% (+26.8%)",
      "severity": "MEDIUM"
    },
    {
      "quarter": "2023-03 (Q1)",
      "signal": "OPERATING LEVERAGE",
      "detail": "Rev growth +4.3% vs OpEx growth +1.8% (leverage: 2.4x)",
      "severity": "MEDIUM"
    },
    {
      "quarter": "2022-12 (Q4)",
      "signal": "YoY REVENUE GROWTH DECELERATION",
      "detail": "YoY growth: +34.6% vs prior quarter YoY: +41.0% (decel: -6.5%)",
      "severity": "WARNING"
    },
    {
      "quarter": "2022-09 (Q3)",
      "signal": "FCF MARGIN EXPANSION",
      "detail": "FCF margin: +47.8% -> +60.2% (+12.4%)",
      "severity": "MEDIUM"
    },
    {
      "quarter": "2022-03 (Q1)",
      "signal": "FCF MARGIN EXPANSION",
      "detail": "FCF margin: +38.8% -> +65.1% (+26.3%)",
      "severity": "MEDIUM"
    },
    {
      "quarter": "2022-03 (Q1)",
      "signal": "OPERATING LEVERAGE",
      "detail": "Rev growth +6.1% vs OpEx growth +2.6% (leverage: 2.3x)",
      "severity": "MEDIUM"
    },
    {
      "quarter": "2022-03 (Q1)",
      "signal": "YoY REVENUE GROWTH DECELERATION",
      "detail": "YoY growth: +41.1% vs prior quarter YoY: +49.7% (decel: -8.6%)",
      "severity": "WARNING"
    },
    {
      "quarter": "2021-09 (Q3)",
      "signal": "FCF MARGIN EXPANSION",
      "detail": "FCF margin: +62.6% -> +67.8% (+5.2%)",
      "severity": "MEDIUM"
    },
    {
      "quarter": "2021-06 (Q2)",
      "signal": "FCF MARGIN EXPANSION",
      "detail": "FCF margin: +36.5% -> +62.6% (+26.1%)",
      "severity": "MEDIUM"
    },
    {
      "quarter": "2021-06 (Q2)",
      "signal": "OPERATING LEVERAGE",
      "detail": "Rev growth +4.6% vs OpEx growth +1.8% (leverage: 2.5x)",
      "severity": "MEDIUM"
    }
  ],
  "data_quality": {
    "n_quarters": 20,
    "coverage": {
      "revenue": [
        20,
        20
      ],
      "gross_profit": [
        0,
        20
      ],
      "op_income": [
        0,
        20
      ],
      "fcf": [
        20,
        20
      ]
    },
    "gaps": [],
    "warnings": [
      "gross_profit: no data",
      "op_income: no data"
    ]
  },
  "market_cap": null,
  "source": "SEC EDGAR",
  "last_updated": "2026-02-03T01:10:08.525544"
}