{
  "ticker": "REYN",
  "name": "REYNOLDS CONSUMER PRODUCTS INC.",
  "quarters": [
    {
      "date": "2020-12-31T00:00:00",
      "quarter_label": "2020-12 (Q4)",
      "revenue": 888000000,
      "gross_profit": 267000000,
      "operating_income": null,
      "net_income": 112000000,
      "opex": null,
      "cogs": 621000000,
      "rd": null,
      "sga": 98000000,
      "fcf": 114000000,
      "ocf": 172000000,
      "capex": -58000000,
      "gross_margin": 0.30067567567567566,
      "op_margin": null,
      "fcf_margin": 0.12837837837837837
    },
    {
      "date": "2021-03-31T00:00:00",
      "quarter_label": "2021-03 (Q1)",
      "revenue": 757000000,
      "gross_profit": 192000000,
      "operating_income": null,
      "net_income": 74000000,
      "opex": null,
      "cogs": 565000000,
      "rd": null,
      "sga": 78000000,
      "fcf": -14000000,
      "ocf": 9000000,
      "capex": -23000000,
      "gross_margin": 0.2536327608982827,
      "op_margin": null,
      "fcf_margin": -0.018494055482166448,
      "fcf_margin_change": -0.14687243386054483
    },
    {
      "date": "2021-06-30T00:00:00",
      "quarter_label": "2021-06 (Q2)",
      "revenue": 873000000,
      "gross_profit": 208000000,
      "operating_income": null,
      "net_income": 80000000,
      "opex": null,
      "cogs": 665000000,
      "rd": null,
      "sga": 89000000,
      "fcf": -41000000,
      "ocf": 9000000,
      "capex": -50000000,
      "gross_margin": 0.23825887743413515,
      "op_margin": null,
      "fcf_margin": -0.046964490263459335,
      "fcf_margin_change": -0.028470434781292887
    },
    {
      "date": "2021-09-30T00:00:00",
      "quarter_label": "2021-09 (Q3)",
      "revenue": 905000000,
      "gross_profit": 182000000,
      "operating_income": null,
      "net_income": 66000000,
      "opex": null,
      "cogs": 723000000,
      "rd": null,
      "sga": 77000000,
      "fcf": 76000000,
      "ocf": 104000000,
      "capex": -28000000,
      "gross_margin": 0.2011049723756906,
      "op_margin": null,
      "fcf_margin": 0.08397790055248619,
      "fcf_margin_change": 0.13094239081594553
    },
    {
      "date": "2021-12-31T00:00:00",
      "quarter_label": "2021-12 (Q4)",
      "revenue": 1022000000,
      "gross_profit": 229000000,
      "operating_income": null,
      "net_income": 104000000,
      "opex": null,
      "cogs": 793000000,
      "rd": null,
      "sga": 76000000,
      "fcf": 148000000,
      "ocf": 188000000,
      "capex": -40000000,
      "gross_margin": 0.22407045009784735,
      "op_margin": null,
      "fcf_margin": 0.14481409001956946,
      "rev_growth_yoy": 0.15090090090090091,
      "fcf_margin_change": 0.060836189467083274
    },
    {
      "date": "2022-03-31T00:00:00",
      "quarter_label": "2022-03 (Q1)",
      "revenue": 845000000,
      "gross_profit": 168000000,
      "operating_income": null,
      "net_income": 52000000,
      "opex": null,
      "cogs": 677000000,
      "rd": null,
      "sga": 83000000,
      "fcf": -9000000,
      "ocf": 19000000,
      "capex": -28000000,
      "gross_margin": 0.19881656804733727,
      "op_margin": null,
      "fcf_margin": -0.010650887573964497,
      "rev_growth_yoy": 0.11624834874504623,
      "rev_growth_yoy_accel": -0.03465255215585468,
      "fcf_margin_change": -0.15546497759353395
    },
    {
      "date": "2022-06-30T00:00:00",
      "quarter_label": "2022-06 (Q2)",
      "revenue": 917000000,
      "gross_profit": 184000000,
      "operating_income": null,
      "net_income": 52000000,
      "opex": null,
      "cogs": 733000000,
      "rd": null,
      "sga": 91000000,
      "fcf": 54000000,
      "ocf": 82000000,
      "capex": -28000000,
      "gross_margin": 0.20065430752453653,
      "op_margin": null,
      "fcf_margin": 0.05888767720828789,
      "rev_growth_yoy": 0.050400916380297825,
      "rev_growth_yoy_accel": -0.06584743236474841,
      "fcf_margin_change": 0.06953856478225239
    },
    {
      "date": "2022-09-30T00:00:00",
      "quarter_label": "2022-09 (Q3)",
      "revenue": 967000000,
      "gross_profit": 178000000,
      "operating_income": null,
      "net_income": 48000000,
      "opex": null,
      "cogs": 789000000,
      "rd": null,
      "sga": 90000000,
      "fcf": -13000000,
      "ocf": 17000000,
      "capex": -30000000,
      "gross_margin": 0.18407445708376421,
      "op_margin": null,
      "fcf_margin": -0.01344364012409514,
      "rev_growth_yoy": 0.06850828729281767,
      "rev_growth_yoy_accel": 0.01810737091251985,
      "fcf_margin_change": -0.07233131733238303
    },
    {
      "date": "2022-12-31T00:00:00",
      "quarter_label": "2022-12 (Q4)",
      "revenue": 1088000000,
      "gross_profit": 246000000,
      "operating_income": null,
      "net_income": 106000000,
      "opex": null,
      "cogs": 842000000,
      "rd": null,
      "sga": 76000000,
      "fcf": 59000000,
      "ocf": 101000000,
      "capex": -42000000,
      "gross_margin": 0.2261029411764706,
      "op_margin": null,
      "fcf_margin": 0.05422794117647059,
      "rev_growth_yoy": 0.06457925636007827,
      "rev_growth_yoy_accel": -0.0039290309327394,
      "fcf_margin_change": 0.06767158130056573
    },
    {
      "date": "2023-03-31T00:00:00",
      "quarter_label": "2023-03 (Q1)",
      "revenue": 874000000,
      "gross_profit": 155000000,
      "operating_income": null,
      "net_income": 17000000,
      "opex": null,
      "cogs": 719000000,
      "rd": null,
      "sga": 105000000,
      "fcf": 66000000,
      "ocf": 88000000,
      "capex": -22000000,
      "gross_margin": 0.17734553775743708,
      "op_margin": null,
      "fcf_margin": 0.07551487414187644,
      "rev_growth_yoy": 0.03431952662721893,
      "rev_growth_yoy_accel": -0.030259729732859342,
      "fcf_margin_change": 0.021286932965405847
    },
    {
      "date": "2023-06-30T00:00:00",
      "quarter_label": "2023-06 (Q2)",
      "revenue": 940000000,
      "gross_profit": 228000000,
      "operating_income": null,
      "net_income": 66000000,
      "opex": null,
      "cogs": 712000000,
      "rd": null,
      "sga": 107000000,
      "fcf": 90000000,
      "ocf": 119000000,
      "capex": -29000000,
      "gross_margin": 0.2425531914893617,
      "op_margin": null,
      "fcf_margin": 0.09574468085106383,
      "rev_growth_yoy": 0.025081788440567066,
      "rev_growth_yoy_accel": -0.009237738186651866,
      "fcf_margin_change": 0.020229806709187392
    },
    {
      "date": "2023-09-30T00:00:00",
      "quarter_label": "2023-09 (Q3)",
      "revenue": 935000000,
      "gross_profit": 249000000,
      "operating_income": null,
      "net_income": 78000000,
      "opex": null,
      "cogs": 686000000,
      "rd": null,
      "sga": 115000000,
      "fcf": 190000000,
      "ocf": 216000000,
      "capex": -26000000,
      "gross_margin": 0.2663101604278075,
      "op_margin": null,
      "fcf_margin": 0.20320855614973263,
      "rev_growth_yoy": -0.033092037228541885,
      "rev_growth_yoy_accel": -0.05817382566910895,
      "fcf_margin_change": 0.1074638752986688
    },
    {
      "date": "2023-12-31T00:00:00",
      "quarter_label": "2023-12 (Q4)",
      "revenue": 1006000000,
      "gross_profit": 309000000,
      "operating_income": null,
      "net_income": 137000000,
      "opex": null,
      "cogs": 697000000,
      "rd": null,
      "sga": 103000000,
      "fcf": 194000000,
      "ocf": 221000000,
      "capex": -27000000,
      "gross_margin": 0.3071570576540755,
      "op_margin": null,
      "fcf_margin": 0.19284294234592445,
      "rev_growth_yoy": -0.07536764705882353,
      "rev_growth_yoy_accel": -0.04227560983028164,
      "fcf_margin_change": -0.010365613803808182
    },
    {
      "date": "2024-03-31T00:00:00",
      "quarter_label": "2024-03 (Q1)",
      "revenue": 833000000,
      "gross_profit": 201000000,
      "operating_income": null,
      "net_income": 49000000,
      "opex": null,
      "cogs": 632000000,
      "rd": null,
      "sga": 111000000,
      "fcf": 70000000,
      "ocf": 99000000,
      "capex": -29000000,
      "gross_margin": 0.24129651860744297,
      "op_margin": null,
      "fcf_margin": 0.08403361344537816,
      "rev_growth_yoy": -0.04691075514874142,
      "rev_growth_yoy_accel": 0.028456891910082105,
      "fcf_margin_change": -0.10880932890054629
    },
    {
      "date": "2024-06-30T00:00:00",
      "quarter_label": "2024-06 (Q2)",
      "revenue": 930000000,
      "gross_profit": 256000000,
      "operating_income": null,
      "net_income": 97000000,
      "opex": null,
      "cogs": 674000000,
      "rd": null,
      "sga": 116000000,
      "fcf": 65000000,
      "ocf": 84000000,
      "capex": -19000000,
      "gross_margin": 0.2752688172043011,
      "op_margin": null,
      "fcf_margin": 0.06989247311827956,
      "rev_growth_yoy": -0.010638297872340425,
      "rev_growth_yoy_accel": 0.03627245727640099,
      "fcf_margin_change": -0.014141140327098595
    },
    {
      "date": "2024-09-30T00:00:00",
      "quarter_label": "2024-09 (Q3)",
      "revenue": 910000000,
      "gross_profit": 239000000,
      "operating_income": null,
      "net_income": 86000000,
      "opex": null,
      "cogs": 671000000,
      "rd": null,
      "sga": 101000000,
      "fcf": 93000000,
      "ocf": 124000000,
      "capex": -31000000,
      "gross_margin": 0.26263736263736265,
      "op_margin": null,
      "fcf_margin": 0.1021978021978022,
      "rev_growth_yoy": -0.026737967914438502,
      "rev_growth_yoy_accel": -0.01609967004209808,
      "fcf_margin_change": 0.03230532907952263
    },
    {
      "date": "2024-12-31T00:00:00",
      "quarter_label": "2024-12 (Q4)",
      "revenue": 1020000000,
      "gross_profit": 280000000,
      "operating_income": null,
      "net_income": 121000000,
      "opex": null,
      "cogs": 740000000,
      "rd": null,
      "sga": 100000000,
      "fcf": 141000000,
      "ocf": 182000000,
      "capex": -41000000,
      "gross_margin": 0.27450980392156865,
      "op_margin": null,
      "fcf_margin": 0.13823529411764707,
      "rev_growth_yoy": 0.013916500994035786,
      "rev_growth_yoy_accel": 0.04065446890847429,
      "fcf_margin_change": 0.03603749191984487
    },
    {
      "date": "2025-03-31T00:00:00",
      "quarter_label": "2025-03 (Q1)",
      "revenue": 818000000,
      "gross_profit": 189000000,
      "operating_income": null,
      "net_income": 31000000,
      "opex": null,
      "cogs": 629000000,
      "rd": null,
      "sga": 104000000,
      "fcf": 17000000,
      "ocf": 56000000,
      "capex": -39000000,
      "gross_margin": 0.2310513447432763,
      "op_margin": null,
      "fcf_margin": 0.02078239608801956,
      "rev_growth_yoy": -0.01800720288115246,
      "rev_growth_yoy_accel": -0.031923703875188246,
      "fcf_margin_change": -0.11745289802962751
    },
    {
      "date": "2025-06-30T00:00:00",
      "quarter_label": "2025-06 (Q2)",
      "revenue": 938000000,
      "gross_profit": 226000000,
      "operating_income": null,
      "net_income": 73000000,
      "opex": null,
      "cogs": 712000000,
      "rd": null,
      "sga": 96000000,
      "fcf": 51000000,
      "ocf": 91000000,
      "capex": -40000000,
      "gross_margin": 0.24093816631130063,
      "op_margin": null,
      "fcf_margin": 0.054371002132196165,
      "rev_growth_yoy": 0.008602150537634409,
      "rev_growth_yoy_accel": 0.02660935341878687,
      "fcf_margin_change": 0.03358860604417661
    },
    {
      "date": "2025-09-30T00:00:00",
      "quarter_label": "2025-09 (Q3)",
      "revenue": 931000000,
      "gross_profit": 233000000,
      "operating_income": null,
      "net_income": 79000000,
      "opex": null,
      "cogs": 698000000,
      "rd": null,
      "sga": 99000000,
      "fcf": 48000000,
      "ocf": 93000000,
      "capex": -45000000,
      "gross_margin": 0.2502685284640172,
      "op_margin": null,
      "fcf_margin": 0.05155746509129968,
      "rev_growth_yoy": 0.023076923076923078,
      "rev_growth_yoy_accel": 0.01447477253928867,
      "fcf_margin_change": -0.0028135370408964855
    }
  ],
  "signals": [
    {
      "quarter": "2024-06 (Q2)",
      "signal": "GROSS MARGIN INFLECTION",
      "detail": "GM: +30.7% -> +24.1% -> +27.5% (reversal +3.4%)",
      "severity": "MEDIUM"
    },
    {
      "quarter": "2023-09 (Q3)",
      "signal": "FCF MARGIN EXPANSION",
      "detail": "FCF margin: +9.6% -> +20.3% (+10.7%)",
      "severity": "MEDIUM"
    },
    {
      "quarter": "2023-09 (Q3)",
      "signal": "YoY REVENUE GROWTH DECELERATION",
      "detail": "YoY growth: -3.3% vs prior quarter YoY: +2.5% (decel: -5.8%)",
      "severity": "WARNING"
    },
    {
      "quarter": "2023-06 (Q2)",
      "signal": "GROSS MARGIN INFLECTION",
      "detail": "GM: +22.6% -> +17.7% -> +24.3% (reversal +6.5%)",
      "severity": "HIGH"
    },
    {
      "quarter": "2022-12 (Q4)",
      "signal": "FCF TURNED POSITIVE",
      "detail": "FCF margin: -1.3% -> +5.4%",
      "severity": "HIGH"
    },
    {
      "quarter": "2022-12 (Q4)",
      "signal": "GROSS MARGIN INFLECTION",
      "detail": "GM: +20.1% -> +18.4% -> +22.6% (reversal +4.2%)",
      "severity": "MEDIUM"
    },
    {
      "quarter": "2022-06 (Q2)",
      "signal": "FCF TURNED POSITIVE",
      "detail": "FCF margin: -1.1% -> +5.9%",
      "severity": "HIGH"
    },
    {
      "quarter": "2022-06 (Q2)",
      "signal": "YoY REVENUE GROWTH DECELERATION",
      "detail": "YoY growth: +5.0% vs prior quarter YoY: +11.6% (decel: -6.6%)",
      "severity": "WARNING"
    },
    {
      "quarter": "2021-12 (Q4)",
      "signal": "FCF MARGIN EXPANSION",
      "detail": "FCF margin: +8.4% -> +14.5% (+6.1%)",
      "severity": "MEDIUM"
    },
    {
      "quarter": "2021-12 (Q4)",
      "signal": "GROSS MARGIN INFLECTION",
      "detail": "GM: +23.8% -> +20.1% -> +22.4% (reversal +2.3%)",
      "severity": "MEDIUM"
    },
    {
      "quarter": "2021-09 (Q3)",
      "signal": "FCF TURNED POSITIVE",
      "detail": "FCF margin: -4.7% -> +8.4%",
      "severity": "HIGH"
    }
  ],
  "data_quality": {
    "n_quarters": 20,
    "coverage": {
      "revenue": [
        20,
        20
      ],
      "gross_profit": [
        20,
        20
      ],
      "op_income": [
        0,
        20
      ],
      "fcf": [
        20,
        20
      ]
    },
    "gaps": [],
    "warnings": [
      "op_income: no data"
    ]
  },
  "market_cap": null,
  "source": "SEC EDGAR",
  "last_updated": "2026-02-02T21:05:12.845776"
}