{
  "ticker": "RGA",
  "name": "REINSURANCE GROUP OF AMERICA, INCORPORATED",
  "sector": "Financial Services",
  "industry": "Insurance - Reinsurance",
  "quarters": [
    {
      "date": "2021-03-31T00:00:00",
      "quarter_label": "2021-03 (Q1)",
      "revenue": 4119000000,
      "gross_profit": null,
      "operating_income": null,
      "net_income": 139000000,
      "opex": null,
      "cogs": null,
      "rd": null,
      "sga": null,
      "fcf": 2362000000,
      "ocf": 2366000000,
      "capex": -4000000,
      "gross_margin": null,
      "op_margin": null,
      "fcf_margin": 0.5734401553775188
    },
    {
      "date": "2021-06-30T00:00:00",
      "quarter_label": "2021-06 (Q2)",
      "revenue": 4137000000,
      "gross_profit": null,
      "operating_income": null,
      "net_income": 344000000,
      "opex": null,
      "cogs": null,
      "rd": null,
      "sga": null,
      "fcf": -42000000,
      "ocf": -36000000,
      "capex": -6000000,
      "gross_margin": null,
      "op_margin": null,
      "fcf_margin": -0.01015228426395939,
      "fcf_margin_change": -0.5835924396414782
    },
    {
      "date": "2021-09-30T00:00:00",
      "quarter_label": "2021-09 (Q3)",
      "revenue": 4043000000,
      "gross_profit": null,
      "operating_income": null,
      "net_income": -22000000,
      "opex": null,
      "cogs": null,
      "rd": null,
      "sga": null,
      "fcf": 1486000000,
      "ocf": 1491000000,
      "capex": -5000000,
      "gross_margin": null,
      "op_margin": null,
      "fcf_margin": 0.3675488498639624,
      "fcf_margin_change": 0.3777011341279218
    },
    {
      "date": "2021-12-31T00:00:00",
      "quarter_label": "2021-12 (Q4)",
      "revenue": 4359000000,
      "gross_profit": null,
      "operating_income": null,
      "net_income": 156000000,
      "opex": null,
      "cogs": null,
      "rd": null,
      "sga": null,
      "fcf": 357000000,
      "ocf": 361000000,
      "capex": -4000000,
      "gross_margin": null,
      "op_margin": null,
      "fcf_margin": 0.08189951823812801,
      "fcf_margin_change": -0.2856493316258344
    },
    {
      "date": "2022-03-31T00:00:00",
      "quarter_label": "2022-03 (Q1)",
      "revenue": 3930000000,
      "gross_profit": null,
      "operating_income": null,
      "net_income": -63000000,
      "opex": null,
      "cogs": null,
      "rd": null,
      "sga": null,
      "fcf": -169000000,
      "ocf": -163000000,
      "capex": -6000000,
      "gross_margin": null,
      "op_margin": null,
      "fcf_margin": -0.04300254452926209,
      "rev_growth_yoy": -0.045884923525127456,
      "fcf_margin_change": -0.1249020627673901
    },
    {
      "date": "2022-06-30T00:00:00",
      "quarter_label": "2022-06 (Q2)",
      "revenue": 3887000000,
      "gross_profit": null,
      "operating_income": null,
      "net_income": 198000000,
      "opex": null,
      "cogs": null,
      "rd": null,
      "sga": null,
      "fcf": -85000000,
      "ocf": -79000000,
      "capex": -6000000,
      "gross_margin": null,
      "op_margin": null,
      "fcf_margin": -0.021867764342680732,
      "rev_growth_yoy": -0.06043026347594876,
      "rev_growth_yoy_accel": -0.014545339950821301,
      "fcf_margin_change": 0.021134780186581357
    },
    {
      "date": "2022-09-30T00:00:00",
      "quarter_label": "2022-09 (Q3)",
      "revenue": 4066000000,
      "gross_profit": null,
      "operating_income": null,
      "net_income": 284000000,
      "opex": null,
      "cogs": null,
      "rd": null,
      "sga": null,
      "fcf": -842000000,
      "ocf": -835000000,
      "capex": -7000000,
      "gross_margin": null,
      "op_margin": null,
      "fcf_margin": -0.20708312838170193,
      "rev_growth_yoy": 0.005688844917140737,
      "rev_growth_yoy_accel": 0.06611910839308949,
      "fcf_margin_change": -0.1852153640390212
    },
    {
      "date": "2022-12-31T00:00:00",
      "quarter_label": "2022-12 (Q4)",
      "revenue": 4357000000,
      "gross_profit": null,
      "operating_income": null,
      "net_income": 204000000,
      "opex": null,
      "cogs": null,
      "rd": null,
      "sga": null,
      "fcf": 2414000000,
      "ocf": 2420000000,
      "capex": -6000000,
      "gross_margin": null,
      "op_margin": null,
      "fcf_margin": 0.5540509524902456,
      "rev_growth_yoy": -0.0004588208304657031,
      "rev_growth_yoy_accel": -0.00614766574760644,
      "fcf_margin_change": 0.7611340808719476
    },
    {
      "date": "2023-03-31T00:00:00",
      "quarter_label": "2023-03 (Q1)",
      "revenue": 4251000000,
      "gross_profit": null,
      "operating_income": null,
      "net_income": 252000000,
      "opex": null,
      "cogs": null,
      "rd": null,
      "sga": null,
      "fcf": -1579000000,
      "ocf": -1574000000,
      "capex": -5000000,
      "gross_margin": null,
      "op_margin": null,
      "fcf_margin": -0.3714420136438485,
      "rev_growth_yoy": 0.0816793893129771,
      "rev_growth_yoy_accel": 0.0821382101434428,
      "fcf_margin_change": -0.925492966134094
    },
    {
      "date": "2023-06-30T00:00:00",
      "quarter_label": "2023-06 (Q2)",
      "revenue": 4156000000,
      "gross_profit": null,
      "operating_income": null,
      "net_income": 205000000,
      "opex": null,
      "cogs": null,
      "rd": null,
      "sga": null,
      "fcf": -251000000,
      "ocf": -244000000,
      "capex": -7000000,
      "gross_margin": null,
      "op_margin": null,
      "fcf_margin": -0.06039461020211742,
      "rev_growth_yoy": 0.06920504244918961,
      "rev_growth_yoy_accel": -0.012474346863787483,
      "fcf_margin_change": 0.3110474034417311
    },
    {
      "date": "2023-09-30T00:00:00",
      "quarter_label": "2023-09 (Q3)",
      "revenue": 5153000000,
      "gross_profit": null,
      "operating_income": null,
      "net_income": 287000000,
      "opex": null,
      "cogs": null,
      "rd": null,
      "sga": null,
      "fcf": -1008000000,
      "ocf": -1000000000,
      "capex": -8000000,
      "gross_margin": null,
      "op_margin": null,
      "fcf_margin": -0.1956142053172909,
      "rev_growth_yoy": 0.2673389080177078,
      "rev_growth_yoy_accel": 0.1981338655685182,
      "fcf_margin_change": -0.13521959511517348
    },
    {
      "date": "2023-12-31T00:00:00",
      "quarter_label": "2023-12 (Q4)",
      "revenue": 5007000000,
      "gross_profit": null,
      "operating_income": null,
      "net_income": 158000000,
      "opex": null,
      "cogs": null,
      "rd": null,
      "sga": null,
      "fcf": 6862000000,
      "ocf": 6862000000,
      "capex": null,
      "gross_margin": null,
      "op_margin": null,
      "fcf_margin": 1.3704813261433992,
      "rev_growth_yoy": 0.14918521918751435,
      "rev_growth_yoy_accel": -0.11815368883019348,
      "fcf_margin_change": 1.5660955314606901
    },
    {
      "date": "2024-03-31T00:00:00",
      "quarter_label": "2024-03 (Q1)",
      "revenue": 6337000000,
      "gross_profit": null,
      "operating_income": null,
      "net_income": 210000000,
      "opex": null,
      "cogs": null,
      "rd": null,
      "sga": null,
      "fcf": -5736000000,
      "ocf": -5736000000,
      "capex": null,
      "gross_margin": null,
      "op_margin": null,
      "fcf_margin": -0.9051601704276472,
      "rev_growth_yoy": 0.49070806868972006,
      "rev_growth_yoy_accel": 0.3415228495022057,
      "fcf_margin_change": -2.2756414965710463
    },
    {
      "date": "2024-06-30T00:00:00",
      "quarter_label": "2024-06 (Q2)",
      "revenue": 4878000000,
      "gross_profit": null,
      "operating_income": null,
      "net_income": 203000000,
      "opex": null,
      "cogs": null,
      "rd": null,
      "sga": null,
      "fcf": -967000000,
      "ocf": -967000000,
      "capex": null,
      "gross_margin": null,
      "op_margin": null,
      "fcf_margin": -0.1982369823698237,
      "rev_growth_yoy": 0.1737247353224254,
      "rev_growth_yoy_accel": -0.3169833333672947,
      "fcf_margin_change": 0.7069231880578235
    },
    {
      "date": "2024-09-30T00:00:00",
      "quarter_label": "2024-09 (Q3)",
      "revenue": 5651000000,
      "gross_profit": null,
      "operating_income": null,
      "net_income": 156000000,
      "opex": null,
      "cogs": null,
      "rd": null,
      "sga": null,
      "fcf": -1067000000,
      "ocf": -1067000000,
      "capex": null,
      "gross_margin": null,
      "op_margin": null,
      "fcf_margin": -0.18881613873650682,
      "rev_growth_yoy": 0.09664273238889967,
      "rev_growth_yoy_accel": -0.07708200293352574,
      "fcf_margin_change": 0.009420843633316883
    },
    {
      "date": "2024-12-31T00:00:00",
      "quarter_label": "2024-12 (Q4)",
      "revenue": 5241000000,
      "gross_profit": null,
      "operating_income": null,
      "net_income": 148000000,
      "opex": null,
      "cogs": null,
      "rd": null,
      "sga": null,
      "fcf": 17140000000,
      "ocf": 17140000000,
      "capex": null,
      "gross_margin": null,
      "op_margin": null,
      "fcf_margin": 3.2703682503339055,
      "rev_growth_yoy": 0.046734571599760334,
      "rev_growth_yoy_accel": -0.04990816078913934,
      "fcf_margin_change": 3.4591843890704124
    },
    {
      "date": "2025-03-31T00:00:00",
      "quarter_label": "2025-03 (Q1)",
      "revenue": 5260000000,
      "gross_profit": null,
      "operating_income": null,
      "net_income": 286000000,
      "opex": null,
      "cogs": null,
      "rd": null,
      "sga": null,
      "fcf": -1429000000,
      "ocf": -1429000000,
      "capex": null,
      "gross_margin": null,
      "op_margin": null,
      "fcf_margin": -0.2716730038022814,
      "rev_growth_yoy": -0.16995423702067225,
      "rev_growth_yoy_accel": -0.21668880862043258,
      "fcf_margin_change": -3.542041254136187
    },
    {
      "date": "2025-06-30T00:00:00",
      "quarter_label": "2025-06 (Q2)",
      "revenue": 5599000000,
      "gross_profit": null,
      "operating_income": null,
      "net_income": 180000000,
      "opex": null,
      "cogs": null,
      "rd": null,
      "sga": null,
      "fcf": -820000000,
      "ocf": -820000000,
      "capex": null,
      "gross_margin": null,
      "op_margin": null,
      "fcf_margin": -0.14645472405786747,
      "rev_growth_yoy": 0.14780647806478064,
      "rev_growth_yoy_accel": 0.3177607150854529,
      "fcf_margin_change": 0.1252182797444139
    },
    {
      "date": "2025-09-30T00:00:00",
      "quarter_label": "2025-09 (Q3)",
      "revenue": 6204000000,
      "gross_profit": null,
      "operating_income": null,
      "net_income": 253000000,
      "opex": null,
      "cogs": null,
      "rd": null,
      "sga": null,
      "fcf": -990000000,
      "ocf": -990000000,
      "capex": null,
      "gross_margin": null,
      "op_margin": null,
      "fcf_margin": -0.1595744680851064,
      "rev_growth_yoy": 0.09785878605556539,
      "rev_growth_yoy_accel": -0.049947692009215255,
      "fcf_margin_change": -0.013119744027238922
    },
    {
      "date": "2025-12-31T00:00:00",
      "quarter_label": "2025-12 (Q4)",
      "revenue": 6635000000,
      "gross_profit": null,
      "operating_income": null,
      "net_income": 463000000,
      "opex": null,
      "cogs": null,
      "rd": null,
      "sga": null,
      "fcf": 7330000000,
      "ocf": 7330000000,
      "capex": null,
      "gross_margin": null,
      "op_margin": null,
      "fcf_margin": 1.1047475508666165,
      "rev_growth_yoy": 0.2659797748521275,
      "rev_growth_yoy_accel": 0.1681209887965621,
      "fcf_margin_change": 1.2643220189517228
    }
  ],
  "signals": [
    {
      "quarter": "2025-12 (Q4)",
      "signal": "FCF TURNED POSITIVE",
      "detail": "FCF margin: -16.0% -> +110.5%",
      "severity": "HIGH"
    },
    {
      "quarter": "2025-12 (Q4)",
      "signal": "YoY REVENUE GROWTH ACCELERATION",
      "detail": "YoY growth: +26.6% vs prior quarter YoY: +9.8% (accel: +16.8%)",
      "severity": "HIGH"
    },
    {
      "quarter": "2025-06 (Q2)",
      "signal": "FCF MARGIN EXPANSION",
      "detail": "FCF margin: -27.2% -> -14.6% (+12.5%)",
      "severity": "MEDIUM"
    },
    {
      "quarter": "2025-06 (Q2)",
      "signal": "YoY REVENUE GROWTH ACCELERATION",
      "detail": "YoY growth: +14.8% vs prior quarter YoY: -17.0% (accel: +31.8%)",
      "severity": "HIGH"
    },
    {
      "quarter": "2025-03 (Q1)",
      "signal": "YoY REVENUE GROWTH DECELERATION",
      "detail": "YoY growth: -17.0% vs prior quarter YoY: +4.7% (decel: -21.7%)",
      "severity": "WARNING"
    },
    {
      "quarter": "2024-12 (Q4)",
      "signal": "FCF TURNED POSITIVE",
      "detail": "FCF margin: -18.9% -> +327.0%",
      "severity": "HIGH"
    },
    {
      "quarter": "2024-09 (Q3)",
      "signal": "YoY REVENUE GROWTH DECELERATION",
      "detail": "YoY growth: +9.7% vs prior quarter YoY: +17.4% (decel: -7.7%)",
      "severity": "WARNING"
    },
    {
      "quarter": "2024-06 (Q2)",
      "signal": "FCF MARGIN EXPANSION",
      "detail": "FCF margin: -90.5% -> -19.8% (+70.7%)",
      "severity": "MEDIUM"
    },
    {
      "quarter": "2024-06 (Q2)",
      "signal": "YoY REVENUE GROWTH DECELERATION",
      "detail": "YoY growth: +17.4% vs prior quarter YoY: +49.1% (decel: -31.7%)",
      "severity": "WARNING"
    },
    {
      "quarter": "2024-03 (Q1)",
      "signal": "YoY REVENUE GROWTH ACCELERATION",
      "detail": "YoY growth: +49.1% vs prior quarter YoY: +14.9% (accel: +34.2%)",
      "severity": "HIGH"
    },
    {
      "quarter": "2023-12 (Q4)",
      "signal": "FCF TURNED POSITIVE",
      "detail": "FCF margin: -19.6% -> +137.0%",
      "severity": "HIGH"
    },
    {
      "quarter": "2023-12 (Q4)",
      "signal": "YoY REVENUE GROWTH DECELERATION",
      "detail": "YoY growth: +14.9% vs prior quarter YoY: +26.7% (decel: -11.8%)",
      "severity": "WARNING"
    },
    {
      "quarter": "2023-09 (Q3)",
      "signal": "YoY REVENUE GROWTH ACCELERATION",
      "detail": "YoY growth: +26.7% vs prior quarter YoY: +6.9% (accel: +19.8%)",
      "severity": "HIGH"
    },
    {
      "quarter": "2023-06 (Q2)",
      "signal": "FCF MARGIN EXPANSION",
      "detail": "FCF margin: -37.1% -> -6.0% (+31.1%)",
      "severity": "MEDIUM"
    },
    {
      "quarter": "2023-03 (Q1)",
      "signal": "YoY REVENUE GROWTH ACCELERATION",
      "detail": "YoY growth: +8.2% vs prior quarter YoY: -0.0% (accel: +8.2%)",
      "severity": "MEDIUM"
    },
    {
      "quarter": "2022-12 (Q4)",
      "signal": "FCF TURNED POSITIVE",
      "detail": "FCF margin: -20.7% -> +55.4%",
      "severity": "HIGH"
    },
    {
      "quarter": "2022-09 (Q3)",
      "signal": "YoY REVENUE GROWTH ACCELERATION",
      "detail": "YoY growth: +0.6% vs prior quarter YoY: -6.0% (accel: +6.6%)",
      "severity": "MEDIUM"
    },
    {
      "quarter": "2021-09 (Q3)",
      "signal": "FCF TURNED POSITIVE",
      "detail": "FCF margin: -1.0% -> +36.8%",
      "severity": "HIGH"
    }
  ],
  "data_quality": {
    "n_quarters": 20,
    "coverage": {
      "revenue": [
        20,
        20
      ],
      "gross_profit": [
        0,
        20
      ],
      "op_income": [
        0,
        20
      ],
      "fcf": [
        20,
        20
      ]
    },
    "gaps": [],
    "warnings": [
      "gross_profit: no data",
      "op_income: no data"
    ]
  },
  "market_cap": null,
  "source": "SEC EDGAR",
  "last_updated": "2026-02-24T10:13:24.317505"
}