{
  "ticker": "RGCO",
  "name": "RGC RESOURCES, INC.",
  "sector": "Utilities",
  "industry": "Utilities - Regulated Gas",
  "quarters": [
    {
      "date": "2021-03-31T00:00:00",
      "quarter_label": "2021-03 (Q1)",
      "revenue": 28253662,
      "gross_profit": null,
      "operating_income": 7099426,
      "net_income": 4767478,
      "opex": 21154236,
      "cogs": null,
      "rd": null,
      "sga": null,
      "fcf": 5812667,
      "ocf": 9458492,
      "capex": -3645825,
      "gross_margin": null,
      "op_margin": 0.2512745427477684,
      "fcf_margin": 0.20573145527117864
    },
    {
      "date": "2021-06-30T00:00:00",
      "quarter_label": "2021-06 (Q2)",
      "revenue": 14048846,
      "gross_profit": null,
      "operating_income": 1542333,
      "net_income": 610840,
      "opex": 12506513,
      "cogs": null,
      "rd": null,
      "sga": null,
      "fcf": -1178812,
      "ocf": 4804825,
      "capex": -5983637,
      "gross_margin": null,
      "op_margin": 0.10978360784935645,
      "fcf_margin": -0.08390810177576151,
      "fcf_margin_change": -0.28963955704694017
    },
    {
      "date": "2021-09-30T00:00:00",
      "quarter_label": "2021-09 (Q3)",
      "revenue": 13355254,
      "gross_profit": null,
      "operating_income": 555163,
      "net_income": 481,
      "opex": 12800091,
      "cogs": null,
      "rd": null,
      "sga": null,
      "fcf": -7853227,
      "ocf": -2848119,
      "capex": -5005108,
      "gross_margin": null,
      "op_margin": 0.04156888367679117,
      "fcf_margin": -0.5880252820350702,
      "fcf_margin_change": -0.5041171802593087
    },
    {
      "date": "2021-12-31T00:00:00",
      "quarter_label": "2021-12 (Q4)",
      "revenue": 23263080,
      "gross_profit": null,
      "operating_income": 5378423,
      "net_income": 3584529,
      "opex": 17884657,
      "cogs": null,
      "rd": null,
      "sga": null,
      "fcf": -9281998,
      "ocf": -3544766,
      "capex": -5737232,
      "gross_margin": null,
      "op_margin": 0.23119995288672007,
      "fcf_margin": -0.39900125004943454,
      "op_leverage_ratio": 1.8676065437081775,
      "fcf_margin_change": 0.18902403198563567
    },
    {
      "date": "2022-03-31T00:00:00",
      "quarter_label": "2022-03 (Q1)",
      "revenue": 29529683,
      "gross_profit": null,
      "operating_income": 7443388,
      "net_income": -24494429,
      "opex": 22086295,
      "cogs": null,
      "rd": null,
      "sga": null,
      "fcf": 11516201,
      "ocf": 16537672,
      "capex": -5021471,
      "gross_margin": null,
      "op_margin": 0.2520646090240793,
      "fcf_margin": 0.38998728838369173,
      "incr_op_margin_yoy": 0.26955825962111907,
      "rev_growth_yoy": 0.045163030548040106,
      "op_leverage_ratio": 1.1466396395025515,
      "fcf_margin_change": 0.7889885384331263
    },
    {
      "date": "2022-06-30T00:00:00",
      "quarter_label": "2022-06 (Q2)",
      "revenue": 17259899,
      "gross_profit": null,
      "operating_income": 1640172,
      "net_income": 592527,
      "opex": 15619727,
      "cogs": null,
      "rd": null,
      "sga": null,
      "fcf": 131864,
      "ocf": 6804074,
      "capex": -6672210,
      "gross_margin": null,
      "op_margin": 0.09502790253871127,
      "fcf_margin": 0.0076399056564583605,
      "incr_op_margin_yoy": 0.030469444135615326,
      "rev_growth_yoy": 0.22856347062242693,
      "rev_growth_yoy_accel": 0.18340044007438683,
      "fcf_margin_change": -0.3823473827272334
    },
    {
      "date": "2022-09-30T00:00:00",
      "quarter_label": "2022-09 (Q3)",
      "revenue": 14112560,
      "gross_profit": null,
      "operating_income": 454692,
      "net_income": -11415229,
      "opex": 13657868,
      "cogs": null,
      "rd": null,
      "sga": null,
      "fcf": -12275391,
      "ocf": -4245304,
      "capex": -8030087,
      "gross_margin": null,
      "op_margin": 0.03221895956509662,
      "fcf_margin": -0.8698202877436837,
      "rev_growth_yoy": 0.05670472459752544,
      "rev_growth_yoy_accel": -0.1718587460249015,
      "fcf_margin_change": -0.877460193400142
    },
    {
      "date": "2022-12-31T00:00:00",
      "quarter_label": "2022-12 (Q4)",
      "revenue": 33282335,
      "gross_profit": null,
      "operating_income": 5544485,
      "net_income": 3256405,
      "opex": 27737850,
      "cogs": null,
      "rd": null,
      "sga": null,
      "fcf": -9955021,
      "ocf": -2424401,
      "capex": -7530620,
      "gross_margin": null,
      "op_margin": 0.16658942348846617,
      "fcf_margin": -0.2991082506681097,
      "incr_op_margin_yoy": 0.01657428621189899,
      "rev_growth_yoy": 0.4306933991543682,
      "rev_growth_yoy_accel": 0.37398867455684276,
      "op_leverage_ratio": 1.3176256045215826,
      "fcf_margin_change": 0.570712037075574
    },
    {
      "date": "2023-03-31T00:00:00",
      "quarter_label": "2023-03 (Q1)",
      "revenue": 38029657,
      "gross_profit": null,
      "operating_income": 9591422,
      "net_income": 6341886,
      "opex": 28438235,
      "cogs": null,
      "rd": null,
      "sga": null,
      "fcf": 14068486,
      "ocf": 19389743,
      "capex": -5321257,
      "gross_margin": null,
      "op_margin": 0.2522090062500432,
      "fcf_margin": 0.36993460130339856,
      "incr_op_margin_yoy": 0.2527106553502399,
      "rev_growth_yoy": 0.2878450811679895,
      "rev_growth_yoy_accel": -0.1428483179863787,
      "op_leverage_ratio": 5.648990719255678,
      "fcf_margin_change": 0.6690428519715083
    },
    {
      "date": "2023-06-30T00:00:00",
      "quarter_label": "2023-06 (Q2)",
      "revenue": 13660245,
      "gross_profit": null,
      "operating_income": 1798465,
      "net_income": 686816,
      "opex": 11861780,
      "cogs": null,
      "rd": null,
      "sga": null,
      "fcf": 151840,
      "ocf": 6668937,
      "capex": -6517097,
      "gross_margin": null,
      "op_margin": 0.1316568626697398,
      "fcf_margin": 0.01111546681629795,
      "incr_op_margin_yoy": -0.04397450421623856,
      "rev_growth_yoy": -0.20855591333413945,
      "rev_growth_yoy_accel": -0.49640099450212893,
      "fcf_margin_change": -0.3588191344871006
    },
    {
      "date": "2023-09-30T00:00:00",
      "quarter_label": "2023-09 (Q3)",
      "revenue": 12467528,
      "gross_profit": null,
      "operating_income": 744108,
      "net_income": 1014175,
      "opex": 11723420,
      "cogs": null,
      "rd": null,
      "sga": null,
      "fcf": -5775129,
      "ocf": 162421,
      "capex": -5937550,
      "gross_margin": null,
      "op_margin": 0.05968368388665339,
      "fcf_margin": -0.4632136378598869,
      "incr_op_margin_yoy": -0.17593335570371885,
      "rev_growth_yoy": -0.11656510229185917,
      "rev_growth_yoy_accel": 0.09199081104228028,
      "fcf_margin_change": -0.47432910467618483
    },
    {
      "date": "2023-12-31T00:00:00",
      "quarter_label": "2023-12 (Q4)",
      "revenue": 24419352,
      "gross_profit": null,
      "operating_income": 6652037,
      "net_income": 5019992,
      "opex": 17767315,
      "cogs": null,
      "rd": null,
      "sga": null,
      "fcf": -5865016,
      "ocf": -564347,
      "capex": -5300669,
      "gross_margin": null,
      "op_margin": 0.2724084160791818,
      "fcf_margin": -0.2401790186733866,
      "incr_op_margin_yoy": -0.1249637960492534,
      "rev_growth_yoy": -0.2662969109589216,
      "rev_growth_yoy_accel": -0.14973180866706243,
      "op_leverage_ratio": 1.8594788815019259,
      "fcf_margin_change": 0.2230346191865003
    },
    {
      "date": "2024-03-31T00:00:00",
      "quarter_label": "2024-03 (Q1)",
      "revenue": 32659376,
      "gross_profit": null,
      "operating_income": 8629709,
      "net_income": 6443390,
      "opex": 24029667,
      "cogs": null,
      "rd": null,
      "sga": null,
      "fcf": 5787921,
      "ocf": 11766349,
      "capex": -5978428,
      "gross_margin": null,
      "op_margin": 0.26423373796241545,
      "fcf_margin": 0.17722080789296157,
      "incr_op_margin_yoy": 0.17908057325119486,
      "rev_growth_yoy": -0.14121297491586632,
      "rev_growth_yoy_accel": 0.1250839360430553,
      "op_leverage_ratio": 0.9573674737072518,
      "fcf_margin_change": 0.41739982656634816
    },
    {
      "date": "2024-06-30T00:00:00",
      "quarter_label": "2024-06 (Q2)",
      "revenue": 14458202,
      "gross_profit": null,
      "operating_income": 1557593,
      "net_income": 156692,
      "opex": 12900609,
      "cogs": null,
      "rd": null,
      "sga": null,
      "fcf": 564739,
      "ocf": 5854184,
      "capex": -5289445,
      "gross_margin": null,
      "op_margin": 0.10773075379635726,
      "fcf_margin": 0.039060112730476444,
      "rev_growth_yoy": 0.058414545273529135,
      "rev_growth_yoy_accel": 0.19962752018939545,
      "fcf_margin_change": -0.13816069516248514
    },
    {
      "date": "2024-09-30T00:00:00",
      "quarter_label": "2024-09 (Q3)",
      "revenue": 13104302,
      "gross_profit": null,
      "operating_income": 242421,
      "net_income": 140822,
      "opex": 12861881,
      "cogs": null,
      "rd": null,
      "sga": null,
      "fcf": -5148425,
      "ocf": 377439,
      "capex": -5525864,
      "gross_margin": null,
      "op_margin": 0.018499344719009072,
      "fcf_margin": -0.392880521221199,
      "rev_growth_yoy": 0.051074599551731506,
      "rev_growth_yoy_accel": -0.007339945721797629,
      "fcf_margin_change": -0.4319406339516754
    },
    {
      "date": "2024-12-31T00:00:00",
      "quarter_label": "2024-12 (Q4)",
      "revenue": 27289486,
      "gross_profit": null,
      "operating_income": 7328021,
      "net_income": 5269689,
      "opex": 19961465,
      "cogs": null,
      "rd": null,
      "sga": null,
      "fcf": -4920987,
      "ocf": 827190,
      "capex": -5748177,
      "gross_margin": null,
      "op_margin": 0.2685290957843618,
      "fcf_margin": -0.18032538245681873,
      "incr_op_margin_yoy": 0.2355234982060071,
      "rev_growth_yoy": 0.1175352237029058,
      "rev_growth_yoy_accel": 0.06646062415117429,
      "op_leverage_ratio": 1.9610680557172682,
      "fcf_margin_change": 0.21255513876438026
    },
    {
      "date": "2025-03-31T00:00:00",
      "quarter_label": "2025-03 (Q1)",
      "revenue": 36462097,
      "gross_profit": null,
      "operating_income": 10399942,
      "net_income": 7676208,
      "opex": 26062155,
      "cogs": null,
      "rd": null,
      "sga": null,
      "fcf": 16063612,
      "ocf": 21007773,
      "capex": -4944161,
      "gross_margin": null,
      "op_margin": 0.2852261075384666,
      "fcf_margin": 0.44055644961945,
      "incr_op_margin_yoy": 0.4655174544753612,
      "rev_growth_yoy": 0.116435813103104,
      "rev_growth_yoy_accel": -0.0010994105998018006,
      "op_leverage_ratio": 1.099793312262762,
      "fcf_margin_change": 0.6208818320762688
    },
    {
      "date": "2025-06-30T00:00:00",
      "quarter_label": "2025-06 (Q2)",
      "revenue": 17264615,
      "gross_profit": null,
      "operating_income": 1196560,
      "net_income": 538412,
      "opex": 16068055,
      "cogs": null,
      "rd": null,
      "sga": null,
      "fcf": 1391221,
      "ocf": 6438053,
      "capex": -5046832,
      "gross_margin": null,
      "op_margin": 0.06930707693163154,
      "fcf_margin": 0.08058221975989618,
      "incr_op_margin_yoy": -0.1286457125162975,
      "rev_growth_yoy": 0.19410525596474582,
      "rev_growth_yoy_accel": 0.07766944286164182,
      "fcf_margin_change": -0.35997422985955385
    },
    {
      "date": "2025-09-30T00:00:00",
      "quarter_label": "2025-09 (Q3)",
      "revenue": 14318014,
      "gross_profit": null,
      "operating_income": -477022,
      "net_income": -204339,
      "opex": 14795036,
      "cogs": null,
      "rd": null,
      "sga": null,
      "fcf": -4315837,
      "ocf": 675133,
      "capex": -4990970,
      "gross_margin": null,
      "op_margin": -0.03331621270938833,
      "fcf_margin": -0.3014270694245724,
      "incr_op_margin_yoy": -0.5927625334510987,
      "rev_growth_yoy": 0.09261935507896567,
      "rev_growth_yoy_accel": -0.10148590088578015,
      "fcf_margin_change": -0.38200928918446864
    },
    {
      "date": "2025-12-31T00:00:00",
      "quarter_label": "2025-12 (Q4)",
      "revenue": 30260468,
      "gross_profit": null,
      "operating_income": 6550337,
      "net_income": 4882865,
      "opex": 23710131,
      "cogs": null,
      "rd": null,
      "sga": null,
      "fcf": -4563692,
      "ocf": 1079860,
      "capex": -5643552,
      "gross_margin": null,
      "op_margin": 0.21646515843707373,
      "fcf_margin": -0.15081366223417297,
      "incr_op_margin_yoy": -0.26175991641820784,
      "rev_growth_yoy": 0.10886910805135722,
      "rev_growth_yoy_accel": 0.01624975297239155,
      "op_leverage_ratio": 1.847831816550877,
      "fcf_margin_change": 0.15061340719039945
    }
  ],
  "signals": [
    {
      "quarter": "2025-12 (Q4)",
      "signal": "FCF MARGIN EXPANSION",
      "detail": "FCF margin: -30.1% -> -15.1% (+15.1%)",
      "severity": "MEDIUM"
    },
    {
      "quarter": "2025-12 (Q4)",
      "signal": "OPERATING LEVERAGE",
      "detail": "Rev growth +111.3% vs OpEx growth +60.3% (leverage: 1.8x)",
      "severity": "MEDIUM"
    },
    {
      "quarter": "2025-12 (Q4)",
      "signal": "OP MARGIN TURNED POSITIVE (QoQ)",
      "detail": "Op margin: -3.3% -> +21.6%",
      "severity": "HIGH"
    },
    {
      "quarter": "2025-09 (Q3)",
      "signal": "YoY REVENUE GROWTH DECELERATION",
      "detail": "YoY growth: +9.3% vs prior quarter YoY: +19.4% (decel: -10.1%)",
      "severity": "WARNING"
    },
    {
      "quarter": "2025-06 (Q2)",
      "signal": "YoY REVENUE GROWTH ACCELERATION",
      "detail": "YoY growth: +19.4% vs prior quarter YoY: +11.6% (accel: +7.8%)",
      "severity": "MEDIUM"
    },
    {
      "quarter": "2025-03 (Q1)",
      "signal": "FCF TURNED POSITIVE",
      "detail": "FCF margin: -18.0% -> +44.1%",
      "severity": "HIGH"
    },
    {
      "quarter": "2025-03 (Q1)",
      "signal": "INCREMENTAL MARGIN (YoY)",
      "detail": "YoY Incr OPM: +46.6% vs year-ago OPM: +26.4%",
      "severity": "HIGH"
    },
    {
      "quarter": "2024-12 (Q4)",
      "signal": "FCF MARGIN EXPANSION",
      "detail": "FCF margin: -39.3% -> -18.0% (+21.3%)",
      "severity": "MEDIUM"
    },
    {
      "quarter": "2024-12 (Q4)",
      "signal": "OPERATING LEVERAGE",
      "detail": "Rev growth +108.2% vs OpEx growth +55.2% (leverage: 2.0x)",
      "severity": "MEDIUM"
    },
    {
      "quarter": "2024-12 (Q4)",
      "signal": "YoY REVENUE GROWTH ACCELERATION",
      "detail": "YoY growth: +11.8% vs prior quarter YoY: +5.1% (accel: +6.6%)",
      "severity": "MEDIUM"
    },
    {
      "quarter": "2024-06 (Q2)",
      "signal": "YoY REVENUE GROWTH ACCELERATION",
      "detail": "YoY growth: +5.8% vs prior quarter YoY: -14.1% (accel: +20.0%)",
      "severity": "HIGH"
    },
    {
      "quarter": "2024-03 (Q1)",
      "signal": "FCF TURNED POSITIVE",
      "detail": "FCF margin: -24.0% -> +17.7%",
      "severity": "HIGH"
    },
    {
      "quarter": "2024-03 (Q1)",
      "signal": "YoY REVENUE GROWTH ACCELERATION",
      "detail": "YoY growth: -14.1% vs prior quarter YoY: -26.6% (accel: +12.5%)",
      "severity": "MEDIUM"
    },
    {
      "quarter": "2023-12 (Q4)",
      "signal": "FCF MARGIN EXPANSION",
      "detail": "FCF margin: -46.3% -> -24.0% (+22.3%)",
      "severity": "MEDIUM"
    },
    {
      "quarter": "2023-12 (Q4)",
      "signal": "OPERATING LEVERAGE",
      "detail": "Rev growth +95.9% vs OpEx growth +51.6% (leverage: 1.9x)",
      "severity": "MEDIUM"
    },
    {
      "quarter": "2023-12 (Q4)",
      "signal": "YoY REVENUE GROWTH DECELERATION",
      "detail": "YoY growth: -26.6% vs prior quarter YoY: -11.7% (decel: -15.0%)",
      "severity": "WARNING"
    },
    {
      "quarter": "2023-09 (Q3)",
      "signal": "YoY REVENUE GROWTH ACCELERATION",
      "detail": "YoY growth: -11.7% vs prior quarter YoY: -20.9% (accel: +9.2%)",
      "severity": "MEDIUM"
    },
    {
      "quarter": "2023-06 (Q2)",
      "signal": "YoY REVENUE GROWTH DECELERATION",
      "detail": "YoY growth: -20.9% vs prior quarter YoY: +28.8% (decel: -49.6%)",
      "severity": "WARNING"
    },
    {
      "quarter": "2023-03 (Q1)",
      "signal": "FCF TURNED POSITIVE",
      "detail": "FCF margin: -29.9% -> +37.0%",
      "severity": "HIGH"
    },
    {
      "quarter": "2023-03 (Q1)",
      "signal": "OPERATING LEVERAGE",
      "detail": "Rev growth +14.3% vs OpEx growth +2.5% (leverage: 5.6x)",
      "severity": "MEDIUM"
    },
    {
      "quarter": "2023-03 (Q1)",
      "signal": "YoY REVENUE GROWTH DECELERATION",
      "detail": "YoY growth: +28.8% vs prior quarter YoY: +43.1% (decel: -14.3%)",
      "severity": "WARNING"
    },
    {
      "quarter": "2022-12 (Q4)",
      "signal": "FCF MARGIN EXPANSION",
      "detail": "FCF margin: -87.0% -> -29.9% (+57.1%)",
      "severity": "MEDIUM"
    },
    {
      "quarter": "2022-12 (Q4)",
      "signal": "YoY REVENUE GROWTH ACCELERATION",
      "detail": "YoY growth: +43.1% vs prior quarter YoY: +5.7% (accel: +37.4%)",
      "severity": "HIGH"
    },
    {
      "quarter": "2022-09 (Q3)",
      "signal": "YoY REVENUE GROWTH DECELERATION",
      "detail": "YoY growth: +5.7% vs prior quarter YoY: +22.9% (decel: -17.2%)",
      "severity": "WARNING"
    },
    {
      "quarter": "2022-06 (Q2)",
      "signal": "YoY REVENUE GROWTH ACCELERATION",
      "detail": "YoY growth: +22.9% vs prior quarter YoY: +4.5% (accel: +18.3%)",
      "severity": "HIGH"
    },
    {
      "quarter": "2022-03 (Q1)",
      "signal": "FCF TURNED POSITIVE",
      "detail": "FCF margin: -39.9% -> +39.0%",
      "severity": "HIGH"
    },
    {
      "quarter": "2021-12 (Q4)",
      "signal": "FCF MARGIN EXPANSION",
      "detail": "FCF margin: -58.8% -> -39.9% (+18.9%)",
      "severity": "MEDIUM"
    },
    {
      "quarter": "2021-12 (Q4)",
      "signal": "OPERATING LEVERAGE",
      "detail": "Rev growth +74.2% vs OpEx growth +39.7% (leverage: 1.9x)",
      "severity": "MEDIUM"
    }
  ],
  "data_quality": {
    "n_quarters": 20,
    "coverage": {
      "revenue": [
        20,
        20
      ],
      "gross_profit": [
        0,
        20
      ],
      "op_income": [
        20,
        20
      ],
      "fcf": [
        20,
        20
      ]
    },
    "gaps": [],
    "warnings": [
      "gross_profit: no data"
    ]
  },
  "market_cap": null,
  "source": "SEC EDGAR",
  "last_updated": "2026-02-24T11:08:39.206678"
}