{
  "ticker": "RGR",
  "name": "STURM, RUGER & COMPANY, INC.",
  "quarters": [
    {
      "date": "2021-04-03T00:00:00",
      "quarter_label": "2021-04 (Q2)",
      "revenue": 184377000,
      "gross_profit": 72566000,
      "operating_income": 51956000,
      "net_income": 38192000,
      "opex": 20610000,
      "cogs": 111811000,
      "rd": null,
      "sga": null,
      "fcf": 22254000,
      "ocf": 27770000,
      "capex": -5516000,
      "gross_margin": 0.39357403580706923,
      "op_margin": 0.28179219750836604,
      "fcf_margin": 0.12069835174669291
    },
    {
      "date": "2021-07-03T00:00:00",
      "quarter_label": "2021-07 (Q3)",
      "revenue": 200072000,
      "gross_profit": 78757000,
      "operating_income": 59669000,
      "net_income": 44384000,
      "opex": 19088000,
      "cogs": 121315000,
      "rd": null,
      "sga": null,
      "fcf": 42481000,
      "ocf": 48429000,
      "capex": -5948000,
      "gross_margin": 0.3936432884161702,
      "op_margin": 0.2982376344515974,
      "fcf_margin": 0.2123285617177816,
      "op_leverage_ratio": Infinity,
      "fcf_margin_change": 0.0916302099710887
    },
    {
      "date": "2021-10-02T00:00:00",
      "quarter_label": "2021-10 (Q4)",
      "revenue": 178246000,
      "gross_profit": 64802000,
      "operating_income": 46726000,
      "net_income": 35202000,
      "opex": 18076000,
      "cogs": 113444000,
      "rd": null,
      "sga": null,
      "fcf": 36652000,
      "ocf": 40805000,
      "capex": -4153000,
      "gross_margin": 0.36355374033638904,
      "op_margin": 0.2621433300046004,
      "fcf_margin": 0.20562593269975202,
      "fcf_margin_change": -0.006702629018029593
    },
    {
      "date": "2021-12-31T00:00:00",
      "quarter_label": "2021-12 (Q4)",
      "revenue": 168041000,
      "gross_profit": 63432000,
      "operating_income": 44785000,
      "net_income": 38121000,
      "opex": 18647000,
      "cogs": 104610000,
      "rd": null,
      "sga": null,
      "fcf": 42176000,
      "ocf": 55335000,
      "capex": -13159000,
      "gross_margin": 0.377479305645646,
      "op_margin": 0.26651233925054,
      "fcf_margin": 0.25098636642248023,
      "fcf_margin_change": 0.045360433722728216
    },
    {
      "date": "2022-04-02T00:00:00",
      "quarter_label": "2022-04 (Q2)",
      "revenue": 166575000,
      "gross_profit": 58108000,
      "operating_income": 38727000,
      "net_income": 30232000,
      "opex": 19381000,
      "cogs": 108467000,
      "rd": null,
      "sga": null,
      "fcf": 7880000,
      "ocf": 18761000,
      "capex": -10881000,
      "gross_margin": 0.34883986192405825,
      "op_margin": 0.2324898694281855,
      "fcf_margin": 0.04730601831007054,
      "incr_op_margin_yoy": 0.7431187507021683,
      "rev_growth_yoy": -0.0965521729933777,
      "fcf_margin_change": -0.2036803481124097
    },
    {
      "date": "2022-07-02T00:00:00",
      "quarter_label": "2022-07 (Q3)",
      "revenue": 140653000,
      "gross_profit": 43554000,
      "operating_income": 25190000,
      "net_income": 20757000,
      "opex": 18364000,
      "cogs": 97099000,
      "rd": null,
      "sga": null,
      "fcf": 10126000,
      "ocf": 13618000,
      "capex": -3492000,
      "gross_margin": 0.3096556774473349,
      "op_margin": 0.17909322943698322,
      "fcf_margin": 0.0719927765493804,
      "incr_op_margin_yoy": 0.5802689375452297,
      "rev_growth_yoy": -0.29698808428965573,
      "rev_growth_yoy_accel": -0.20043591129627802,
      "fcf_margin_change": 0.02468675823930986
    },
    {
      "date": "2022-10-01T00:00:00",
      "quarter_label": "2022-10 (Q4)",
      "revenue": 139390000,
      "gross_profit": 38869000,
      "operating_income": 19859000,
      "net_income": 18389000,
      "opex": 19010000,
      "cogs": 100521000,
      "rd": null,
      "sga": null,
      "fcf": 15008000,
      "ocf": 17884000,
      "capex": -2876000,
      "gross_margin": 0.27885070665040534,
      "op_margin": 0.14247076547815482,
      "fcf_margin": 0.10766912977975465,
      "incr_op_margin_yoy": 0.69145048383776,
      "rev_growth_yoy": -0.21799086655521022,
      "rev_growth_yoy_accel": 0.07899721773444551,
      "fcf_margin_change": 0.035676353230374255
    },
    {
      "date": "2022-10-02T00:00:00",
      "quarter_label": "2022-10 (Q4)",
      "revenue": 139390000,
      "gross_profit": 38869000,
      "operating_income": null,
      "net_income": 18389000,
      "opex": null,
      "cogs": null,
      "rd": null,
      "sga": null,
      "fcf": null,
      "ocf": null,
      "capex": null,
      "gross_margin": 0.27885070665040534,
      "op_margin": null,
      "fcf_margin": null,
      "rev_growth_yoy": -0.21799086655521022,
      "rev_growth_yoy_accel": 0.0
    },
    {
      "date": "2022-12-31T00:00:00",
      "quarter_label": "2022-12 (Q4)",
      "revenue": 149224000,
      "gross_profit": 39554000,
      "operating_income": 19680000,
      "net_income": 18954000,
      "opex": 19874000,
      "cogs": 109670000,
      "rd": null,
      "sga": null,
      "fcf": 16444000,
      "ocf": 26968000,
      "capex": -10524000,
      "gross_margin": 0.265064600868493,
      "op_margin": 0.1318822709483729,
      "fcf_margin": 0.11019675119283762,
      "incr_op_margin_yoy": 1.3341659138013497,
      "rev_growth_yoy": -0.11197862426431644,
      "rev_growth_yoy_accel": 0.10601224229089377
    },
    {
      "date": "2023-04-01T00:00:00",
      "quarter_label": "2023-04 (Q2)",
      "revenue": 149453000,
      "gross_profit": 38486000,
      "operating_income": 17021000,
      "net_income": 14350000,
      "opex": 21465000,
      "cogs": 110967000,
      "rd": null,
      "sga": null,
      "fcf": 3632000,
      "ocf": 5284000,
      "capex": -1652000,
      "gross_margin": 0.2575123952011669,
      "op_margin": 0.11388864726703378,
      "fcf_margin": 0.024301954460599653,
      "incr_op_margin_yoy": 1.2677257329751197,
      "rev_growth_yoy": -0.10278853369353144,
      "rev_growth_yoy_accel": 0.009190090570785,
      "fcf_margin_change": -0.08589479673223796
    },
    {
      "date": "2023-07-01T00:00:00",
      "quarter_label": "2023-07 (Q3)",
      "revenue": 142804000,
      "gross_profit": 38148000,
      "operating_income": 18415000,
      "net_income": 16185000,
      "opex": 19733000,
      "cogs": 104656000,
      "rd": null,
      "sga": null,
      "fcf": null,
      "ocf": null,
      "capex": -3221000,
      "gross_margin": 0.26713537435926166,
      "op_margin": 0.12895297050502788,
      "fcf_margin": null,
      "incr_op_margin_yoy": -3.1496978149697816,
      "rev_growth_yoy": 0.015292955002737233,
      "rev_growth_yoy_accel": 0.11808148869626868
    },
    {
      "date": "2023-09-30T00:00:00",
      "quarter_label": "2023-09 (Q3)",
      "revenue": 120893000,
      "gross_profit": 24728000,
      "operating_income": 6326000,
      "net_income": 7431000,
      "opex": 18402000,
      "cogs": 96165000,
      "rd": null,
      "sga": null,
      "fcf": null,
      "ocf": null,
      "capex": null,
      "gross_margin": 0.2045445145707361,
      "op_margin": 0.05232726460589116,
      "fcf_margin": null,
      "incr_op_margin_yoy": 0.7316321565659296,
      "rev_growth_yoy": -0.13269961977186312,
      "rev_growth_yoy_accel": -0.14799257477460034
    },
    {
      "date": "2023-12-31T00:00:00",
      "quarter_label": "2023-12 (Q4)",
      "revenue": 130617000,
      "gross_profit": 32257000,
      "operating_income": 10322000,
      "net_income": 10249000,
      "opex": 21935000,
      "cogs": 98360000,
      "rd": null,
      "sga": null,
      "fcf": 12444000,
      "ocf": 16603000,
      "capex": -4159000,
      "gross_margin": 0.24695866541108738,
      "op_margin": 0.07902493549844201,
      "fcf_margin": 0.09527090654355864,
      "incr_op_margin_yoy": 0.5029290052130918,
      "rev_growth_yoy": -0.12469173859432799,
      "rev_growth_yoy_accel": 0.008007881177535134,
      "op_leverage_ratio": 0.4189528838545577
    },
    {
      "date": "2024-03-30T00:00:00",
      "quarter_label": "2024-03 (Q1)",
      "revenue": 136820000,
      "gross_profit": 29403000,
      "operating_income": 7531000,
      "net_income": 7084000,
      "opex": 21872000,
      "cogs": 107417000,
      "rd": null,
      "sga": null,
      "fcf": 5557000,
      "ocf": 7345000,
      "capex": -1788000,
      "gross_margin": 0.21490279198947523,
      "op_margin": 0.055043122350533547,
      "fcf_margin": 0.04061540710422453,
      "incr_op_margin_yoy": 0.7512071558616322,
      "rev_growth_yoy": -0.08452824633831371,
      "rev_growth_yoy_accel": 0.040163492256014274,
      "op_leverage_ratio": Infinity,
      "fcf_margin_change": -0.054655499439334114
    },
    {
      "date": "2024-06-29T00:00:00",
      "quarter_label": "2024-06 (Q2)",
      "revenue": 130761000,
      "gross_profit": 29154000,
      "operating_income": 8972000,
      "net_income": 8264000,
      "opex": 20182000,
      "cogs": 101607000,
      "rd": null,
      "sga": null,
      "fcf": 10114000,
      "ocf": 18740000,
      "capex": -8626000,
      "gross_margin": 0.2229563860784179,
      "op_margin": 0.0686137303936189,
      "fcf_margin": 0.0773472212662797,
      "incr_op_margin_yoy": 0.7841069500954911,
      "rev_growth_yoy": -0.08433237164225092,
      "rev_growth_yoy_accel": 0.0001958746960627894,
      "fcf_margin_change": 0.03673181416205517
    },
    {
      "date": "2024-09-28T00:00:00",
      "quarter_label": "2024-09 (Q3)",
      "revenue": 122287000,
      "gross_profit": 22672000,
      "operating_income": 3742000,
      "net_income": 4738000,
      "opex": 18930000,
      "cogs": 99615000,
      "rd": null,
      "sga": null,
      "fcf": 2616000,
      "ocf": 9398000,
      "capex": -6782000,
      "gross_margin": 0.18539991986065568,
      "op_margin": 0.03060014555921725,
      "fcf_margin": 0.02139229844546027,
      "incr_op_margin_yoy": -1.853658536585366,
      "rev_growth_yoy": 0.011530857866046835,
      "rev_growth_yoy_accel": 0.09586322950829776,
      "fcf_margin_change": -0.05595492282081943
    },
    {
      "date": "2024-12-31T00:00:00",
      "quarter_label": "2024-12 (Q4)",
      "revenue": 145775000,
      "gross_profit": 33186000,
      "operating_income": 11409000,
      "net_income": 10477000,
      "opex": 21777000,
      "cogs": 112589000,
      "rd": null,
      "sga": null,
      "fcf": 16396000,
      "ocf": 20021000,
      "capex": -3625000,
      "gross_margin": 0.22765220373863831,
      "op_margin": 0.0782644486365975,
      "fcf_margin": 0.11247470416738124,
      "incr_op_margin_yoy": 0.07171130756036416,
      "rev_growth_yoy": 0.11604921258335439,
      "rev_growth_yoy_accel": 0.10451835471730755,
      "op_leverage_ratio": 1.2771117312231068,
      "fcf_margin_change": 0.09108240572192097
    },
    {
      "date": "2025-03-29T00:00:00",
      "quarter_label": "2025-03 (Q1)",
      "revenue": 135738000,
      "gross_profit": 29895000,
      "operating_income": 8472000,
      "net_income": 7768000,
      "opex": 21423000,
      "cogs": 105843000,
      "rd": null,
      "sga": null,
      "fcf": 10021000,
      "ocf": 11145000,
      "capex": -1124000,
      "gross_margin": 0.22024046324536975,
      "op_margin": 0.062414357070238256,
      "fcf_margin": 0.07382604723806156,
      "incr_op_margin_yoy": -0.8696857670979667,
      "rev_growth_yoy": -0.007908200555474346,
      "rev_growth_yoy_accel": -0.12395741313882874,
      "fcf_margin_change": -0.03864865692931968
    },
    {
      "date": "2025-06-28T00:00:00",
      "quarter_label": "2025-06 (Q2)",
      "revenue": 132491000,
      "gross_profit": 5146000,
      "operating_income": -20716000,
      "net_income": -17226000,
      "opex": 25862000,
      "cogs": 127345000,
      "rd": null,
      "sga": null,
      "fcf": 9110000,
      "ocf": 14732000,
      "capex": -5622000,
      "gross_margin": 0.03884037406314391,
      "op_margin": -0.15635779034047595,
      "fcf_margin": 0.0687593874300896,
      "incr_op_margin_yoy": -17.160693641618497,
      "rev_growth_yoy": 0.013230244491859193,
      "rev_growth_yoy_accel": 0.02113844504733354,
      "fcf_margin_change": -0.005066659807971968
    },
    {
      "date": "2025-09-27T00:00:00",
      "quarter_label": "2025-09 (Q3)",
      "revenue": 126766000,
      "gross_profit": 19155000,
      "operating_income": -3484000,
      "net_income": 1582000,
      "opex": 22639000,
      "cogs": 107611000,
      "rd": null,
      "sga": null,
      "fcf": 6998000,
      "ocf": 12888000,
      "capex": -5890000,
      "gross_margin": 0.15110518593313665,
      "op_margin": -0.027483710143098306,
      "fcf_margin": 0.05520407680292823,
      "incr_op_margin_yoy": -1.6133065416387586,
      "rev_growth_yoy": 0.036626951352147,
      "rev_growth_yoy_accel": 0.023396706860287803,
      "fcf_margin_change": -0.013555310627161365
    }
  ],
  "signals": [
    {
      "quarter": "2025-09 (Q3)",
      "signal": "GROSS MARGIN INFLECTION",
      "detail": "GM: +22.0% -> +3.9% -> +15.1% (reversal +11.2%)",
      "severity": "HIGH"
    },
    {
      "quarter": "2025-03 (Q1)",
      "signal": "YoY REVENUE GROWTH DECELERATION",
      "detail": "YoY growth: -0.8% vs prior quarter YoY: +11.6% (decel: -12.4%)",
      "severity": "WARNING"
    },
    {
      "quarter": "2024-12 (Q4)",
      "signal": "FCF MARGIN EXPANSION",
      "detail": "FCF margin: +2.1% -> +11.2% (+9.1%)",
      "severity": "MEDIUM"
    },
    {
      "quarter": "2024-12 (Q4)",
      "signal": "GROSS MARGIN INFLECTION",
      "detail": "GM: +22.3% -> +18.5% -> +22.8% (reversal +4.2%)",
      "severity": "MEDIUM"
    },
    {
      "quarter": "2024-12 (Q4)",
      "signal": "YoY REVENUE GROWTH ACCELERATION",
      "detail": "YoY growth: +11.6% vs prior quarter YoY: +1.2% (accel: +10.5%)",
      "severity": "MEDIUM"
    },
    {
      "quarter": "2024-09 (Q3)",
      "signal": "YoY REVENUE GROWTH ACCELERATION",
      "detail": "YoY growth: +1.2% vs prior quarter YoY: -8.4% (accel: +9.6%)",
      "severity": "MEDIUM"
    },
    {
      "quarter": "2024-06 (Q2)",
      "signal": "INCREMENTAL MARGIN (YoY)",
      "detail": "YoY Incr OPM: +78.4% vs year-ago OPM: +12.9%",
      "severity": "HIGH"
    },
    {
      "quarter": "2024-03 (Q1)",
      "signal": "INCREMENTAL MARGIN (YoY)",
      "detail": "YoY Incr OPM: +75.1% vs year-ago OPM: +11.4%",
      "severity": "HIGH"
    },
    {
      "quarter": "2023-12 (Q4)",
      "signal": "GROSS MARGIN INFLECTION",
      "detail": "GM: +26.7% -> +20.5% -> +24.7% (reversal +4.2%)",
      "severity": "MEDIUM"
    },
    {
      "quarter": "2023-12 (Q4)",
      "signal": "INCREMENTAL MARGIN (YoY)",
      "detail": "YoY Incr OPM: +50.3% vs year-ago OPM: +13.2%",
      "severity": "HIGH"
    },
    {
      "quarter": "2023-09 (Q3)",
      "signal": "YoY REVENUE GROWTH DECELERATION",
      "detail": "YoY growth: -13.3% vs prior quarter YoY: +1.5% (decel: -14.8%)",
      "severity": "WARNING"
    },
    {
      "quarter": "2023-09 (Q3)",
      "signal": "INCREMENTAL MARGIN (YoY)",
      "detail": "YoY Incr OPM: +73.2% vs year-ago OPM: +14.2%",
      "severity": "HIGH"
    },
    {
      "quarter": "2023-07 (Q3)",
      "signal": "YoY REVENUE GROWTH ACCELERATION",
      "detail": "YoY growth: +1.5% vs prior quarter YoY: -10.3% (accel: +11.8%)",
      "severity": "MEDIUM"
    },
    {
      "quarter": "2023-04 (Q2)",
      "signal": "INCREMENTAL MARGIN (YoY)",
      "detail": "YoY Incr OPM: +126.8% vs year-ago OPM: +23.2%",
      "severity": "HIGH"
    },
    {
      "quarter": "2022-12 (Q4)",
      "signal": "YoY REVENUE GROWTH ACCELERATION",
      "detail": "YoY growth: -11.2% vs prior quarter YoY: -21.8% (accel: +10.6%)",
      "severity": "MEDIUM"
    },
    {
      "quarter": "2022-12 (Q4)",
      "signal": "INCREMENTAL MARGIN (YoY)",
      "detail": "YoY Incr OPM: +133.4% vs year-ago OPM: +26.7%",
      "severity": "HIGH"
    },
    {
      "quarter": "2022-10 (Q4)",
      "signal": "YoY REVENUE GROWTH ACCELERATION",
      "detail": "YoY growth: -21.8% vs prior quarter YoY: -29.7% (accel: +7.9%)",
      "severity": "MEDIUM"
    },
    {
      "quarter": "2022-10 (Q4)",
      "signal": "INCREMENTAL MARGIN (YoY)",
      "detail": "YoY Incr OPM: +69.1% vs year-ago OPM: +26.2%",
      "severity": "HIGH"
    },
    {
      "quarter": "2022-07 (Q3)",
      "signal": "YoY REVENUE GROWTH DECELERATION",
      "detail": "YoY growth: -29.7% vs prior quarter YoY: -9.7% (decel: -20.0%)",
      "severity": "WARNING"
    },
    {
      "quarter": "2022-07 (Q3)",
      "signal": "INCREMENTAL MARGIN (YoY)",
      "detail": "YoY Incr OPM: +58.0% vs year-ago OPM: +29.8%",
      "severity": "HIGH"
    },
    {
      "quarter": "2022-04 (Q2)",
      "signal": "INCREMENTAL MARGIN (YoY)",
      "detail": "YoY Incr OPM: +74.3% vs year-ago OPM: +28.2%",
      "severity": "HIGH"
    },
    {
      "quarter": "2021-07 (Q3)",
      "signal": "FCF MARGIN EXPANSION",
      "detail": "FCF margin: +12.1% -> +21.2% (+9.2%)",
      "severity": "MEDIUM"
    }
  ],
  "data_quality": {
    "n_quarters": 20,
    "coverage": {
      "revenue": [
        20,
        20
      ],
      "gross_profit": [
        20,
        20
      ],
      "op_income": [
        19,
        20
      ],
      "fcf": [
        17,
        20
      ]
    },
    "gaps": [],
    "warnings": []
  },
  "market_cap": null,
  "source": "SEC EDGAR",
  "last_updated": "2026-02-02T22:18:06.550265"
}