{
  "ticker": "RGS",
  "name": "Regis Corp",
  "quarters": [
    {
      "date": "2020-12-31T00:00:00",
      "quarter_label": "2020-12 (Q4)",
      "revenue": 104320000,
      "gross_profit": null,
      "operating_income": -26755000,
      "net_income": -32879000,
      "opex": 131075000,
      "cogs": null,
      "rd": null,
      "sga": null,
      "fcf": -40289000,
      "ocf": -36598000,
      "capex": -3691000,
      "gross_margin": null,
      "op_margin": -0.2564704754601227,
      "fcf_margin": -0.38620590490797546
    },
    {
      "date": "2021-03-31T00:00:00",
      "quarter_label": "2021-03 (Q1)",
      "revenue": 100267000,
      "gross_profit": null,
      "operating_income": -18541000,
      "net_income": -10847000,
      "opex": 118808000,
      "cogs": null,
      "rd": null,
      "sga": null,
      "fcf": -16650000,
      "ocf": -14543000,
      "capex": -2107000,
      "gross_margin": null,
      "op_margin": -0.1849162735496225,
      "fcf_margin": -0.16605662880110106,
      "fcf_margin_change": 0.2201492761068744
    },
    {
      "date": "2021-06-30T00:00:00",
      "quarter_label": "2021-06 (Q2)",
      "revenue": 99130000,
      "gross_profit": null,
      "operating_income": -27266000,
      "net_income": -34340000,
      "opex": 126396000,
      "cogs": null,
      "rd": null,
      "sga": null,
      "fcf": -21742000,
      "ocf": -19876000,
      "capex": -1866000,
      "gross_margin": null,
      "op_margin": -0.2750529607585998,
      "fcf_margin": -0.21932815494804803,
      "fcf_margin_change": -0.05327152614694697
    },
    {
      "date": "2021-09-30T00:00:00",
      "quarter_label": "2021-09 (Q3)",
      "revenue": 77756000,
      "gross_profit": null,
      "operating_income": -5801000,
      "net_income": -10378000,
      "opex": 83557000,
      "cogs": null,
      "rd": null,
      "sga": null,
      "fcf": -13778000,
      "ocf": -12254000,
      "capex": -1524000,
      "gross_margin": null,
      "op_margin": -0.07460517516333144,
      "fcf_margin": -0.17719532897782808,
      "fcf_margin_change": 0.042132825970219945
    },
    {
      "date": "2021-12-31T00:00:00",
      "quarter_label": "2021-12 (Q4)",
      "revenue": 70256000,
      "gross_profit": null,
      "operating_income": -1127000,
      "net_income": -4928000,
      "opex": 71383000,
      "cogs": null,
      "rd": null,
      "sga": null,
      "fcf": -13497000,
      "ocf": -12074000,
      "capex": -1423000,
      "gross_margin": null,
      "op_margin": -0.016041334547938966,
      "fcf_margin": -0.19211170576178546,
      "incr_op_margin_yoy": -0.7523485204321277,
      "rev_growth_yoy": -0.32653374233128835,
      "fcf_margin_change": -0.01491637678395738
    },
    {
      "date": "2022-03-31T00:00:00",
      "quarter_label": "2022-03 (Q1)",
      "revenue": 64749000,
      "gross_profit": null,
      "operating_income": -25444000,
      "net_income": -27918000,
      "opex": 90193000,
      "cogs": null,
      "rd": null,
      "sga": null,
      "fcf": -11336000,
      "ocf": -10025000,
      "capex": -1311000,
      "gross_margin": null,
      "op_margin": -0.39296359789340374,
      "fcf_margin": -0.17507606295077915,
      "incr_op_margin_yoy": 0.19435215946843853,
      "rev_growth_yoy": -0.3542341947001506,
      "rev_growth_yoy_accel": -0.02770045236886226,
      "fcf_margin_change": 0.017035642811006307
    },
    {
      "date": "2022-06-30T00:00:00",
      "quarter_label": "2022-06 (Q2)",
      "revenue": 63206000,
      "gross_profit": null,
      "operating_income": 3474000,
      "net_income": -42633000,
      "opex": 59732000,
      "cogs": null,
      "rd": null,
      "sga": null,
      "fcf": -5343000,
      "ocf": -4285000,
      "capex": -1058000,
      "gross_margin": null,
      "op_margin": 0.05496313641110021,
      "fcf_margin": -0.08453311394487865,
      "incr_op_margin_yoy": -0.8556953568644917,
      "rev_growth_yoy": -0.3623928175123575,
      "rev_growth_yoy_accel": -0.008158622812206917,
      "fcf_margin_change": 0.0905429490059005
    },
    {
      "date": "2022-09-30T00:00:00",
      "quarter_label": "2022-09 (Q3)",
      "revenue": 61871000,
      "gross_profit": null,
      "operating_income": 2470000,
      "net_income": 1468000,
      "opex": 59401000,
      "cogs": null,
      "rd": null,
      "sga": null,
      "fcf": -5241000,
      "ocf": -5057000,
      "capex": -184000,
      "gross_margin": null,
      "op_margin": 0.03992177272066073,
      "fcf_margin": -0.08470850640849509,
      "incr_op_margin_yoy": -0.5206798866855524,
      "rev_growth_yoy": -0.20429291630227892,
      "rev_growth_yoy_accel": 0.1580999012100786,
      "fcf_margin_change": -0.00017539246361643335
    },
    {
      "date": "2022-12-31T00:00:00",
      "quarter_label": "2022-12 (Q4)",
      "revenue": 59967000,
      "gross_profit": null,
      "operating_income": 730000,
      "net_income": -2407000,
      "opex": 59237000,
      "cogs": null,
      "rd": null,
      "sga": null,
      "fcf": -2034000,
      "ocf": -1857000,
      "capex": -177000,
      "gross_margin": null,
      "op_margin": 0.012173362015775343,
      "fcf_margin": -0.03391865526039321,
      "incr_op_margin_yoy": -0.1804840120517057,
      "rev_growth_yoy": -0.14645012525620588,
      "rev_growth_yoy_accel": 0.05784279104607304,
      "fcf_margin_change": 0.050789851148101875
    },
    {
      "date": "2023-03-31T00:00:00",
      "quarter_label": "2023-03 (Q1)",
      "revenue": 55773000,
      "gross_profit": null,
      "operating_income": 2004000,
      "net_income": -1643000,
      "opex": 53769000,
      "cogs": null,
      "rd": null,
      "sga": null,
      "fcf": -1529000,
      "ocf": -1551000,
      "capex": 22000,
      "gross_margin": null,
      "op_margin": 0.035931364638803726,
      "fcf_margin": -0.027414698868628188,
      "incr_op_margin_yoy": -3.057932263814617,
      "rev_growth_yoy": -0.13862762359264236,
      "rev_growth_yoy_accel": 0.00782250166356352,
      "fcf_margin_change": 0.006503956391765025
    },
    {
      "date": "2023-06-30T00:00:00",
      "quarter_label": "2023-06 (Q2)",
      "revenue": 55715000,
      "gross_profit": null,
      "operating_income": 3575000,
      "net_income": -4803000,
      "opex": 52140000,
      "cogs": null,
      "rd": null,
      "sga": null,
      "fcf": 434000,
      "ocf": 576000,
      "capex": -142000,
      "gross_margin": null,
      "op_margin": 0.06416584402764067,
      "fcf_margin": 0.007789643722516378,
      "incr_op_margin_yoy": -0.013482846081965025,
      "rev_growth_yoy": -0.11851722937695788,
      "rev_growth_yoy_accel": 0.020110394215684474,
      "fcf_margin_change": 0.03520434259114456
    },
    {
      "date": "2023-09-30T00:00:00",
      "quarter_label": "2023-09 (Q3)",
      "revenue": 53372000,
      "gross_profit": null,
      "operating_income": 7434000,
      "net_income": 1194000,
      "opex": 45938000,
      "cogs": null,
      "rd": null,
      "sga": null,
      "fcf": -2987000,
      "ocf": -2824000,
      "capex": -163000,
      "gross_margin": null,
      "op_margin": 0.13928651727497565,
      "fcf_margin": -0.05596567488570786,
      "incr_op_margin_yoy": -0.584068713966349,
      "rev_growth_yoy": -0.13736645601331804,
      "rev_growth_yoy_accel": -0.018849226636360156,
      "fcf_margin_change": -0.06375531860822424
    },
    {
      "date": "2023-12-31T00:00:00",
      "quarter_label": "2023-12 (Q4)",
      "revenue": 51053000,
      "gross_profit": null,
      "operating_income": 4779000,
      "net_income": 997000,
      "opex": 46274000,
      "cogs": null,
      "rd": null,
      "sga": null,
      "fcf": -4189000,
      "ocf": -4029000,
      "capex": -160000,
      "gross_margin": null,
      "op_margin": 0.0936086028245157,
      "fcf_margin": -0.08205198519185944,
      "incr_op_margin_yoy": -0.45422930222122504,
      "rev_growth_yoy": -0.14864842329948139,
      "rev_growth_yoy_accel": -0.011281967286163347,
      "fcf_margin_change": -0.026086310306151578
    },
    {
      "date": "2024-03-31T00:00:00",
      "quarter_label": "2024-03 (Q1)",
      "revenue": 49181000,
      "gross_profit": null,
      "operating_income": 4084000,
      "net_income": -2332000,
      "opex": 45097000,
      "cogs": null,
      "rd": null,
      "sga": null,
      "fcf": -326000,
      "ocf": -277000,
      "capex": -49000,
      "gross_margin": null,
      "op_margin": 0.08304019845062117,
      "fcf_margin": -0.0066285760761269595,
      "incr_op_margin_yoy": -0.3155339805825243,
      "rev_growth_yoy": -0.11819339106736235,
      "rev_growth_yoy_accel": 0.03045503223211904,
      "fcf_margin_change": 0.07542340911573248
    },
    {
      "date": "2024-06-30T00:00:00",
      "quarter_label": "2024-06 (Q2)",
      "revenue": 49376000,
      "gross_profit": null,
      "operating_income": 4593000,
      "net_income": 91201000,
      "opex": 44783000,
      "cogs": null,
      "rd": null,
      "sga": null,
      "fcf": 5086000,
      "ocf": 5090000,
      "capex": -4000,
      "gross_margin": null,
      "op_margin": 0.09302090084251458,
      "fcf_margin": 0.10300550874918989,
      "incr_op_margin_yoy": -0.160593153494242,
      "rev_growth_yoy": -0.11377546441712286,
      "rev_growth_yoy_accel": 0.00441792665023949,
      "fcf_margin_change": 0.10963408482531685
    },
    {
      "date": "2024-09-30T00:00:00",
      "quarter_label": "2024-09 (Q3)",
      "revenue": 46060000,
      "gross_profit": null,
      "operating_income": 2134000,
      "net_income": -853000,
      "opex": 43926000,
      "cogs": null,
      "rd": null,
      "sga": null,
      "fcf": -1360000,
      "ocf": -1344000,
      "capex": -16000,
      "gross_margin": null,
      "op_margin": 0.04633087277464177,
      "fcf_margin": -0.029526704298740773,
      "incr_op_margin_yoy": 0.7248358862144421,
      "rev_growth_yoy": -0.13700067451097955,
      "rev_growth_yoy_accel": -0.023225210093856696,
      "fcf_margin_change": -0.13253221304793067
    },
    {
      "date": "2024-12-31T00:00:00",
      "quarter_label": "2024-12 (Q4)",
      "revenue": 46719000,
      "gross_profit": null,
      "operating_income": 5497000,
      "net_income": 7645000,
      "opex": 41222000,
      "cogs": null,
      "rd": null,
      "sga": null,
      "fcf": 1702000,
      "ocf": 2130000,
      "capex": -428000,
      "gross_margin": null,
      "op_margin": 0.11766090883794601,
      "fcf_margin": 0.036430574284552326,
      "incr_op_margin_yoy": -0.16566682048915551,
      "rev_growth_yoy": -0.08489217088124107,
      "rev_growth_yoy_accel": 0.052108503629738484,
      "op_leverage_ratio": Infinity,
      "fcf_margin_change": 0.0659572785832931
    },
    {
      "date": "2025-03-31T00:00:00",
      "quarter_label": "2025-03 (Q1)",
      "revenue": 56957000,
      "gross_profit": null,
      "operating_income": 5021000,
      "net_income": 250000,
      "opex": 51936000,
      "cogs": null,
      "rd": null,
      "sga": null,
      "fcf": 5875000,
      "ocf": 6200000,
      "capex": -325000,
      "gross_margin": null,
      "op_margin": 0.08815422160577277,
      "fcf_margin": 0.10314798883368155,
      "incr_op_margin_yoy": 0.12049897119341564,
      "rev_growth_yoy": 0.1581098391655314,
      "rev_growth_yoy_accel": 0.24300201004677247,
      "op_leverage_ratio": 0.8431386611272268,
      "fcf_margin_change": 0.06671741454912922
    },
    {
      "date": "2025-06-30T00:00:00",
      "quarter_label": "2025-06 (Q2)",
      "revenue": 60398000,
      "gross_profit": null,
      "operating_income": 7287000,
      "net_income": 116494000,
      "opex": 53111000,
      "cogs": null,
      "rd": null,
      "sga": null,
      "fcf": 6232000,
      "ocf": 6758000,
      "capex": -526000,
      "gross_margin": null,
      "op_margin": 0.12064969038709891,
      "fcf_margin": 0.10318222457697275,
      "incr_op_margin_yoy": 0.24442025040827436,
      "rev_growth_yoy": 0.2232258587167855,
      "rev_growth_yoy_accel": 0.0651160195512541,
      "op_leverage_ratio": 2.6703500625144985,
      "fcf_margin_change": 3.423574329119994e-05
    },
    {
      "date": "2025-09-30T00:00:00",
      "quarter_label": "2025-09 (Q3)",
      "revenue": 58958000,
      "gross_profit": null,
      "operating_income": 5921000,
      "net_income": 1356000,
      "opex": 53037000,
      "cogs": null,
      "rd": null,
      "sga": null,
      "fcf": 1888000,
      "ocf": 2283000,
      "capex": -395000,
      "gross_margin": null,
      "op_margin": 0.10042742291122495,
      "fcf_margin": 0.03202279588859867,
      "incr_op_margin_yoy": 0.29361141262211193,
      "rev_growth_yoy": 0.28002605297438127,
      "rev_growth_yoy_accel": 0.056800194257595776,
      "fcf_margin_change": -0.07115942868837408
    }
  ],
  "signals": [
    {
      "quarter": "2025-09 (Q3)",
      "signal": "YoY REVENUE GROWTH ACCELERATION",
      "detail": "YoY growth: +28.0% vs prior quarter YoY: +22.3% (accel: +5.7%)",
      "severity": "MEDIUM"
    },
    {
      "quarter": "2025-09 (Q3)",
      "signal": "INCREMENTAL MARGIN (YoY)",
      "detail": "YoY Incr OPM: +29.4% vs year-ago OPM: +4.6%",
      "severity": "HIGH"
    },
    {
      "quarter": "2025-06 (Q2)",
      "signal": "OPERATING LEVERAGE",
      "detail": "Rev growth +6.0% vs OpEx growth +2.3% (leverage: 2.7x)",
      "severity": "MEDIUM"
    },
    {
      "quarter": "2025-06 (Q2)",
      "signal": "YoY REVENUE GROWTH ACCELERATION",
      "detail": "YoY growth: +22.3% vs prior quarter YoY: +15.8% (accel: +6.5%)",
      "severity": "MEDIUM"
    },
    {
      "quarter": "2025-06 (Q2)",
      "signal": "INCREMENTAL MARGIN (YoY)",
      "detail": "YoY Incr OPM: +24.4% vs year-ago OPM: +9.3%",
      "severity": "MEDIUM"
    },
    {
      "quarter": "2025-03 (Q1)",
      "signal": "FCF MARGIN EXPANSION",
      "detail": "FCF margin: +3.6% -> +10.3% (+6.7%)",
      "severity": "MEDIUM"
    },
    {
      "quarter": "2025-03 (Q1)",
      "signal": "YoY REVENUE GROWTH ACCELERATION",
      "detail": "YoY growth: +15.8% vs prior quarter YoY: -8.5% (accel: +24.3%)",
      "severity": "HIGH"
    },
    {
      "quarter": "2024-12 (Q4)",
      "signal": "FCF TURNED POSITIVE",
      "detail": "FCF margin: -3.0% -> +3.6%",
      "severity": "HIGH"
    },
    {
      "quarter": "2024-12 (Q4)",
      "signal": "YoY REVENUE GROWTH ACCELERATION",
      "detail": "YoY growth: -8.5% vs prior quarter YoY: -13.7% (accel: +5.2%)",
      "severity": "MEDIUM"
    },
    {
      "quarter": "2024-09 (Q3)",
      "signal": "INCREMENTAL MARGIN (YoY)",
      "detail": "YoY Incr OPM: +72.5% vs year-ago OPM: +13.9%",
      "severity": "HIGH"
    },
    {
      "quarter": "2024-06 (Q2)",
      "signal": "FCF TURNED POSITIVE",
      "detail": "FCF margin: -0.7% -> +10.3%",
      "severity": "HIGH"
    },
    {
      "quarter": "2024-03 (Q1)",
      "signal": "FCF MARGIN EXPANSION",
      "detail": "FCF margin: -8.2% -> -0.7% (+7.5%)",
      "severity": "MEDIUM"
    },
    {
      "quarter": "2023-06 (Q2)",
      "signal": "FCF TURNED POSITIVE",
      "detail": "FCF margin: -2.7% -> +0.8%",
      "severity": "HIGH"
    },
    {
      "quarter": "2023-03 (Q1)",
      "signal": "OP MARGIN TURNED POSITIVE (YoY)",
      "detail": "Op margin: -39.3% (year-ago) -> +3.6%",
      "severity": "HIGH"
    },
    {
      "quarter": "2022-12 (Q4)",
      "signal": "FCF MARGIN EXPANSION",
      "detail": "FCF margin: -8.5% -> -3.4% (+5.1%)",
      "severity": "MEDIUM"
    },
    {
      "quarter": "2022-12 (Q4)",
      "signal": "YoY REVENUE GROWTH ACCELERATION",
      "detail": "YoY growth: -14.6% vs prior quarter YoY: -20.4% (accel: +5.8%)",
      "severity": "MEDIUM"
    },
    {
      "quarter": "2022-12 (Q4)",
      "signal": "OP MARGIN TURNED POSITIVE (YoY)",
      "detail": "Op margin: -1.6% (year-ago) -> +1.2%",
      "severity": "HIGH"
    },
    {
      "quarter": "2022-09 (Q3)",
      "signal": "YoY REVENUE GROWTH ACCELERATION",
      "detail": "YoY growth: -20.4% vs prior quarter YoY: -36.2% (accel: +15.8%)",
      "severity": "HIGH"
    },
    {
      "quarter": "2022-09 (Q3)",
      "signal": "OP MARGIN TURNED POSITIVE (YoY)",
      "detail": "Op margin: -7.5% (year-ago) -> +4.0%",
      "severity": "HIGH"
    },
    {
      "quarter": "2022-06 (Q2)",
      "signal": "FCF MARGIN EXPANSION",
      "detail": "FCF margin: -17.5% -> -8.5% (+9.1%)",
      "severity": "MEDIUM"
    },
    {
      "quarter": "2022-06 (Q2)",
      "signal": "OP MARGIN TURNED POSITIVE (YoY)",
      "detail": "Op margin: -27.5% (year-ago) -> +5.5%",
      "severity": "HIGH"
    },
    {
      "quarter": "2022-06 (Q2)",
      "signal": "OP MARGIN TURNED POSITIVE (QoQ)",
      "detail": "Op margin: -39.3% -> +5.5%",
      "severity": "HIGH"
    },
    {
      "quarter": "2021-03 (Q1)",
      "signal": "FCF MARGIN EXPANSION",
      "detail": "FCF margin: -38.6% -> -16.6% (+22.0%)",
      "severity": "MEDIUM"
    }
  ],
  "data_quality": {
    "n_quarters": 20,
    "coverage": {
      "revenue": [
        20,
        20
      ],
      "gross_profit": [
        0,
        20
      ],
      "op_income": [
        20,
        20
      ],
      "fcf": [
        20,
        20
      ]
    },
    "gaps": [],
    "warnings": [
      "gross_profit: no data"
    ]
  },
  "market_cap": null,
  "source": "SEC EDGAR",
  "last_updated": "2026-02-02T23:34:27.901394"
}