{
  "ticker": "RHEP",
  "name": "REGIONAL HEALTH PROPERTIES, INC.",
  "quarters": [
    {
      "date": "2020-12-31T00:00:00",
      "quarter_label": "2020-12 (Q4)",
      "revenue": 3725000,
      "gross_profit": null,
      "operating_income": -299000,
      "net_income": -1013000,
      "opex": 4024000,
      "cogs": null,
      "rd": null,
      "sga": null,
      "fcf": 138000,
      "ocf": 379000,
      "capex": -241000,
      "gross_margin": null,
      "op_margin": -0.08026845637583893,
      "fcf_margin": 0.03704697986577181
    },
    {
      "date": "2021-03-31T00:00:00",
      "quarter_label": "2021-03 (Q1)",
      "revenue": 7081000,
      "gross_profit": null,
      "operating_income": 1115000,
      "net_income": 21000,
      "opex": 5966000,
      "cogs": null,
      "rd": null,
      "sga": null,
      "fcf": 2317000,
      "ocf": 2350000,
      "capex": -33000,
      "gross_margin": null,
      "op_margin": 0.157463635079791,
      "fcf_margin": 0.3272136703855388,
      "op_leverage_ratio": 1.866828496188113,
      "fcf_margin_change": 0.29016669051976696
    },
    {
      "date": "2021-06-30T00:00:00",
      "quarter_label": "2021-06 (Q2)",
      "revenue": 6468000,
      "gross_profit": null,
      "operating_income": 548000,
      "net_income": -503000,
      "opex": 5920000,
      "cogs": null,
      "rd": null,
      "sga": null,
      "fcf": -4000,
      "ocf": 37000,
      "capex": -41000,
      "gross_margin": null,
      "op_margin": 0.0847247990105133,
      "fcf_margin": -0.0006184291898577613,
      "fcf_margin_change": -0.32783209957539655
    },
    {
      "date": "2021-09-30T00:00:00",
      "quarter_label": "2021-09 (Q3)",
      "revenue": 6702000,
      "gross_profit": null,
      "operating_income": 628000,
      "net_income": -39000,
      "opex": 6074000,
      "cogs": null,
      "rd": null,
      "sga": null,
      "fcf": 1680000,
      "ocf": 1725000,
      "capex": -45000,
      "gross_margin": null,
      "op_margin": 0.09370337212772306,
      "fcf_margin": 0.25067144136078784,
      "op_leverage_ratio": 1.390742837867142,
      "fcf_margin_change": 0.2512898705506456
    },
    {
      "date": "2021-12-31T00:00:00",
      "quarter_label": "2021-12 (Q4)",
      "revenue": 6439000,
      "gross_profit": null,
      "operating_income": 287000,
      "net_income": -661000,
      "opex": 6152000,
      "cogs": null,
      "rd": null,
      "sga": null,
      "fcf": 778000,
      "ocf": 782000,
      "capex": -4000,
      "gross_margin": null,
      "op_margin": 0.04457213853082777,
      "fcf_margin": 0.12082621525081534,
      "incr_op_margin_yoy": 0.2159174649963154,
      "rev_growth_yoy": 0.7285906040268456,
      "fcf_margin_change": -0.1298452261099725
    },
    {
      "date": "2022-03-31T00:00:00",
      "quarter_label": "2022-03 (Q1)",
      "revenue": 6648000,
      "gross_profit": null,
      "operating_income": -1339000,
      "net_income": -2927000,
      "opex": 7987000,
      "cogs": null,
      "rd": null,
      "sga": null,
      "fcf": -1659000,
      "ocf": -1579000,
      "capex": -80000,
      "gross_margin": null,
      "op_margin": -0.20141395908543924,
      "fcf_margin": -0.24954873646209386,
      "rev_growth_yoy": -0.06114955514757803,
      "rev_growth_yoy_accel": -0.7897401591744236,
      "op_leverage_ratio": 0.10881984907196567,
      "fcf_margin_change": -0.3703749517129092
    },
    {
      "date": "2022-06-30T00:00:00",
      "quarter_label": "2022-06 (Q2)",
      "revenue": 8093000,
      "gross_profit": null,
      "operating_income": -529000,
      "net_income": -1325000,
      "opex": 8622000,
      "cogs": null,
      "rd": null,
      "sga": null,
      "fcf": -1291000,
      "ocf": -1219000,
      "capex": -72000,
      "gross_margin": null,
      "op_margin": -0.06536513035956999,
      "fcf_margin": -0.15952057333498085,
      "incr_op_margin_yoy": -0.6627692307692308,
      "rev_growth_yoy": 0.25123685837971554,
      "rev_growth_yoy_accel": 0.31238641352729357,
      "op_leverage_ratio": 2.733926253351905,
      "fcf_margin_change": 0.09002816312711301
    },
    {
      "date": "2022-09-30T00:00:00",
      "quarter_label": "2022-09 (Q3)",
      "revenue": 11030000,
      "gross_profit": null,
      "operating_income": -1971000,
      "net_income": -371000,
      "opex": 13001000,
      "cogs": null,
      "rd": null,
      "sga": null,
      "fcf": 596000,
      "ocf": 627000,
      "capex": -31000,
      "gross_margin": null,
      "op_margin": -0.1786944696282865,
      "fcf_margin": 0.05403445149592022,
      "incr_op_margin_yoy": -0.6005083179297597,
      "rev_growth_yoy": 0.645777379886601,
      "rev_growth_yoy_accel": 0.39454052150688546,
      "op_leverage_ratio": 0.7145415363932535,
      "fcf_margin_change": 0.21355502483090105
    },
    {
      "date": "2022-12-31T00:00:00",
      "quarter_label": "2022-12 (Q4)",
      "revenue": 10155000,
      "gross_profit": null,
      "operating_income": -2966000,
      "net_income": -2244000,
      "opex": 13121000,
      "cogs": null,
      "rd": null,
      "sga": null,
      "fcf": -1523000,
      "ocf": -1425000,
      "capex": -98000,
      "gross_margin": null,
      "op_margin": -0.2920728705071393,
      "fcf_margin": -0.1499753815854259,
      "incr_op_margin_yoy": -0.8754036598493004,
      "rev_growth_yoy": 0.5771082466221463,
      "rev_growth_yoy_accel": -0.06866913326445467,
      "fcf_margin_change": -0.20400983308134613
    },
    {
      "date": "2023-03-31T00:00:00",
      "quarter_label": "2023-03 (Q1)",
      "revenue": 3906000,
      "gross_profit": null,
      "operating_income": -745000,
      "net_income": -1992000,
      "opex": 4651000,
      "cogs": null,
      "rd": null,
      "sga": null,
      "fcf": 2595000,
      "ocf": 2597000,
      "capex": -2000,
      "gross_margin": null,
      "op_margin": -0.19073220686123912,
      "fcf_margin": 0.6643625192012289,
      "incr_op_margin_yoy": -0.21663019693654267,
      "rev_growth_yoy": -0.41245487364620936,
      "rev_growth_yoy_accel": -0.9895631202683557,
      "fcf_margin_change": 0.8143379007866548
    },
    {
      "date": "2023-06-30T00:00:00",
      "quarter_label": "2023-06 (Q2)",
      "revenue": 4598000,
      "gross_profit": null,
      "operating_income": 186000,
      "net_income": -685000,
      "opex": 4412000,
      "cogs": null,
      "rd": null,
      "sga": null,
      "fcf": -494000,
      "ocf": 358000,
      "capex": -852000,
      "gross_margin": null,
      "op_margin": 0.040452370595911266,
      "fcf_margin": -0.10743801652892562,
      "incr_op_margin_yoy": -0.20457796852646637,
      "rev_growth_yoy": -0.4318546892376128,
      "rev_growth_yoy_accel": -0.019399815591403413,
      "op_leverage_ratio": Infinity,
      "fcf_margin_change": -0.7718005357301545
    },
    {
      "date": "2023-09-30T00:00:00",
      "quarter_label": "2023-09 (Q3)",
      "revenue": 4138000,
      "gross_profit": null,
      "operating_income": -404000,
      "net_income": -973000,
      "opex": 4542000,
      "cogs": null,
      "rd": null,
      "sga": null,
      "fcf": 443000,
      "ocf": 505000,
      "capex": -62000,
      "gross_margin": null,
      "op_margin": -0.09763170613823104,
      "fcf_margin": 0.1070565490575157,
      "incr_op_margin_yoy": -0.22736506094022055,
      "rev_growth_yoy": -0.6248413417951043,
      "rev_growth_yoy_accel": -0.19298665255749153,
      "fcf_margin_change": 0.2144945655864413
    },
    {
      "date": "2023-12-31T00:00:00",
      "quarter_label": "2023-12 (Q4)",
      "revenue": 4522000,
      "gross_profit": null,
      "operating_income": 160000,
      "net_income": -238000,
      "opex": 4362000,
      "cogs": null,
      "rd": null,
      "sga": null,
      "fcf": 210000,
      "ocf": 252000,
      "capex": -42000,
      "gross_margin": null,
      "op_margin": 0.03538257408226449,
      "fcf_margin": 0.04643962848297214,
      "incr_op_margin_yoy": -0.5549440795313332,
      "rev_growth_yoy": -0.5547021171836534,
      "rev_growth_yoy_accel": 0.07013922461145095,
      "op_leverage_ratio": Infinity,
      "fcf_margin_change": -0.06061692057454356
    },
    {
      "date": "2024-03-31T00:00:00",
      "quarter_label": "2024-03 (Q1)",
      "revenue": 4127000,
      "gross_profit": null,
      "operating_income": -294000,
      "net_income": -962000,
      "opex": 4421000,
      "cogs": null,
      "rd": null,
      "sga": null,
      "fcf": 542000,
      "ocf": 597000,
      "capex": -55000,
      "gross_margin": null,
      "op_margin": -0.07123818754543251,
      "fcf_margin": 0.1313302641143688,
      "rev_growth_yoy": 0.05657962109575013,
      "rev_growth_yoy_accel": 0.6112817382794035,
      "fcf_margin_change": 0.08489063563139665
    },
    {
      "date": "2024-06-30T00:00:00",
      "quarter_label": "2024-06 (Q2)",
      "revenue": 4325000,
      "gross_profit": null,
      "operating_income": 214000,
      "net_income": -706000,
      "opex": 4111000,
      "cogs": null,
      "rd": null,
      "sga": null,
      "fcf": 165000,
      "ocf": 505000,
      "capex": -340000,
      "gross_margin": null,
      "op_margin": 0.04947976878612717,
      "fcf_margin": 0.03815028901734104,
      "rev_growth_yoy": -0.05937364071335363,
      "rev_growth_yoy_accel": -0.11595326180910376,
      "op_leverage_ratio": Infinity,
      "fcf_margin_change": -0.09317997509702775
    },
    {
      "date": "2024-09-30T00:00:00",
      "quarter_label": "2024-09 (Q3)",
      "revenue": 4225000,
      "gross_profit": null,
      "operating_income": -300000,
      "net_income": -982000,
      "opex": 4525000,
      "cogs": null,
      "rd": null,
      "sga": null,
      "fcf": -147000,
      "ocf": -112000,
      "capex": -35000,
      "gross_margin": null,
      "op_margin": -0.07100591715976332,
      "fcf_margin": -0.03479289940828403,
      "rev_growth_yoy": 0.021024649589173515,
      "rev_growth_yoy_accel": 0.08039829030252715,
      "fcf_margin_change": -0.07294318842562507
    },
    {
      "date": "2024-12-31T00:00:00",
      "quarter_label": "2024-12 (Q4)",
      "revenue": 5660000,
      "gross_profit": null,
      "operating_income": 541000,
      "net_income": null,
      "opex": 5119000,
      "cogs": null,
      "rd": null,
      "sga": null,
      "fcf": 853000,
      "ocf": 953000,
      "capex": -100000,
      "gross_margin": null,
      "op_margin": 0.09558303886925795,
      "fcf_margin": 0.15070671378091874,
      "incr_op_margin_yoy": 0.3347978910369069,
      "rev_growth_yoy": 0.2516585581601061,
      "rev_growth_yoy_accel": 0.2306339085709326,
      "op_leverage_ratio": 2.587362779670472,
      "fcf_margin_change": 0.18549961318920277
    },
    {
      "date": "2025-03-31T00:00:00",
      "quarter_label": "2025-03 (Q1)",
      "revenue": 7190000,
      "gross_profit": null,
      "operating_income": -318000,
      "net_income": null,
      "opex": 7508000,
      "cogs": null,
      "rd": null,
      "sga": null,
      "fcf": 171000,
      "ocf": 236000,
      "capex": -65000,
      "gross_margin": null,
      "op_margin": -0.04422809457579972,
      "fcf_margin": 0.023783031988873434,
      "incr_op_margin_yoy": -0.007835455435847209,
      "rev_growth_yoy": 0.7421856069784347,
      "rev_growth_yoy_accel": 0.4905270488183286,
      "op_leverage_ratio": 0.5792205736835644,
      "fcf_margin_change": -0.1269236817920453
    },
    {
      "date": "2025-06-30T00:00:00",
      "quarter_label": "2025-06 (Q2)",
      "revenue": 10057000,
      "gross_profit": null,
      "operating_income": -508000,
      "net_income": null,
      "opex": 10565000,
      "cogs": null,
      "rd": null,
      "sga": null,
      "fcf": 274000,
      "ocf": 569000,
      "capex": -295000,
      "gross_margin": null,
      "op_margin": -0.05051208113751616,
      "fcf_margin": 0.027244705180471313,
      "incr_op_margin_yoy": -0.12595952547103978,
      "rev_growth_yoy": 1.3253179190751445,
      "rev_growth_yoy_accel": 0.5831323120967098,
      "op_leverage_ratio": 0.9793267736829631,
      "fcf_margin_change": 0.0034616731915978784
    },
    {
      "date": "2025-09-30T00:00:00",
      "quarter_label": "2025-09 (Q3)",
      "revenue": 15138000,
      "gross_profit": 12668000,
      "operating_income": -594000,
      "net_income": 3382000,
      "opex": 13262000,
      "cogs": 2470000,
      "rd": null,
      "sga": null,
      "fcf": -2082000,
      "ocf": -1799000,
      "capex": -283000,
      "gross_margin": 0.8368344563350508,
      "op_margin": -0.039239001189060645,
      "fcf_margin": -0.13753468093539437,
      "incr_op_margin_yoy": -0.026940346375881975,
      "rev_growth_yoy": 2.582958579881657,
      "rev_growth_yoy_accel": 1.2576406608065125,
      "op_leverage_ratio": 1.9791071131849165,
      "fcf_margin_change": -0.16477938611586568
    }
  ],
  "signals": [
    {
      "quarter": "2025-09 (Q3)",
      "signal": "OPERATING LEVERAGE",
      "detail": "Rev growth +50.5% vs OpEx growth +25.5% (leverage: 2.0x)",
      "severity": "MEDIUM"
    },
    {
      "quarter": "2025-09 (Q3)",
      "signal": "YoY REVENUE GROWTH ACCELERATION",
      "detail": "YoY growth: +258.3% vs prior quarter YoY: +132.5% (accel: +125.8%)",
      "severity": "HIGH"
    },
    {
      "quarter": "2025-06 (Q2)",
      "signal": "YoY REVENUE GROWTH ACCELERATION",
      "detail": "YoY growth: +132.5% vs prior quarter YoY: +74.2% (accel: +58.3%)",
      "severity": "HIGH"
    },
    {
      "quarter": "2025-03 (Q1)",
      "signal": "YoY REVENUE GROWTH ACCELERATION",
      "detail": "YoY growth: +74.2% vs prior quarter YoY: +25.2% (accel: +49.1%)",
      "severity": "HIGH"
    },
    {
      "quarter": "2024-12 (Q4)",
      "signal": "FCF TURNED POSITIVE",
      "detail": "FCF margin: -3.5% -> +15.1%",
      "severity": "HIGH"
    },
    {
      "quarter": "2024-12 (Q4)",
      "signal": "OPERATING LEVERAGE",
      "detail": "Rev growth +34.0% vs OpEx growth +13.1% (leverage: 2.6x)",
      "severity": "MEDIUM"
    },
    {
      "quarter": "2024-12 (Q4)",
      "signal": "YoY REVENUE GROWTH ACCELERATION",
      "detail": "YoY growth: +25.2% vs prior quarter YoY: +2.1% (accel: +23.1%)",
      "severity": "HIGH"
    },
    {
      "quarter": "2024-12 (Q4)",
      "signal": "INCREMENTAL MARGIN (YoY)",
      "detail": "YoY Incr OPM: +33.5% vs year-ago OPM: +3.5%",
      "severity": "HIGH"
    },
    {
      "quarter": "2024-12 (Q4)",
      "signal": "OP MARGIN TURNED POSITIVE (QoQ)",
      "detail": "Op margin: -7.1% -> +9.6%",
      "severity": "HIGH"
    },
    {
      "quarter": "2024-09 (Q3)",
      "signal": "YoY REVENUE GROWTH ACCELERATION",
      "detail": "YoY growth: +2.1% vs prior quarter YoY: -5.9% (accel: +8.0%)",
      "severity": "MEDIUM"
    },
    {
      "quarter": "2024-06 (Q2)",
      "signal": "YoY REVENUE GROWTH DECELERATION",
      "detail": "YoY growth: -5.9% vs prior quarter YoY: +5.7% (decel: -11.6%)",
      "severity": "WARNING"
    },
    {
      "quarter": "2024-06 (Q2)",
      "signal": "OP MARGIN TURNED POSITIVE (QoQ)",
      "detail": "Op margin: -7.1% -> +4.9%",
      "severity": "HIGH"
    },
    {
      "quarter": "2024-03 (Q1)",
      "signal": "FCF MARGIN EXPANSION",
      "detail": "FCF margin: +4.6% -> +13.1% (+8.5%)",
      "severity": "MEDIUM"
    },
    {
      "quarter": "2024-03 (Q1)",
      "signal": "YoY REVENUE GROWTH ACCELERATION",
      "detail": "YoY growth: +5.7% vs prior quarter YoY: -55.5% (accel: +61.1%)",
      "severity": "HIGH"
    },
    {
      "quarter": "2023-12 (Q4)",
      "signal": "YoY REVENUE GROWTH ACCELERATION",
      "detail": "YoY growth: -55.5% vs prior quarter YoY: -62.5% (accel: +7.0%)",
      "severity": "MEDIUM"
    },
    {
      "quarter": "2023-12 (Q4)",
      "signal": "OP MARGIN TURNED POSITIVE (YoY)",
      "detail": "Op margin: -29.2% (year-ago) -> +3.5%",
      "severity": "HIGH"
    },
    {
      "quarter": "2023-12 (Q4)",
      "signal": "OP MARGIN TURNED POSITIVE (QoQ)",
      "detail": "Op margin: -9.8% -> +3.5%",
      "severity": "HIGH"
    },
    {
      "quarter": "2023-09 (Q3)",
      "signal": "FCF TURNED POSITIVE",
      "detail": "FCF margin: -10.7% -> +10.7%",
      "severity": "HIGH"
    },
    {
      "quarter": "2023-09 (Q3)",
      "signal": "YoY REVENUE GROWTH DECELERATION",
      "detail": "YoY growth: -62.5% vs prior quarter YoY: -43.2% (decel: -19.3%)",
      "severity": "WARNING"
    },
    {
      "quarter": "2023-06 (Q2)",
      "signal": "OP MARGIN TURNED POSITIVE (YoY)",
      "detail": "Op margin: -6.5% (year-ago) -> +4.0%",
      "severity": "HIGH"
    },
    {
      "quarter": "2023-06 (Q2)",
      "signal": "OP MARGIN TURNED POSITIVE (QoQ)",
      "detail": "Op margin: -19.1% -> +4.0%",
      "severity": "HIGH"
    },
    {
      "quarter": "2023-03 (Q1)",
      "signal": "FCF TURNED POSITIVE",
      "detail": "FCF margin: -15.0% -> +66.4%",
      "severity": "HIGH"
    },
    {
      "quarter": "2023-03 (Q1)",
      "signal": "YoY REVENUE GROWTH DECELERATION",
      "detail": "YoY growth: -41.2% vs prior quarter YoY: +57.7% (decel: -99.0%)",
      "severity": "WARNING"
    },
    {
      "quarter": "2022-12 (Q4)",
      "signal": "YoY REVENUE GROWTH DECELERATION",
      "detail": "YoY growth: +57.7% vs prior quarter YoY: +64.6% (decel: -6.9%)",
      "severity": "WARNING"
    },
    {
      "quarter": "2022-09 (Q3)",
      "signal": "FCF TURNED POSITIVE",
      "detail": "FCF margin: -16.0% -> +5.4%",
      "severity": "HIGH"
    },
    {
      "quarter": "2022-09 (Q3)",
      "signal": "YoY REVENUE GROWTH ACCELERATION",
      "detail": "YoY growth: +64.6% vs prior quarter YoY: +25.1% (accel: +39.5%)",
      "severity": "HIGH"
    },
    {
      "quarter": "2022-06 (Q2)",
      "signal": "FCF MARGIN EXPANSION",
      "detail": "FCF margin: -25.0% -> -16.0% (+9.0%)",
      "severity": "MEDIUM"
    },
    {
      "quarter": "2022-06 (Q2)",
      "signal": "OPERATING LEVERAGE",
      "detail": "Rev growth +21.7% vs OpEx growth +8.0% (leverage: 2.7x)",
      "severity": "MEDIUM"
    },
    {
      "quarter": "2022-06 (Q2)",
      "signal": "YoY REVENUE GROWTH ACCELERATION",
      "detail": "YoY growth: +25.1% vs prior quarter YoY: -6.1% (accel: +31.2%)",
      "severity": "HIGH"
    },
    {
      "quarter": "2022-03 (Q1)",
      "signal": "YoY REVENUE GROWTH DECELERATION",
      "detail": "YoY growth: -6.1% vs prior quarter YoY: +72.9% (decel: -79.0%)",
      "severity": "WARNING"
    },
    {
      "quarter": "2021-12 (Q4)",
      "signal": "OP MARGIN TURNED POSITIVE (YoY)",
      "detail": "Op margin: -8.0% (year-ago) -> +4.5%",
      "severity": "HIGH"
    },
    {
      "quarter": "2021-09 (Q3)",
      "signal": "FCF TURNED POSITIVE",
      "detail": "FCF margin: -0.1% -> +25.1%",
      "severity": "HIGH"
    },
    {
      "quarter": "2021-03 (Q1)",
      "signal": "FCF MARGIN EXPANSION",
      "detail": "FCF margin: +3.7% -> +32.7% (+29.0%)",
      "severity": "MEDIUM"
    },
    {
      "quarter": "2021-03 (Q1)",
      "signal": "OPERATING LEVERAGE",
      "detail": "Rev growth +90.1% vs OpEx growth +48.3% (leverage: 1.9x)",
      "severity": "MEDIUM"
    },
    {
      "quarter": "2021-03 (Q1)",
      "signal": "OP MARGIN TURNED POSITIVE (QoQ)",
      "detail": "Op margin: -8.0% -> +15.7%",
      "severity": "HIGH"
    }
  ],
  "data_quality": {
    "n_quarters": 20,
    "coverage": {
      "revenue": [
        20,
        20
      ],
      "gross_profit": [
        1,
        20
      ],
      "op_income": [
        20,
        20
      ],
      "fcf": [
        20,
        20
      ]
    },
    "gaps": [],
    "warnings": [
      "gross_profit: 1/20Q"
    ]
  },
  "market_cap": null,
  "source": "SEC EDGAR",
  "last_updated": "2026-02-03T00:20:56.707322"
}