{
  "ticker": "RICK",
  "name": "RCI HOSPITALITY HOLDINGS, INC.",
  "quarters": [
    {
      "date": "2020-12-31T00:00:00",
      "quarter_label": "2020-12 (Q4)",
      "revenue": 38398000,
      "gross_profit": 32194000,
      "operating_income": 6583000,
      "net_income": 9643000,
      "opex": 31815000,
      "cogs": 6204000,
      "rd": null,
      "sga": 12152000,
      "fcf": 4985000,
      "ocf": 6274000,
      "capex": -1289000,
      "gross_margin": 0.8384290848481691,
      "op_margin": 0.1714412208969217,
      "fcf_margin": 0.12982447002448044
    },
    {
      "date": "2021-03-31T00:00:00",
      "quarter_label": "2021-03 (Q1)",
      "revenue": 44059000,
      "gross_profit": null,
      "operating_income": 9841000,
      "net_income": 6091000,
      "opex": 34218000,
      "cogs": null,
      "rd": null,
      "sga": 12618000,
      "fcf": 5543000,
      "ocf": 10972000,
      "capex": -5429000,
      "gross_margin": null,
      "op_margin": 0.22335958600966885,
      "fcf_margin": 0.12580857486552124,
      "op_leverage_ratio": 1.9519231163139932,
      "fcf_margin_change": -0.0040158951589591985
    },
    {
      "date": "2021-06-30T00:00:00",
      "quarter_label": "2021-06 (Q2)",
      "revenue": 57860000,
      "gross_profit": null,
      "operating_income": 18507000,
      "net_income": 12302000,
      "opex": 39353000,
      "cogs": null,
      "rd": null,
      "sga": 14697000,
      "fcf": 10901000,
      "ocf": 14971000,
      "capex": -4070000,
      "gross_margin": null,
      "op_margin": 0.3198582786035257,
      "fcf_margin": 0.18840304182509507,
      "op_leverage_ratio": 2.0873250931802456,
      "fcf_margin_change": 0.06259446695957382
    },
    {
      "date": "2021-09-30T00:00:00",
      "quarter_label": "2021-09 (Q3)",
      "revenue": 54941000,
      "gross_profit": null,
      "operating_income": 3617000,
      "net_income": 2300000,
      "opex": 51324000,
      "cogs": null,
      "rd": null,
      "sga": 15141000,
      "fcf": 7051000,
      "ocf": 9774000,
      "capex": -2723000,
      "gross_margin": null,
      "op_margin": 0.06583425856828234,
      "fcf_margin": 0.12833767132014343,
      "fcf_margin_change": -0.06006537050495164
    },
    {
      "date": "2021-12-31T00:00:00",
      "quarter_label": "2021-12 (Q4)",
      "revenue": 61836000,
      "gross_profit": null,
      "operating_income": 15911000,
      "net_income": 10575000,
      "opex": 45925000,
      "cogs": null,
      "rd": null,
      "sga": 18486000,
      "fcf": 6414000,
      "ocf": 16264000,
      "capex": -9850000,
      "gross_margin": null,
      "op_margin": 0.25730965780451515,
      "fcf_margin": 0.10372598486318649,
      "incr_op_margin_yoy": 0.39798617629490574,
      "rev_growth_yoy": 0.6103963748111881,
      "op_leverage_ratio": Infinity,
      "fcf_margin_change": -0.024611686456956938
    },
    {
      "date": "2022-03-31T00:00:00",
      "quarter_label": "2022-03 (Q1)",
      "revenue": 63692000,
      "gross_profit": null,
      "operating_income": 17081000,
      "net_income": 10952000,
      "opex": 46611000,
      "cogs": null,
      "rd": null,
      "sga": 18437000,
      "fcf": 7457000,
      "ocf": 11597000,
      "capex": -4140000,
      "gross_margin": null,
      "op_margin": 0.26818124725240217,
      "fcf_margin": 0.11707906801482133,
      "incr_op_margin_yoy": 0.3687668721030917,
      "rev_growth_yoy": 0.4456070269411471,
      "rev_growth_yoy_accel": -0.16478934787004101,
      "op_leverage_ratio": 2.0093779520624198,
      "fcf_margin_change": 0.013353083151634845
    },
    {
      "date": "2022-06-30T00:00:00",
      "quarter_label": "2022-06 (Q2)",
      "revenue": 70714000,
      "gross_profit": null,
      "operating_income": 20507000,
      "net_income": 13902000,
      "opex": 50207000,
      "cogs": null,
      "rd": null,
      "sga": 19572000,
      "fcf": 15710000,
      "ocf": 18893000,
      "capex": -3183000,
      "gross_margin": null,
      "op_margin": 0.2899991515117233,
      "fcf_margin": 0.2221625137879345,
      "incr_op_margin_yoy": 0.1555935895441108,
      "rev_growth_yoy": 0.22215693052194954,
      "rev_growth_yoy_accel": -0.22345009641919758,
      "op_leverage_ratio": 1.4290409571172504,
      "fcf_margin_change": 0.10508344577311317
    },
    {
      "date": "2022-09-30T00:00:00",
      "quarter_label": "2022-09 (Q3)",
      "revenue": 71378000,
      "gross_profit": null,
      "operating_income": 17960000,
      "net_income": 10612000,
      "opex": 53418000,
      "cogs": null,
      "rd": null,
      "sga": 22352000,
      "fcf": 10925000,
      "ocf": 17755000,
      "capex": -6830000,
      "gross_margin": null,
      "op_margin": 0.25161814564711815,
      "fcf_margin": 0.15305836532264844,
      "incr_op_margin_yoy": 0.8726044898704143,
      "rev_growth_yoy": 0.2991754791503613,
      "rev_growth_yoy_accel": 0.07701854862841176,
      "fcf_margin_change": -0.06910414846528606
    },
    {
      "date": "2022-12-31T00:00:00",
      "quarter_label": "2022-12 (Q4)",
      "revenue": 69968000,
      "gross_profit": null,
      "operating_income": 16898000,
      "net_income": 10238000,
      "opex": 53070000,
      "cogs": null,
      "rd": null,
      "sga": 22732000,
      "fcf": 2342000,
      "ocf": 14895000,
      "capex": -12553000,
      "gross_margin": null,
      "op_margin": 0.2415104047564601,
      "fcf_margin": 0.03347244454607821,
      "incr_op_margin_yoy": 0.12137235612395475,
      "rev_growth_yoy": 0.13150915324406495,
      "rev_growth_yoy_accel": -0.16766632590629635,
      "fcf_margin_change": -0.11958592077657024
    },
    {
      "date": "2023-03-31T00:00:00",
      "quarter_label": "2023-03 (Q1)",
      "revenue": 71517000,
      "gross_profit": null,
      "operating_income": 13427000,
      "net_income": 7732000,
      "opex": 58090000,
      "cogs": null,
      "rd": null,
      "sga": 22026000,
      "fcf": 8452000,
      "ocf": 16789000,
      "capex": -8337000,
      "gross_margin": null,
      "op_margin": 0.1877455709831229,
      "fcf_margin": 0.11818169106645972,
      "incr_op_margin_yoy": -0.4669648562300319,
      "rev_growth_yoy": 0.12285687370470388,
      "rev_growth_yoy_accel": -0.008652279539361069,
      "op_leverage_ratio": 0.2340439010024389,
      "fcf_margin_change": 0.0847092465203815
    },
    {
      "date": "2023-06-30T00:00:00",
      "quarter_label": "2023-06 (Q2)",
      "revenue": 77055000,
      "gross_profit": null,
      "operating_income": 15515000,
      "net_income": 9085000,
      "opex": 61540000,
      "cogs": null,
      "rd": null,
      "sga": 23803000,
      "fcf": 6291000,
      "ocf": 15320000,
      "capex": -9029000,
      "gross_margin": null,
      "op_margin": 0.2013496852897281,
      "fcf_margin": 0.08164298228538057,
      "incr_op_margin_yoy": -0.7872575303579877,
      "rev_growth_yoy": 0.08967106937805809,
      "rev_growth_yoy_accel": -0.03318580432664579,
      "op_leverage_ratio": 1.303844935621874,
      "fcf_margin_change": -0.03653870878107915
    },
    {
      "date": "2023-09-30T00:00:00",
      "quarter_label": "2023-09 (Q3)",
      "revenue": 75250000,
      "gross_profit": null,
      "operating_income": 5644000,
      "net_income": 2191000,
      "opex": 69606000,
      "cogs": null,
      "rd": null,
      "sga": 24463000,
      "fcf": 1661000,
      "ocf": 12126000,
      "capex": -10465000,
      "gross_margin": null,
      "op_margin": 0.07500332225913621,
      "fcf_margin": 0.022073089700996678,
      "incr_op_margin_yoy": -3.1807851239669422,
      "rev_growth_yoy": 0.05424640645577069,
      "rev_growth_yoy_accel": -0.0354246629222874,
      "fcf_margin_change": -0.05956989258438389
    },
    {
      "date": "2023-12-31T00:00:00",
      "quarter_label": "2023-12 (Q4)",
      "revenue": 73907000,
      "gross_profit": null,
      "operating_income": 13165000,
      "net_income": 7226000,
      "opex": 60742000,
      "cogs": null,
      "rd": null,
      "sga": 25201000,
      "fcf": 13633000,
      "ocf": 13633000,
      "capex": null,
      "gross_margin": null,
      "op_margin": 0.17812927056977013,
      "fcf_margin": 0.18446155303286563,
      "incr_op_margin_yoy": -0.9477024625539477,
      "rev_growth_yoy": 0.056297164418019664,
      "rev_growth_yoy_accel": 0.0020507579622489752,
      "fcf_margin_change": 0.16238846333186896
    },
    {
      "date": "2024-03-30T00:00:00",
      "quarter_label": "2024-03 (Q1)",
      "revenue": 72283000,
      "gross_profit": null,
      "operating_income": 4657000,
      "net_income": 774000,
      "opex": null,
      "cogs": null,
      "rd": null,
      "sga": null,
      "fcf": null,
      "ocf": null,
      "capex": null,
      "gross_margin": null,
      "op_margin": 0.06442732039345352,
      "fcf_margin": null,
      "rev_growth_yoy": 0.010710740103751556,
      "rev_growth_yoy_accel": -0.04558642431426811
    },
    {
      "date": "2024-03-31T00:00:00",
      "quarter_label": "2024-03 (Q1)",
      "revenue": 72283000,
      "gross_profit": null,
      "operating_income": 4657000,
      "net_income": 774000,
      "opex": 67626000,
      "cogs": null,
      "rd": null,
      "sga": 24653000,
      "fcf": 10836000,
      "ocf": 10836000,
      "capex": null,
      "gross_margin": null,
      "op_margin": 0.06442732039345352,
      "fcf_margin": 0.14991076740035694,
      "rev_growth_yoy": 0.010710740103751556,
      "rev_growth_yoy_accel": 0.0
    },
    {
      "date": "2024-06-30T00:00:00",
      "quarter_label": "2024-06 (Q2)",
      "revenue": 76180000,
      "gross_profit": null,
      "operating_income": -2536000,
      "net_income": -5233000,
      "opex": 78716000,
      "cogs": null,
      "rd": null,
      "sga": 25057000,
      "fcf": 15764000,
      "ocf": 15764000,
      "capex": null,
      "gross_margin": null,
      "op_margin": -0.03328957731688107,
      "fcf_margin": 0.20693095300603834,
      "rev_growth_yoy": -0.011355525274154824,
      "rev_growth_yoy_accel": -0.02206626537790638,
      "op_leverage_ratio": 0.3287580462061958,
      "fcf_margin_change": 0.057020185605681395
    },
    {
      "date": "2024-09-30T00:00:00",
      "quarter_label": "2024-09 (Q3)",
      "revenue": 73234000,
      "gross_profit": null,
      "operating_income": 3519000,
      "net_income": 244000,
      "opex": 69715000,
      "cogs": null,
      "rd": null,
      "sga": 24761000,
      "fcf": 15651000,
      "ocf": 15651000,
      "capex": null,
      "gross_margin": null,
      "op_margin": 0.04805145151159298,
      "fcf_margin": 0.2137122101756015,
      "incr_op_margin_yoy": 1.0540674603174602,
      "rev_growth_yoy": -0.026790697674418603,
      "rev_growth_yoy_accel": -0.01543517240026378,
      "fcf_margin_change": 0.006781257169563154
    },
    {
      "date": "2024-12-31T00:00:00",
      "quarter_label": "2024-12 (Q4)",
      "revenue": 71483000,
      "gross_profit": null,
      "operating_income": 13906000,
      "net_income": 9024000,
      "opex": 57577000,
      "cogs": null,
      "rd": null,
      "sga": 26207000,
      "fcf": 13344000,
      "ocf": 13344000,
      "capex": null,
      "gross_margin": null,
      "op_margin": 0.194535763748024,
      "fcf_margin": 0.18667375459899557,
      "incr_op_margin_yoy": -0.3056930693069307,
      "rev_growth_yoy": -0.0327979758344947,
      "rev_growth_yoy_accel": -0.0060072781600760995,
      "fcf_margin_change": -0.02703845557660592
    },
    {
      "date": "2025-03-31T00:00:00",
      "quarter_label": "2025-03 (Q1)",
      "revenue": 65876000,
      "gross_profit": null,
      "operating_income": 8171000,
      "net_income": 3231000,
      "opex": 57705000,
      "cogs": null,
      "rd": null,
      "sga": 22900000,
      "fcf": 8547000,
      "ocf": 8547000,
      "capex": null,
      "gross_margin": null,
      "op_margin": 0.12403606776367722,
      "fcf_margin": 0.12974376100552554,
      "incr_op_margin_yoy": -0.5484626190104573,
      "rev_growth_yoy": -0.08863771564544913,
      "rev_growth_yoy_accel": -0.05583973981095443,
      "fcf_margin_change": -0.056929993593470035
    },
    {
      "date": "2025-06-30T00:00:00",
      "quarter_label": "2025-06 (Q2)",
      "revenue": 71145000,
      "gross_profit": null,
      "operating_income": 8713000,
      "net_income": 4058000,
      "opex": 62432000,
      "cogs": null,
      "rd": null,
      "sga": 26140000,
      "fcf": 13793000,
      "ocf": 13793000,
      "capex": null,
      "gross_margin": null,
      "op_margin": 0.12246819874903367,
      "fcf_margin": 0.1938716705320121,
      "incr_op_margin_yoy": -2.2341608738828205,
      "rev_growth_yoy": -0.06609346285114204,
      "rev_growth_yoy_accel": 0.022544252794307093,
      "op_leverage_ratio": 0.9764023606839825,
      "fcf_margin_change": 0.06412790952648656
    }
  ],
  "signals": [
    {
      "quarter": "2025-06 (Q2)",
      "signal": "FCF MARGIN EXPANSION",
      "detail": "FCF margin: +13.0% -> +19.4% (+6.4%)",
      "severity": "MEDIUM"
    },
    {
      "quarter": "2025-06 (Q2)",
      "signal": "OP MARGIN TURNED POSITIVE (YoY)",
      "detail": "Op margin: -3.3% (year-ago) -> +12.2%",
      "severity": "HIGH"
    },
    {
      "quarter": "2025-03 (Q1)",
      "signal": "YoY REVENUE GROWTH DECELERATION",
      "detail": "YoY growth: -8.9% vs prior quarter YoY: -3.3% (decel: -5.6%)",
      "severity": "WARNING"
    },
    {
      "quarter": "2024-09 (Q3)",
      "signal": "INCREMENTAL MARGIN (YoY)",
      "detail": "YoY Incr OPM: +105.4% vs year-ago OPM: +7.5%",
      "severity": "HIGH"
    },
    {
      "quarter": "2024-09 (Q3)",
      "signal": "OP MARGIN TURNED POSITIVE (QoQ)",
      "detail": "Op margin: -3.3% -> +4.8%",
      "severity": "HIGH"
    },
    {
      "quarter": "2024-06 (Q2)",
      "signal": "FCF MARGIN EXPANSION",
      "detail": "FCF margin: +15.0% -> +20.7% (+5.7%)",
      "severity": "MEDIUM"
    },
    {
      "quarter": "2023-12 (Q4)",
      "signal": "FCF MARGIN EXPANSION",
      "detail": "FCF margin: +2.2% -> +18.4% (+16.2%)",
      "severity": "MEDIUM"
    },
    {
      "quarter": "2023-03 (Q1)",
      "signal": "FCF MARGIN EXPANSION",
      "detail": "FCF margin: +3.3% -> +11.8% (+8.5%)",
      "severity": "MEDIUM"
    },
    {
      "quarter": "2022-12 (Q4)",
      "signal": "YoY REVENUE GROWTH DECELERATION",
      "detail": "YoY growth: +13.2% vs prior quarter YoY: +29.9% (decel: -16.8%)",
      "severity": "WARNING"
    },
    {
      "quarter": "2022-09 (Q3)",
      "signal": "YoY REVENUE GROWTH ACCELERATION",
      "detail": "YoY growth: +29.9% vs prior quarter YoY: +22.2% (accel: +7.7%)",
      "severity": "MEDIUM"
    },
    {
      "quarter": "2022-09 (Q3)",
      "signal": "INCREMENTAL MARGIN (YoY)",
      "detail": "YoY Incr OPM: +87.3% vs year-ago OPM: +6.6%",
      "severity": "HIGH"
    },
    {
      "quarter": "2022-06 (Q2)",
      "signal": "FCF MARGIN EXPANSION",
      "detail": "FCF margin: +11.7% -> +22.2% (+10.5%)",
      "severity": "MEDIUM"
    },
    {
      "quarter": "2022-06 (Q2)",
      "signal": "YoY REVENUE GROWTH DECELERATION",
      "detail": "YoY growth: +22.2% vs prior quarter YoY: +44.6% (decel: -22.3%)",
      "severity": "WARNING"
    },
    {
      "quarter": "2022-03 (Q1)",
      "signal": "OPERATING LEVERAGE",
      "detail": "Rev growth +3.0% vs OpEx growth +1.5% (leverage: 2.0x)",
      "severity": "MEDIUM"
    },
    {
      "quarter": "2022-03 (Q1)",
      "signal": "YoY REVENUE GROWTH DECELERATION",
      "detail": "YoY growth: +44.6% vs prior quarter YoY: +61.0% (decel: -16.5%)",
      "severity": "WARNING"
    },
    {
      "quarter": "2022-03 (Q1)",
      "signal": "INCREMENTAL MARGIN (YoY)",
      "detail": "YoY Incr OPM: +36.9% vs year-ago OPM: +22.3%",
      "severity": "MEDIUM"
    },
    {
      "quarter": "2021-12 (Q4)",
      "signal": "INCREMENTAL MARGIN (YoY)",
      "detail": "YoY Incr OPM: +39.8% vs year-ago OPM: +17.1%",
      "severity": "HIGH"
    },
    {
      "quarter": "2021-06 (Q2)",
      "signal": "FCF MARGIN EXPANSION",
      "detail": "FCF margin: +12.6% -> +18.8% (+6.3%)",
      "severity": "MEDIUM"
    },
    {
      "quarter": "2021-06 (Q2)",
      "signal": "OPERATING LEVERAGE",
      "detail": "Rev growth +31.3% vs OpEx growth +15.0% (leverage: 2.1x)",
      "severity": "MEDIUM"
    },
    {
      "quarter": "2021-03 (Q1)",
      "signal": "OPERATING LEVERAGE",
      "detail": "Rev growth +14.7% vs OpEx growth +7.6% (leverage: 2.0x)",
      "severity": "MEDIUM"
    }
  ],
  "data_quality": {
    "n_quarters": 20,
    "coverage": {
      "revenue": [
        20,
        20
      ],
      "gross_profit": [
        1,
        20
      ],
      "op_income": [
        20,
        20
      ],
      "fcf": [
        19,
        20
      ]
    },
    "gaps": [],
    "warnings": [
      "gross_profit: 1/20Q"
    ]
  },
  "market_cap": null,
  "source": "SEC EDGAR",
  "last_updated": "2026-02-02T22:58:29.574508"
}