{
  "ticker": "RITM",
  "name": "Rithm Capital Corp.",
  "sector": "Real Estate",
  "industry": "REIT - Mortgage",
  "quarters": [
    {
      "date": "2021-03-31T00:00:00",
      "quarter_label": "2021-03 (Q1)",
      "revenue": 1170717000,
      "gross_profit": null,
      "operating_income": null,
      "net_income": null,
      "opex": 503572000,
      "cogs": null,
      "rd": null,
      "sga": null,
      "fcf": -495348000,
      "ocf": -495348000,
      "capex": null,
      "gross_margin": null,
      "op_margin": null,
      "fcf_margin": -0.42311506538300886
    },
    {
      "date": "2021-06-30T00:00:00",
      "quarter_label": "2021-06 (Q2)",
      "revenue": 454051000,
      "gross_profit": null,
      "operating_income": null,
      "net_income": null,
      "opex": 497932000,
      "cogs": null,
      "rd": null,
      "sga": null,
      "fcf": -519013000,
      "ocf": -519013000,
      "capex": null,
      "gross_margin": null,
      "op_margin": null,
      "fcf_margin": -1.1430720337583222,
      "fcf_margin_change": -0.7199569683753133
    },
    {
      "date": "2021-09-30T00:00:00",
      "quarter_label": "2021-09 (Q3)",
      "revenue": 960416000,
      "gross_profit": null,
      "operating_income": null,
      "net_income": null,
      "opex": 723859000,
      "cogs": null,
      "rd": null,
      "sga": null,
      "fcf": 327866000,
      "ocf": 327866000,
      "capex": null,
      "gross_margin": null,
      "op_margin": null,
      "fcf_margin": 0.3413791523673075,
      "op_leverage_ratio": 2.4578815240898764,
      "fcf_margin_change": 1.4844511861256298
    },
    {
      "date": "2021-12-31T00:00:00",
      "quarter_label": "2021-12 (Q4)",
      "revenue": 1024471000,
      "gross_profit": null,
      "operating_income": null,
      "net_income": null,
      "opex": 826383000,
      "cogs": null,
      "rd": null,
      "sga": null,
      "fcf": 4121301000,
      "ocf": 4121301000,
      "capex": null,
      "gross_margin": null,
      "op_margin": null,
      "fcf_margin": 4.022857650436176,
      "op_leverage_ratio": 0.47089283843473073,
      "fcf_margin_change": 3.6814784980688686
    },
    {
      "date": "2022-03-31T00:00:00",
      "quarter_label": "2022-03 (Q1)",
      "revenue": 1729202000,
      "gross_profit": null,
      "operating_income": null,
      "net_income": null,
      "opex": 802879000,
      "cogs": null,
      "rd": null,
      "sga": null,
      "fcf": 3219674000,
      "ocf": 3219674000,
      "capex": null,
      "gross_margin": null,
      "op_margin": null,
      "fcf_margin": 1.8619420981470065,
      "rev_growth_yoy": 0.47704526371445877,
      "op_leverage_ratio": null,
      "fcf_margin_change": -2.1609155522891696
    },
    {
      "date": "2022-06-30T00:00:00",
      "quarter_label": "2022-06 (Q2)",
      "revenue": 1322480000,
      "gross_profit": null,
      "operating_income": null,
      "net_income": null,
      "opex": 1136743000,
      "cogs": null,
      "rd": null,
      "sga": null,
      "fcf": 1310267000,
      "ocf": 1310267000,
      "capex": null,
      "gross_margin": null,
      "op_margin": null,
      "fcf_margin": 0.9907650777327446,
      "rev_growth_yoy": 1.9126243527709443,
      "rev_growth_yoy_accel": 1.4355790890564855,
      "fcf_margin_change": -0.8711770204142619
    },
    {
      "date": "2022-09-30T00:00:00",
      "quarter_label": "2022-09 (Q3)",
      "revenue": 912843000,
      "gross_profit": null,
      "operating_income": null,
      "net_income": null,
      "opex": 723697000,
      "cogs": null,
      "rd": null,
      "sga": null,
      "fcf": 1231359000,
      "ocf": 1231359000,
      "capex": null,
      "gross_margin": null,
      "op_margin": null,
      "fcf_margin": 1.3489274716462742,
      "rev_growth_yoy": -0.049533743711058544,
      "rev_growth_yoy_accel": -1.962158096482003,
      "fcf_margin_change": 0.35816239391352966
    },
    {
      "date": "2022-12-31T00:00:00",
      "quarter_label": "2022-12 (Q4)",
      "revenue": 753909000,
      "gross_profit": null,
      "operating_income": null,
      "net_income": null,
      "opex": 676600000,
      "cogs": null,
      "rd": null,
      "sga": null,
      "fcf": -8414000,
      "ocf": -8414000,
      "capex": null,
      "gross_margin": null,
      "op_margin": null,
      "fcf_margin": -0.011160498150307264,
      "rev_growth_yoy": -0.2640992277965897,
      "rev_growth_yoy_accel": -0.21456548408553114,
      "fcf_margin_change": -1.3600879697965815
    },
    {
      "date": "2023-03-31T00:00:00",
      "quarter_label": "2023-03 (Q1)",
      "revenue": 783417000,
      "gross_profit": null,
      "operating_income": null,
      "net_income": null,
      "opex": 665103000,
      "cogs": null,
      "rd": null,
      "sga": null,
      "fcf": 1248442000,
      "ocf": 1248442000,
      "capex": null,
      "gross_margin": null,
      "op_margin": null,
      "fcf_margin": 1.5935855361831566,
      "rev_growth_yoy": -0.546948823792709,
      "rev_growth_yoy_accel": -0.28284959599611936,
      "op_leverage_ratio": null,
      "fcf_margin_change": 1.6047460343334639
    },
    {
      "date": "2023-06-30T00:00:00",
      "quarter_label": "2023-06 (Q2)",
      "revenue": 1038202000,
      "gross_profit": null,
      "operating_income": null,
      "net_income": null,
      "opex": 700272000,
      "cogs": null,
      "rd": null,
      "sga": null,
      "fcf": -16918000,
      "ocf": -16918000,
      "capex": null,
      "gross_margin": null,
      "op_margin": null,
      "fcf_margin": -0.0162954800703524,
      "rev_growth_yoy": -0.21495826023834008,
      "rev_growth_yoy_accel": 0.33199056355436896,
      "op_leverage_ratio": 6.150490496143364,
      "fcf_margin_change": -1.6098810162535089
    },
    {
      "date": "2023-09-30T00:00:00",
      "quarter_label": "2023-09 (Q3)",
      "revenue": 1089415000,
      "gross_profit": null,
      "operating_income": null,
      "net_income": null,
      "opex": 759178000,
      "cogs": null,
      "rd": null,
      "sga": null,
      "fcf": 509017000,
      "ocf": 509017000,
      "capex": null,
      "gross_margin": null,
      "op_margin": null,
      "fcf_margin": 0.4672388391935121,
      "rev_growth_yoy": 0.19343085284106906,
      "rev_growth_yoy_accel": 0.40838911307940917,
      "op_leverage_ratio": 0.5864156938163244,
      "fcf_margin_change": 0.48353431926386453
    },
    {
      "date": "2023-12-31T00:00:00",
      "quarter_label": "2023-12 (Q4)",
      "revenue": 691654000,
      "gross_profit": null,
      "operating_income": null,
      "net_income": null,
      "opex": 810186000,
      "cogs": null,
      "rd": null,
      "sga": null,
      "fcf": -1046946000,
      "ocf": -1046946000,
      "capex": null,
      "gross_margin": null,
      "op_margin": null,
      "fcf_margin": -1.5136845879587193,
      "rev_growth_yoy": -0.08257627909999748,
      "rev_growth_yoy_accel": -0.2760071319410665,
      "fcf_margin_change": -1.9809234271522314
    },
    {
      "date": "2024-03-31T00:00:00",
      "quarter_label": "2024-03 (Q1)",
      "revenue": 1286310000,
      "gross_profit": null,
      "operating_income": null,
      "net_income": 284035000,
      "opex": 845261000,
      "cogs": null,
      "rd": null,
      "sga": null,
      "fcf": -1314546000,
      "ocf": -1314546000,
      "capex": null,
      "gross_margin": null,
      "op_margin": null,
      "fcf_margin": -1.0219511626279825,
      "rev_growth_yoy": 0.6419225010435056,
      "rev_growth_yoy_accel": 0.724498780143503,
      "op_leverage_ratio": 19.85930139398862,
      "fcf_margin_change": 0.49173342533073683
    },
    {
      "date": "2024-06-30T00:00:00",
      "quarter_label": "2024-06 (Q2)",
      "revenue": 1229407000,
      "gross_profit": null,
      "operating_income": null,
      "net_income": 235556000,
      "opex": 943515000,
      "cogs": null,
      "rd": null,
      "sga": null,
      "fcf": 114606000,
      "ocf": 114606000,
      "capex": null,
      "gross_margin": null,
      "op_margin": null,
      "fcf_margin": 0.09322055267295533,
      "rev_growth_yoy": 0.18416936203166628,
      "rev_growth_yoy_accel": -0.4577531390118393,
      "fcf_margin_change": 1.1151717153009377
    },
    {
      "date": "2024-09-30T00:00:00",
      "quarter_label": "2024-09 (Q3)",
      "revenue": 619514000,
      "gross_profit": null,
      "operating_income": null,
      "net_income": 121742000,
      "opex": 983887000,
      "cogs": null,
      "rd": null,
      "sga": null,
      "fcf": 768097000,
      "ocf": 768097000,
      "capex": null,
      "gross_margin": null,
      "op_margin": null,
      "fcf_margin": 1.2398380020467656,
      "rev_growth_yoy": -0.4313333302735872,
      "rev_growth_yoy_accel": -0.6155026923052536,
      "fcf_margin_change": 1.1466174493738104
    },
    {
      "date": "2024-12-31T00:00:00",
      "quarter_label": "2024-12 (Q4)",
      "revenue": 2096297000,
      "gross_profit": null,
      "operating_income": null,
      "net_income": 290170000,
      "opex": 1068376000,
      "cogs": null,
      "rd": null,
      "sga": null,
      "fcf": -1753358000,
      "ocf": -1753358000,
      "capex": null,
      "gross_margin": null,
      "op_margin": null,
      "fcf_margin": -0.8364072457290165,
      "rev_growth_yoy": 2.030846348029506,
      "rev_growth_yoy_accel": 2.462179678303093,
      "op_leverage_ratio": 27.759434303293492,
      "fcf_margin_change": -2.0762452477757822
    },
    {
      "date": "2025-03-31T00:00:00",
      "quarter_label": "2025-03 (Q1)",
      "revenue": 768379000,
      "gross_profit": null,
      "operating_income": null,
      "net_income": 78811000,
      "opex": 928067000,
      "cogs": null,
      "rd": null,
      "sga": null,
      "fcf": 1421267000,
      "ocf": 1421267000,
      "capex": null,
      "gross_margin": null,
      "op_margin": null,
      "fcf_margin": 1.84969526756978,
      "rev_growth_yoy": -0.40264866167564584,
      "rev_growth_yoy_accel": -2.433495009705152,
      "fcf_margin_change": 2.6861025132987963
    },
    {
      "date": "2025-06-30T00:00:00",
      "quarter_label": "2025-06 (Q2)",
      "revenue": 1217039000,
      "gross_profit": null,
      "operating_income": null,
      "net_income": 311717000,
      "opex": 951850000,
      "cogs": null,
      "rd": null,
      "sga": null,
      "fcf": -557080000,
      "ocf": -557080000,
      "capex": null,
      "gross_margin": null,
      "op_margin": null,
      "fcf_margin": -0.45773389349067695,
      "rev_growth_yoy": -0.010060134682818626,
      "rev_growth_yoy_accel": 0.3925885269928272,
      "op_leverage_ratio": 22.785289954198415,
      "fcf_margin_change": -2.307429161060457
    },
    {
      "date": "2025-09-30T00:00:00",
      "quarter_label": "2025-09 (Q3)",
      "revenue": 1105523000,
      "gross_profit": null,
      "operating_income": null,
      "net_income": 221538000,
      "opex": 938855000,
      "cogs": null,
      "rd": null,
      "sga": null,
      "fcf": -2041657000,
      "ocf": -2041657000,
      "capex": null,
      "gross_margin": null,
      "op_margin": null,
      "fcf_margin": -1.8467793071695477,
      "rev_growth_yoy": 0.7845004309829964,
      "rev_growth_yoy_accel": 0.794560565665815,
      "fcf_margin_change": -1.3890454136788708
    },
    {
      "date": "2025-12-31T00:00:00",
      "quarter_label": "2025-12 (Q4)",
      "revenue": 1290749000,
      "gross_profit": null,
      "operating_income": null,
      "net_income": 84991000,
      "opex": 1174104000,
      "cogs": null,
      "rd": null,
      "sga": null,
      "fcf": -114581000,
      "ocf": -114581000,
      "capex": null,
      "gross_margin": null,
      "op_margin": null,
      "fcf_margin": -0.08877093842412428,
      "rev_growth_yoy": -0.3842718851384131,
      "rev_growth_yoy_accel": -1.1687723161214094,
      "op_leverage_ratio": 0.6686593214964124,
      "fcf_margin_change": 1.7580083687454235
    }
  ],
  "signals": [
    {
      "quarter": "2025-12 (Q4)",
      "signal": "FCF MARGIN EXPANSION",
      "detail": "FCF margin: -184.7% -> -8.9% (+175.8%)",
      "severity": "MEDIUM"
    },
    {
      "quarter": "2025-12 (Q4)",
      "signal": "YoY REVENUE GROWTH DECELERATION",
      "detail": "YoY growth: -38.4% vs prior quarter YoY: +78.5% (decel: -116.9%)",
      "severity": "WARNING"
    },
    {
      "quarter": "2025-09 (Q3)",
      "signal": "YoY REVENUE GROWTH ACCELERATION",
      "detail": "YoY growth: +78.5% vs prior quarter YoY: -1.0% (accel: +79.5%)",
      "severity": "HIGH"
    },
    {
      "quarter": "2025-06 (Q2)",
      "signal": "OPERATING LEVERAGE",
      "detail": "Rev growth +58.4% vs OpEx growth +2.6% (leverage: 22.8x)",
      "severity": "MEDIUM"
    },
    {
      "quarter": "2025-06 (Q2)",
      "signal": "YoY REVENUE GROWTH ACCELERATION",
      "detail": "YoY growth: -1.0% vs prior quarter YoY: -40.3% (accel: +39.3%)",
      "severity": "HIGH"
    },
    {
      "quarter": "2025-03 (Q1)",
      "signal": "FCF TURNED POSITIVE",
      "detail": "FCF margin: -83.6% -> +185.0%",
      "severity": "HIGH"
    },
    {
      "quarter": "2025-03 (Q1)",
      "signal": "YoY REVENUE GROWTH DECELERATION",
      "detail": "YoY growth: -40.3% vs prior quarter YoY: +203.1% (decel: -243.3%)",
      "severity": "WARNING"
    },
    {
      "quarter": "2024-12 (Q4)",
      "signal": "OPERATING LEVERAGE",
      "detail": "Rev growth +238.4% vs OpEx growth +8.6% (leverage: 27.8x)",
      "severity": "MEDIUM"
    },
    {
      "quarter": "2024-12 (Q4)",
      "signal": "YoY REVENUE GROWTH ACCELERATION",
      "detail": "YoY growth: +203.1% vs prior quarter YoY: -43.1% (accel: +246.2%)",
      "severity": "HIGH"
    },
    {
      "quarter": "2024-09 (Q3)",
      "signal": "FCF MARGIN EXPANSION",
      "detail": "FCF margin: +9.3% -> +124.0% (+114.7%)",
      "severity": "MEDIUM"
    },
    {
      "quarter": "2024-09 (Q3)",
      "signal": "YoY REVENUE GROWTH DECELERATION",
      "detail": "YoY growth: -43.1% vs prior quarter YoY: +18.4% (decel: -61.6%)",
      "severity": "WARNING"
    },
    {
      "quarter": "2024-06 (Q2)",
      "signal": "FCF TURNED POSITIVE",
      "detail": "FCF margin: -102.2% -> +9.3%",
      "severity": "HIGH"
    },
    {
      "quarter": "2024-06 (Q2)",
      "signal": "YoY REVENUE GROWTH DECELERATION",
      "detail": "YoY growth: +18.4% vs prior quarter YoY: +64.2% (decel: -45.8%)",
      "severity": "WARNING"
    },
    {
      "quarter": "2024-03 (Q1)",
      "signal": "FCF MARGIN EXPANSION",
      "detail": "FCF margin: -151.4% -> -102.2% (+49.2%)",
      "severity": "MEDIUM"
    },
    {
      "quarter": "2024-03 (Q1)",
      "signal": "OPERATING LEVERAGE",
      "detail": "Rev growth +86.0% vs OpEx growth +4.3% (leverage: 19.9x)",
      "severity": "MEDIUM"
    },
    {
      "quarter": "2024-03 (Q1)",
      "signal": "YoY REVENUE GROWTH ACCELERATION",
      "detail": "YoY growth: +64.2% vs prior quarter YoY: -8.3% (accel: +72.4%)",
      "severity": "HIGH"
    },
    {
      "quarter": "2023-12 (Q4)",
      "signal": "YoY REVENUE GROWTH DECELERATION",
      "detail": "YoY growth: -8.3% vs prior quarter YoY: +19.3% (decel: -27.6%)",
      "severity": "WARNING"
    },
    {
      "quarter": "2023-09 (Q3)",
      "signal": "FCF TURNED POSITIVE",
      "detail": "FCF margin: -1.6% -> +46.7%",
      "severity": "HIGH"
    },
    {
      "quarter": "2023-09 (Q3)",
      "signal": "YoY REVENUE GROWTH ACCELERATION",
      "detail": "YoY growth: +19.3% vs prior quarter YoY: -21.5% (accel: +40.8%)",
      "severity": "HIGH"
    },
    {
      "quarter": "2023-06 (Q2)",
      "signal": "OPERATING LEVERAGE",
      "detail": "Rev growth +32.5% vs OpEx growth +5.3% (leverage: 6.2x)",
      "severity": "MEDIUM"
    },
    {
      "quarter": "2023-06 (Q2)",
      "signal": "YoY REVENUE GROWTH ACCELERATION",
      "detail": "YoY growth: -21.5% vs prior quarter YoY: -54.7% (accel: +33.2%)",
      "severity": "HIGH"
    },
    {
      "quarter": "2023-03 (Q1)",
      "signal": "FCF TURNED POSITIVE",
      "detail": "FCF margin: -1.1% -> +159.4%",
      "severity": "HIGH"
    },
    {
      "quarter": "2023-03 (Q1)",
      "signal": "YoY REVENUE GROWTH DECELERATION",
      "detail": "YoY growth: -54.7% vs prior quarter YoY: -26.4% (decel: -28.3%)",
      "severity": "WARNING"
    },
    {
      "quarter": "2022-12 (Q4)",
      "signal": "YoY REVENUE GROWTH DECELERATION",
      "detail": "YoY growth: -26.4% vs prior quarter YoY: -5.0% (decel: -21.5%)",
      "severity": "WARNING"
    },
    {
      "quarter": "2022-09 (Q3)",
      "signal": "FCF MARGIN EXPANSION",
      "detail": "FCF margin: +99.1% -> +134.9% (+35.8%)",
      "severity": "MEDIUM"
    },
    {
      "quarter": "2022-09 (Q3)",
      "signal": "YoY REVENUE GROWTH DECELERATION",
      "detail": "YoY growth: -5.0% vs prior quarter YoY: +191.3% (decel: -196.2%)",
      "severity": "WARNING"
    },
    {
      "quarter": "2022-06 (Q2)",
      "signal": "YoY REVENUE GROWTH ACCELERATION",
      "detail": "YoY growth: +191.3% vs prior quarter YoY: +47.7% (accel: +143.6%)",
      "severity": "HIGH"
    },
    {
      "quarter": "2021-12 (Q4)",
      "signal": "FCF MARGIN EXPANSION",
      "detail": "FCF margin: +34.1% -> +402.3% (+368.1%)",
      "severity": "MEDIUM"
    },
    {
      "quarter": "2021-09 (Q3)",
      "signal": "FCF TURNED POSITIVE",
      "detail": "FCF margin: -114.3% -> +34.1%",
      "severity": "HIGH"
    },
    {
      "quarter": "2021-09 (Q3)",
      "signal": "OPERATING LEVERAGE",
      "detail": "Rev growth +111.5% vs OpEx growth +45.4% (leverage: 2.5x)",
      "severity": "MEDIUM"
    }
  ],
  "data_quality": {
    "n_quarters": 20,
    "coverage": {
      "revenue": [
        20,
        20
      ],
      "gross_profit": [
        0,
        20
      ],
      "op_income": [
        0,
        20
      ],
      "fcf": [
        20,
        20
      ]
    },
    "gaps": [],
    "warnings": [
      "gross_profit: no data",
      "op_income: no data"
    ]
  },
  "market_cap": null,
  "source": "SEC EDGAR",
  "last_updated": "2026-02-24T10:18:34.787417"
}