{
  "ticker": "RJET",
  "name": "MESA AIR GROUP, INC.",
  "quarters": [
    {
      "date": "2020-12-31T00:00:00",
      "quarter_label": "2020-12 (Q4)",
      "revenue": 150371000,
      "gross_profit": null,
      "operating_income": 26972000,
      "net_income": 14118000,
      "opex": 123399000,
      "cogs": null,
      "rd": null,
      "sga": null,
      "fcf": 79273000,
      "ocf": 79273000,
      "capex": null,
      "gross_margin": null,
      "op_margin": 0.17936969229439187,
      "fcf_margin": 0.5271827679539273
    },
    {
      "date": "2021-03-31T00:00:00",
      "quarter_label": "2021-03 (Q1)",
      "revenue": 97280000,
      "gross_profit": null,
      "operating_income": 16761000,
      "net_income": 5689000,
      "opex": 80519000,
      "cogs": null,
      "rd": null,
      "sga": null,
      "fcf": -699000,
      "ocf": -699000,
      "capex": null,
      "gross_margin": null,
      "op_margin": 0.17229646381578947,
      "fcf_margin": -0.007185444078947369,
      "fcf_margin_change": -0.5343682120328747
    },
    {
      "date": "2021-06-30T00:00:00",
      "quarter_label": "2021-06 (Q2)",
      "revenue": 125157000,
      "gross_profit": null,
      "operating_income": 14374000,
      "net_income": 4276000,
      "opex": 110783000,
      "cogs": null,
      "rd": null,
      "sga": null,
      "fcf": 52638000,
      "ocf": 52638000,
      "capex": null,
      "gross_margin": null,
      "op_margin": 0.11484775122446207,
      "fcf_margin": 0.42057575684939713,
      "op_leverage_ratio": 0.7624204162770035,
      "fcf_margin_change": 0.4277612009283445
    },
    {
      "date": "2021-09-30T00:00:00",
      "quarter_label": "2021-09 (Q3)",
      "revenue": 130783000,
      "gross_profit": null,
      "operating_income": 5089000,
      "net_income": -7495000,
      "opex": 125694000,
      "cogs": null,
      "rd": null,
      "sga": null,
      "fcf": 1659000,
      "ocf": 1659000,
      "capex": null,
      "gross_margin": null,
      "op_margin": 0.03891178517085554,
      "fcf_margin": 0.012685134918146854,
      "op_leverage_ratio": 0.3339726746436306,
      "fcf_margin_change": -0.40789062193125025
    },
    {
      "date": "2021-12-31T00:00:00",
      "quarter_label": "2021-12 (Q4)",
      "revenue": 147757000,
      "gross_profit": null,
      "operating_income": -3986000,
      "net_income": -14274000,
      "opex": 151743000,
      "cogs": null,
      "rd": null,
      "sga": null,
      "fcf": 4751000,
      "ocf": 4751000,
      "capex": null,
      "gross_margin": null,
      "op_margin": -0.02697672529897061,
      "fcf_margin": 0.032154144981286846,
      "incr_op_margin_yoy": 11.843152257077277,
      "rev_growth_yoy": -0.01738367105359411,
      "op_leverage_ratio": 0.6262624806522284,
      "fcf_margin_change": 0.01946901006313999
    },
    {
      "date": "2022-03-31T00:00:00",
      "quarter_label": "2022-03 (Q1)",
      "revenue": 123213000,
      "gross_profit": null,
      "operating_income": -44755000,
      "net_income": -42783000,
      "opex": 167968000,
      "cogs": null,
      "rd": null,
      "sga": null,
      "fcf": 5207000,
      "ocf": 5207000,
      "capex": null,
      "gross_margin": null,
      "op_margin": -0.3632327757622978,
      "fcf_margin": 0.04226015112041749,
      "incr_op_margin_yoy": -2.372112752091929,
      "rev_growth_yoy": 0.2665810032894737,
      "rev_growth_yoy_accel": 0.2839646743430678,
      "fcf_margin_change": 0.010106006139130645
    },
    {
      "date": "2022-06-30T00:00:00",
      "quarter_label": "2022-06 (Q2)",
      "revenue": 134397000,
      "gross_profit": null,
      "operating_income": 213000,
      "net_income": -9985000,
      "opex": 134184000,
      "cogs": null,
      "rd": null,
      "sga": null,
      "fcf": 3626000,
      "ocf": 3626000,
      "capex": null,
      "gross_margin": null,
      "op_margin": 0.0015848568048393936,
      "fcf_margin": 0.0269797688936509,
      "incr_op_margin_yoy": -1.5325757575757575,
      "rev_growth_yoy": 0.07382727294518085,
      "rev_growth_yoy_accel": -0.19275373034429286,
      "op_leverage_ratio": Infinity,
      "fcf_margin_change": -0.01528038222676659
    },
    {
      "date": "2022-09-30T00:00:00",
      "quarter_label": "2022-09 (Q3)",
      "revenue": 125634000,
      "gross_profit": null,
      "operating_income": -141197000,
      "net_income": -115636000,
      "opex": 266831000,
      "cogs": null,
      "rd": null,
      "sga": null,
      "fcf": -222000,
      "ocf": -222000,
      "capex": null,
      "gross_margin": null,
      "op_margin": -1.1238757024372383,
      "fcf_margin": -0.0017670375853670185,
      "incr_op_margin_yoy": 28.410565158283163,
      "rev_growth_yoy": -0.039370560393934995,
      "rev_growth_yoy_accel": -0.11319783333911584,
      "fcf_margin_change": -0.02874680647901792
    },
    {
      "date": "2022-12-31T00:00:00",
      "quarter_label": "2022-12 (Q4)",
      "revenue": 147173000,
      "gross_profit": null,
      "operating_income": 2447000,
      "net_income": -9090000,
      "opex": 144726000,
      "cogs": null,
      "rd": null,
      "sga": null,
      "fcf": -6034000,
      "ocf": -6034000,
      "capex": null,
      "gross_margin": null,
      "op_margin": 0.01662669103707881,
      "fcf_margin": -0.04099936809061445,
      "rev_growth_yoy": -0.003952435417611348,
      "rev_growth_yoy_accel": 0.03541812497632365,
      "op_leverage_ratio": Infinity,
      "fcf_margin_change": -0.03923233050524743
    },
    {
      "date": "2023-03-31T00:00:00",
      "quarter_label": "2023-03 (Q1)",
      "revenue": 121834000,
      "gross_profit": null,
      "operating_income": -26871000,
      "net_income": -35122000,
      "opex": 148705000,
      "cogs": null,
      "rd": null,
      "sga": null,
      "fcf": -2602000,
      "ocf": -2602000,
      "capex": null,
      "gross_margin": null,
      "op_margin": -0.22055419669386214,
      "fcf_margin": -0.021356928279462218,
      "incr_op_margin_yoy": -12.96881798404641,
      "rev_growth_yoy": -0.011192000844066779,
      "rev_growth_yoy_accel": -0.007239565426455431,
      "fcf_margin_change": 0.01964243981115223
    },
    {
      "date": "2023-06-30T00:00:00",
      "quarter_label": "2023-06 (Q2)",
      "revenue": 114691000,
      "gross_profit": null,
      "operating_income": -40230000,
      "net_income": -47560000,
      "opex": 154921000,
      "cogs": null,
      "rd": null,
      "sga": null,
      "fcf": -5201000,
      "ocf": -5201000,
      "capex": null,
      "gross_margin": null,
      "op_margin": -0.35076858689871043,
      "fcf_margin": -0.04534793488591084,
      "incr_op_margin_yoy": 2.052319090632295,
      "rev_growth_yoy": -0.14662529669561075,
      "rev_growth_yoy_accel": -0.13543329585154398,
      "fcf_margin_change": -0.02399100660644862
    },
    {
      "date": "2023-09-30T00:00:00",
      "quarter_label": "2023-09 (Q3)",
      "revenue": 114366000,
      "gross_profit": null,
      "operating_income": -20242000,
      "net_income": -28345000,
      "opex": 134608000,
      "cogs": null,
      "rd": null,
      "sga": null,
      "fcf": -10254000,
      "ocf": -10254000,
      "capex": null,
      "gross_margin": null,
      "op_margin": -0.1769931623034818,
      "fcf_margin": -0.08965951419128063,
      "incr_op_margin_yoy": -10.734380546680866,
      "rev_growth_yoy": -0.08968909690052056,
      "rev_growth_yoy_accel": 0.056936199795090195,
      "fcf_margin_change": -0.04431157930536979
    },
    {
      "date": "2023-12-31T00:00:00",
      "quarter_label": "2023-12 (Q4)",
      "revenue": 118777000,
      "gross_profit": null,
      "operating_income": -48448000,
      "net_income": -57850000,
      "opex": 167225000,
      "cogs": null,
      "rd": null,
      "sga": null,
      "fcf": -7841000,
      "ocf": -7841000,
      "capex": null,
      "gross_margin": null,
      "op_margin": -0.4078904164947759,
      "fcf_margin": -0.06601446407974608,
      "incr_op_margin_yoy": 1.79232990562051,
      "rev_growth_yoy": -0.19294299905553328,
      "rev_growth_yoy_accel": -0.10325390215501272,
      "op_leverage_ratio": 0.1591721138952282,
      "fcf_margin_change": 0.023645050111534546
    },
    {
      "date": "2024-03-31T00:00:00",
      "quarter_label": "2024-03 (Q1)",
      "revenue": 131582000,
      "gross_profit": null,
      "operating_income": 11643000,
      "net_income": 11660000,
      "opex": 119939000,
      "cogs": null,
      "rd": null,
      "sga": null,
      "fcf": 16229000,
      "ocf": 16229000,
      "capex": null,
      "gross_margin": null,
      "op_margin": 0.08848474715386603,
      "fcf_margin": 0.12333753856910519,
      "incr_op_margin_yoy": 3.9509643003693067,
      "rev_growth_yoy": 0.08001050609846184,
      "rev_growth_yoy_accel": 0.27295350515399514,
      "op_leverage_ratio": Infinity,
      "fcf_margin_change": 0.18935200264885127
    },
    {
      "date": "2024-06-30T00:00:00",
      "quarter_label": "2024-06 (Q2)",
      "revenue": 110793000,
      "gross_profit": null,
      "operating_income": -9027000,
      "net_income": -19908000,
      "opex": 119820000,
      "cogs": null,
      "rd": null,
      "sga": null,
      "fcf": 11208000,
      "ocf": 11208000,
      "capex": null,
      "gross_margin": null,
      "op_margin": -0.0814762665511359,
      "fcf_margin": 0.1011616257344778,
      "incr_op_margin_yoy": -8.004874294510005,
      "rev_growth_yoy": -0.03398697369453575,
      "rev_growth_yoy_accel": -0.1139974797929976,
      "fcf_margin_change": -0.022175912834627387
    },
    {
      "date": "2024-09-30T00:00:00",
      "quarter_label": "2024-09 (Q3)",
      "revenue": 115257000,
      "gross_profit": null,
      "operating_income": -17033000,
      "net_income": -24917000,
      "opex": 132290000,
      "cogs": null,
      "rd": null,
      "sga": null,
      "fcf": 14648000,
      "ocf": 14648000,
      "capex": null,
      "gross_margin": null,
      "op_margin": -0.147782781089218,
      "fcf_margin": 0.1270898947569345,
      "rev_growth_yoy": 0.0077907769791721315,
      "rev_growth_yoy_accel": 0.041777750673707884,
      "op_leverage_ratio": 0.38714595460178597,
      "fcf_margin_change": 0.025928269022456693
    },
    {
      "date": "2024-12-31T00:00:00",
      "quarter_label": "2024-12 (Q4)",
      "revenue": 103233000,
      "gross_profit": null,
      "operating_income": -110797000,
      "net_income": -114558000,
      "opex": 214030000,
      "cogs": null,
      "rd": null,
      "sga": null,
      "fcf": -11561000,
      "ocf": -11561000,
      "capex": null,
      "gross_margin": null,
      "op_margin": -1.0732711439171583,
      "fcf_margin": -0.11198938323985547,
      "incr_op_margin_yoy": 4.011129696345857,
      "rev_growth_yoy": -0.13086708706231004,
      "rev_growth_yoy_accel": -0.13865786404148217,
      "fcf_margin_change": -0.23907927799678996
    },
    {
      "date": "2025-03-31T00:00:00",
      "quarter_label": "2025-03 (Q1)",
      "revenue": 94747000,
      "gross_profit": null,
      "operating_income": -57252000,
      "net_income": -58631000,
      "opex": 151999000,
      "cogs": null,
      "rd": null,
      "sga": null,
      "fcf": -22390000,
      "ocf": -22390000,
      "capex": null,
      "gross_margin": null,
      "op_margin": -0.6042618763654786,
      "fcf_margin": -0.23631355082482822,
      "incr_op_margin_yoy": 1.8703678566580697,
      "rev_growth_yoy": -0.2799395054034746,
      "rev_growth_yoy_accel": -0.14907241834116458,
      "fcf_margin_change": -0.12432416758497275
    },
    {
      "date": "2025-06-30T00:00:00",
      "quarter_label": "2025-06 (Q2)",
      "revenue": 92784000,
      "gross_profit": null,
      "operating_income": -146000,
      "net_income": 20856000,
      "opex": 92930000,
      "cogs": null,
      "rd": null,
      "sga": null,
      "fcf": -9395000,
      "ocf": -9395000,
      "capex": null,
      "gross_margin": null,
      "op_margin": -0.0015735471633040179,
      "fcf_margin": -0.10125668218658389,
      "incr_op_margin_yoy": -0.49314231773002387,
      "rev_growth_yoy": -0.1625463702580488,
      "rev_growth_yoy_accel": 0.11739313514542582,
      "fcf_margin_change": 0.13505686863824434
    },
    {
      "date": "2025-09-30T00:00:00",
      "quarter_label": "2025-09 (Q3)",
      "revenue": 90676000,
      "gross_profit": null,
      "operating_income": -9177000,
      "net_income": -14124000,
      "opex": 99853000,
      "cogs": null,
      "rd": null,
      "sga": null,
      "fcf": null,
      "ocf": null,
      "capex": null,
      "gross_margin": null,
      "op_margin": -0.10120649344920375,
      "fcf_margin": null,
      "incr_op_margin_yoy": -0.31959643627191736,
      "rev_growth_yoy": -0.21327121129302343,
      "rev_growth_yoy_accel": -0.05072484103497463
    }
  ],
  "signals": [
    {
      "quarter": "2025-09 (Q3)",
      "signal": "YoY REVENUE GROWTH DECELERATION",
      "detail": "YoY growth: -21.3% vs prior quarter YoY: -16.3% (decel: -5.1%)",
      "severity": "WARNING"
    },
    {
      "quarter": "2025-06 (Q2)",
      "signal": "FCF MARGIN EXPANSION",
      "detail": "FCF margin: -23.6% -> -10.1% (+13.5%)",
      "severity": "MEDIUM"
    },
    {
      "quarter": "2025-06 (Q2)",
      "signal": "YoY REVENUE GROWTH ACCELERATION",
      "detail": "YoY growth: -16.3% vs prior quarter YoY: -28.0% (accel: +11.7%)",
      "severity": "MEDIUM"
    },
    {
      "quarter": "2025-03 (Q1)",
      "signal": "YoY REVENUE GROWTH DECELERATION",
      "detail": "YoY growth: -28.0% vs prior quarter YoY: -13.1% (decel: -14.9%)",
      "severity": "WARNING"
    },
    {
      "quarter": "2024-12 (Q4)",
      "signal": "YoY REVENUE GROWTH DECELERATION",
      "detail": "YoY growth: -13.1% vs prior quarter YoY: +0.8% (decel: -13.9%)",
      "severity": "WARNING"
    },
    {
      "quarter": "2024-06 (Q2)",
      "signal": "YoY REVENUE GROWTH DECELERATION",
      "detail": "YoY growth: -3.4% vs prior quarter YoY: +8.0% (decel: -11.4%)",
      "severity": "WARNING"
    },
    {
      "quarter": "2024-03 (Q1)",
      "signal": "FCF TURNED POSITIVE",
      "detail": "FCF margin: -6.6% -> +12.3%",
      "severity": "HIGH"
    },
    {
      "quarter": "2024-03 (Q1)",
      "signal": "YoY REVENUE GROWTH ACCELERATION",
      "detail": "YoY growth: +8.0% vs prior quarter YoY: -19.3% (accel: +27.3%)",
      "severity": "HIGH"
    },
    {
      "quarter": "2024-03 (Q1)",
      "signal": "OP MARGIN TURNED POSITIVE (YoY)",
      "detail": "Op margin: -22.1% (year-ago) -> +8.8%",
      "severity": "HIGH"
    },
    {
      "quarter": "2024-03 (Q1)",
      "signal": "OP MARGIN TURNED POSITIVE (QoQ)",
      "detail": "Op margin: -40.8% -> +8.8%",
      "severity": "HIGH"
    },
    {
      "quarter": "2023-12 (Q4)",
      "signal": "YoY REVENUE GROWTH DECELERATION",
      "detail": "YoY growth: -19.3% vs prior quarter YoY: -9.0% (decel: -10.3%)",
      "severity": "WARNING"
    },
    {
      "quarter": "2023-09 (Q3)",
      "signal": "YoY REVENUE GROWTH ACCELERATION",
      "detail": "YoY growth: -9.0% vs prior quarter YoY: -14.7% (accel: +5.7%)",
      "severity": "MEDIUM"
    },
    {
      "quarter": "2023-06 (Q2)",
      "signal": "YoY REVENUE GROWTH DECELERATION",
      "detail": "YoY growth: -14.7% vs prior quarter YoY: -1.1% (decel: -13.5%)",
      "severity": "WARNING"
    },
    {
      "quarter": "2022-12 (Q4)",
      "signal": "OP MARGIN TURNED POSITIVE (YoY)",
      "detail": "Op margin: -2.7% (year-ago) -> +1.7%",
      "severity": "HIGH"
    },
    {
      "quarter": "2022-12 (Q4)",
      "signal": "OP MARGIN TURNED POSITIVE (QoQ)",
      "detail": "Op margin: -112.4% -> +1.7%",
      "severity": "HIGH"
    },
    {
      "quarter": "2022-09 (Q3)",
      "signal": "YoY REVENUE GROWTH DECELERATION",
      "detail": "YoY growth: -3.9% vs prior quarter YoY: +7.4% (decel: -11.3%)",
      "severity": "WARNING"
    },
    {
      "quarter": "2022-06 (Q2)",
      "signal": "YoY REVENUE GROWTH DECELERATION",
      "detail": "YoY growth: +7.4% vs prior quarter YoY: +26.7% (decel: -19.3%)",
      "severity": "WARNING"
    },
    {
      "quarter": "2022-06 (Q2)",
      "signal": "OP MARGIN TURNED POSITIVE (QoQ)",
      "detail": "Op margin: -36.3% -> +0.2%",
      "severity": "HIGH"
    },
    {
      "quarter": "2022-03 (Q1)",
      "signal": "YoY REVENUE GROWTH ACCELERATION",
      "detail": "YoY growth: +26.7% vs prior quarter YoY: -1.7% (accel: +28.4%)",
      "severity": "HIGH"
    },
    {
      "quarter": "2021-06 (Q2)",
      "signal": "FCF TURNED POSITIVE",
      "detail": "FCF margin: -0.7% -> +42.1%",
      "severity": "HIGH"
    }
  ],
  "data_quality": {
    "n_quarters": 20,
    "coverage": {
      "revenue": [
        20,
        20
      ],
      "gross_profit": [
        0,
        20
      ],
      "op_income": [
        20,
        20
      ],
      "fcf": [
        19,
        20
      ]
    },
    "gaps": [],
    "warnings": [
      "gross_profit: no data"
    ]
  },
  "market_cap": null,
  "source": "SEC EDGAR",
  "last_updated": "2026-02-02T22:07:44.537198"
}