{
  "ticker": "RJF",
  "name": "RAYMOND JAMES FINANCIAL, INC.",
  "sector": "Financial Services",
  "industry": "Asset Management",
  "quarters": [
    {
      "date": "2021-03-31T00:00:00",
      "quarter_label": "2021-03 (Q1)",
      "revenue": 2409000000,
      "gross_profit": null,
      "operating_income": null,
      "net_income": 355000000,
      "opex": null,
      "cogs": null,
      "rd": null,
      "sga": null,
      "fcf": -1222000000,
      "ocf": -1185000000,
      "capex": -37000000,
      "gross_margin": null,
      "op_margin": null,
      "fcf_margin": -0.5072644250726442
    },
    {
      "date": "2021-06-30T00:00:00",
      "quarter_label": "2021-06 (Q2)",
      "revenue": 2511000000,
      "gross_profit": null,
      "operating_income": null,
      "net_income": 307000000,
      "opex": null,
      "cogs": null,
      "rd": null,
      "sga": null,
      "fcf": 1372000000,
      "ocf": 1409000000,
      "capex": -37000000,
      "gross_margin": null,
      "op_margin": null,
      "fcf_margin": 0.5463958582238152,
      "fcf_margin_change": 1.0536602832964594
    },
    {
      "date": "2021-09-30T00:00:00",
      "quarter_label": "2021-09 (Q3)",
      "revenue": 2730000000,
      "gross_profit": null,
      "operating_income": null,
      "net_income": 429000000,
      "opex": null,
      "cogs": null,
      "rd": null,
      "sga": null,
      "fcf": 4527000000,
      "ocf": 4502000000,
      "capex": 25000000,
      "gross_margin": null,
      "op_margin": null,
      "fcf_margin": 1.6582417582417583,
      "fcf_margin_change": 1.111845900017943
    },
    {
      "date": "2021-12-31T00:00:00",
      "quarter_label": "2021-12 (Q4)",
      "revenue": 2818000000,
      "gross_profit": null,
      "operating_income": null,
      "net_income": 446000000,
      "opex": null,
      "cogs": null,
      "rd": null,
      "sga": null,
      "fcf": -2306000000,
      "ocf": -2287000000,
      "capex": -19000000,
      "gross_margin": null,
      "op_margin": null,
      "fcf_margin": -0.8183108587650816,
      "fcf_margin_change": -2.47655261700684
    },
    {
      "date": "2022-03-31T00:00:00",
      "quarter_label": "2022-03 (Q1)",
      "revenue": 2711000000,
      "gross_profit": null,
      "operating_income": null,
      "net_income": 323000000,
      "opex": null,
      "cogs": null,
      "rd": null,
      "sga": null,
      "fcf": 1094000000,
      "ocf": 1117000000,
      "capex": -23000000,
      "gross_margin": null,
      "op_margin": null,
      "fcf_margin": 0.4035411287347842,
      "rev_growth_yoy": 0.12536322125363222,
      "fcf_margin_change": 1.221851987499866
    },
    {
      "date": "2022-06-30T00:00:00",
      "quarter_label": "2022-06 (Q2)",
      "revenue": 2778000000,
      "gross_profit": null,
      "operating_income": null,
      "net_income": 301000000,
      "opex": null,
      "cogs": null,
      "rd": null,
      "sga": null,
      "fcf": 5714000000,
      "ocf": 5740000000,
      "capex": -26000000,
      "gross_margin": null,
      "op_margin": null,
      "fcf_margin": 2.0568754499640027,
      "rev_growth_yoy": 0.1063321385902031,
      "rev_growth_yoy_accel": -0.019031082663429122,
      "fcf_margin_change": 1.6533343212292184
    },
    {
      "date": "2022-09-30T00:00:00",
      "quarter_label": "2022-09 (Q3)",
      "revenue": 3001000000,
      "gross_profit": null,
      "operating_income": null,
      "net_income": 439000000,
      "opex": null,
      "cogs": null,
      "rd": null,
      "sga": null,
      "fcf": -4521000000,
      "ocf": -4498000000,
      "capex": -23000000,
      "gross_margin": null,
      "op_margin": null,
      "fcf_margin": -1.5064978340553148,
      "rev_growth_yoy": 0.09926739926739926,
      "rev_growth_yoy_accel": -0.00706473932280384,
      "fcf_margin_change": -3.5633732840193177
    },
    {
      "date": "2022-12-31T00:00:00",
      "quarter_label": "2022-12 (Q4)",
      "revenue": 3027000000,
      "gross_profit": null,
      "operating_income": null,
      "net_income": 509000000,
      "opex": null,
      "cogs": null,
      "rd": null,
      "sga": null,
      "fcf": -3163000000,
      "ocf": -3136000000,
      "capex": -27000000,
      "gross_margin": null,
      "op_margin": null,
      "fcf_margin": -1.0449289725801123,
      "rev_growth_yoy": 0.07416607523066004,
      "rev_growth_yoy_accel": -0.025101324036739217,
      "fcf_margin_change": 0.4615688614752025
    },
    {
      "date": "2023-03-31T00:00:00",
      "quarter_label": "2023-03 (Q1)",
      "revenue": 3157000000,
      "gross_profit": null,
      "operating_income": null,
      "net_income": 427000000,
      "opex": null,
      "cogs": null,
      "rd": null,
      "sga": null,
      "fcf": -666000000,
      "ocf": -624000000,
      "capex": -42000000,
      "gross_margin": null,
      "op_margin": null,
      "fcf_margin": -0.21095977193538168,
      "rev_growth_yoy": 0.16451493913684986,
      "rev_growth_yoy_accel": 0.09034886390618982,
      "fcf_margin_change": 0.8339692006447306
    },
    {
      "date": "2023-06-30T00:00:00",
      "quarter_label": "2023-06 (Q2)",
      "revenue": 3293000000,
      "gross_profit": null,
      "operating_income": null,
      "net_income": 369000000,
      "opex": null,
      "cogs": null,
      "rd": null,
      "sga": null,
      "fcf": -241000000,
      "ocf": -188000000,
      "capex": -53000000,
      "gross_margin": null,
      "op_margin": null,
      "fcf_margin": -0.07318554509565746,
      "rev_growth_yoy": 0.18538516918646508,
      "rev_growth_yoy_accel": 0.020870230049615218,
      "fcf_margin_change": 0.13777422683972423
    },
    {
      "date": "2023-09-30T00:00:00",
      "quarter_label": "2023-09 (Q3)",
      "revenue": 3515000000,
      "gross_profit": null,
      "operating_income": null,
      "net_income": 434000000,
      "opex": null,
      "cogs": null,
      "rd": null,
      "sga": null,
      "fcf": 383000000,
      "ocf": 434000000,
      "capex": -51000000,
      "gross_margin": null,
      "op_margin": null,
      "fcf_margin": 0.1089615931721195,
      "rev_growth_yoy": 0.17127624125291568,
      "rev_growth_yoy_accel": -0.014108927933549398,
      "fcf_margin_change": 0.18214713826777695
    },
    {
      "date": "2023-12-31T00:00:00",
      "quarter_label": "2023-12 (Q4)",
      "revenue": 3520000000,
      "gross_profit": null,
      "operating_income": null,
      "net_income": 498000000,
      "opex": null,
      "cogs": null,
      "rd": null,
      "sga": null,
      "fcf": 493000000,
      "ocf": 543000000,
      "capex": -50000000,
      "gross_margin": null,
      "op_margin": null,
      "fcf_margin": 0.14005681818181817,
      "rev_growth_yoy": 0.16286752560290718,
      "rev_growth_yoy_accel": -0.008408715650008503,
      "fcf_margin_change": 0.031095225009698677
    },
    {
      "date": "2024-03-31T00:00:00",
      "quarter_label": "2024-03 (Q1)",
      "revenue": 3638000000,
      "gross_profit": null,
      "operating_income": null,
      "net_income": 476000000,
      "opex": null,
      "cogs": null,
      "rd": null,
      "sga": null,
      "fcf": 342000000,
      "ocf": 391000000,
      "capex": -49000000,
      "gross_margin": null,
      "op_margin": null,
      "fcf_margin": 0.09400769653655855,
      "rev_growth_yoy": 0.15235983528666455,
      "rev_growth_yoy_accel": -0.01050769031624263,
      "fcf_margin_change": -0.04604912164525962
    },
    {
      "date": "2024-06-30T00:00:00",
      "quarter_label": "2024-06 (Q2)",
      "revenue": 3762000000,
      "gross_profit": null,
      "operating_income": null,
      "net_income": 492000000,
      "opex": null,
      "cogs": null,
      "rd": null,
      "sga": null,
      "fcf": 655000000,
      "ocf": 711000000,
      "capex": -56000000,
      "gross_margin": null,
      "op_margin": null,
      "fcf_margin": 0.17410951621477938,
      "rev_growth_yoy": 0.1424233221986031,
      "rev_growth_yoy_accel": -0.009936513088061455,
      "fcf_margin_change": 0.08010181967822083
    },
    {
      "date": "2024-09-30T00:00:00",
      "quarter_label": "2024-09 (Q3)",
      "revenue": 4003000000,
      "gross_profit": null,
      "operating_income": null,
      "net_income": 602000000,
      "opex": null,
      "cogs": null,
      "rd": null,
      "sga": null,
      "fcf": 460000000,
      "ocf": 510000000,
      "capex": -50000000,
      "gross_margin": null,
      "op_margin": null,
      "fcf_margin": 0.11491381463902073,
      "rev_growth_yoy": 0.1388335704125178,
      "rev_growth_yoy_accel": -0.00358975178608531,
      "fcf_margin_change": -0.05919570157575865
    },
    {
      "date": "2024-12-31T00:00:00",
      "quarter_label": "2024-12 (Q4)",
      "revenue": 4035000000,
      "gross_profit": null,
      "operating_income": null,
      "net_income": 600000000,
      "opex": null,
      "cogs": null,
      "rd": null,
      "sga": null,
      "fcf": 789000000,
      "ocf": 830000000,
      "capex": -41000000,
      "gross_margin": null,
      "op_margin": null,
      "fcf_margin": 0.19553903345724907,
      "rev_growth_yoy": 0.14630681818181818,
      "rev_growth_yoy_accel": 0.00747324776930039,
      "fcf_margin_change": 0.08062521881822834
    },
    {
      "date": "2025-03-31T00:00:00",
      "quarter_label": "2025-03 (Q1)",
      "revenue": 3845000000,
      "gross_profit": null,
      "operating_income": null,
      "net_income": 495000000,
      "opex": null,
      "cogs": null,
      "rd": null,
      "sga": null,
      "fcf": 71000000,
      "ocf": 117000000,
      "capex": -46000000,
      "gross_margin": null,
      "op_margin": null,
      "fcf_margin": 0.01846553966189857,
      "rev_growth_yoy": 0.05689939527212754,
      "rev_growth_yoy_accel": -0.08940742290969064,
      "fcf_margin_change": -0.1770734937953505
    },
    {
      "date": "2025-06-30T00:00:00",
      "quarter_label": "2025-06 (Q2)",
      "revenue": 3842000000,
      "gross_profit": null,
      "operating_income": null,
      "net_income": 436000000,
      "opex": null,
      "cogs": null,
      "rd": null,
      "sga": null,
      "fcf": 634000000,
      "ocf": 691000000,
      "capex": -57000000,
      "gross_margin": null,
      "op_margin": null,
      "fcf_margin": 0.16501821967725144,
      "rev_growth_yoy": 0.02126528442317916,
      "rev_growth_yoy_accel": -0.03563411084894838,
      "fcf_margin_change": 0.14655268001535288
    },
    {
      "date": "2025-09-30T00:00:00",
      "quarter_label": "2025-09 (Q3)",
      "revenue": 4190000000,
      "gross_profit": null,
      "operating_income": null,
      "net_income": 604000000,
      "opex": null,
      "cogs": null,
      "rd": null,
      "sga": null,
      "fcf": 752000000,
      "ocf": 796000000,
      "capex": -44000000,
      "gross_margin": null,
      "op_margin": null,
      "fcf_margin": 0.1794749403341289,
      "rev_growth_yoy": 0.04671496377716713,
      "rev_growth_yoy_accel": 0.025449679353987967,
      "fcf_margin_change": 0.014456720656877448
    },
    {
      "date": "2025-12-31T00:00:00",
      "quarter_label": "2025-12 (Q4)",
      "revenue": 4176000000,
      "gross_profit": null,
      "operating_income": null,
      "net_income": 563000000,
      "opex": null,
      "cogs": null,
      "rd": null,
      "sga": null,
      "fcf": -56000000,
      "ocf": -10000000,
      "capex": -46000000,
      "gross_margin": null,
      "op_margin": null,
      "fcf_margin": -0.013409961685823755,
      "rev_growth_yoy": 0.03494423791821561,
      "rev_growth_yoy_accel": -0.011770725858951517,
      "fcf_margin_change": -0.19288490201995265
    }
  ],
  "signals": [
    {
      "quarter": "2025-06 (Q2)",
      "signal": "FCF MARGIN EXPANSION",
      "detail": "FCF margin: +1.8% -> +16.5% (+14.7%)",
      "severity": "MEDIUM"
    },
    {
      "quarter": "2025-03 (Q1)",
      "signal": "YoY REVENUE GROWTH DECELERATION",
      "detail": "YoY growth: +5.7% vs prior quarter YoY: +14.6% (decel: -8.9%)",
      "severity": "WARNING"
    },
    {
      "quarter": "2024-12 (Q4)",
      "signal": "FCF MARGIN EXPANSION",
      "detail": "FCF margin: +11.5% -> +19.6% (+8.1%)",
      "severity": "MEDIUM"
    },
    {
      "quarter": "2024-06 (Q2)",
      "signal": "FCF MARGIN EXPANSION",
      "detail": "FCF margin: +9.4% -> +17.4% (+8.0%)",
      "severity": "MEDIUM"
    },
    {
      "quarter": "2023-09 (Q3)",
      "signal": "FCF TURNED POSITIVE",
      "detail": "FCF margin: -7.3% -> +10.9%",
      "severity": "HIGH"
    },
    {
      "quarter": "2023-06 (Q2)",
      "signal": "FCF MARGIN EXPANSION",
      "detail": "FCF margin: -21.1% -> -7.3% (+13.8%)",
      "severity": "MEDIUM"
    },
    {
      "quarter": "2023-03 (Q1)",
      "signal": "FCF MARGIN EXPANSION",
      "detail": "FCF margin: -104.5% -> -21.1% (+83.4%)",
      "severity": "MEDIUM"
    },
    {
      "quarter": "2023-03 (Q1)",
      "signal": "YoY REVENUE GROWTH ACCELERATION",
      "detail": "YoY growth: +16.5% vs prior quarter YoY: +7.4% (accel: +9.0%)",
      "severity": "MEDIUM"
    },
    {
      "quarter": "2022-12 (Q4)",
      "signal": "FCF MARGIN EXPANSION",
      "detail": "FCF margin: -150.6% -> -104.5% (+46.2%)",
      "severity": "MEDIUM"
    },
    {
      "quarter": "2022-06 (Q2)",
      "signal": "FCF MARGIN EXPANSION",
      "detail": "FCF margin: +40.4% -> +205.7% (+165.3%)",
      "severity": "MEDIUM"
    },
    {
      "quarter": "2022-03 (Q1)",
      "signal": "FCF TURNED POSITIVE",
      "detail": "FCF margin: -81.8% -> +40.4%",
      "severity": "HIGH"
    },
    {
      "quarter": "2021-09 (Q3)",
      "signal": "FCF MARGIN EXPANSION",
      "detail": "FCF margin: +54.6% -> +165.8% (+111.2%)",
      "severity": "MEDIUM"
    },
    {
      "quarter": "2021-06 (Q2)",
      "signal": "FCF TURNED POSITIVE",
      "detail": "FCF margin: -50.7% -> +54.6%",
      "severity": "HIGH"
    }
  ],
  "data_quality": {
    "n_quarters": 20,
    "coverage": {
      "revenue": [
        20,
        20
      ],
      "gross_profit": [
        0,
        20
      ],
      "op_income": [
        0,
        20
      ],
      "fcf": [
        20,
        20
      ]
    },
    "gaps": [],
    "warnings": [
      "gross_profit: no data",
      "op_income: no data"
    ]
  },
  "market_cap": null,
  "source": "SEC EDGAR",
  "last_updated": "2026-02-09T19:09:35.204330"
}