{
  "ticker": "RLAY",
  "name": "RELAY THERAPEUTICS, INC.",
  "quarters": [
    {
      "date": "2021-03-31T00:00:00",
      "quarter_label": "2021-03 (Q1)",
      "revenue": 952000,
      "gross_profit": null,
      "operating_income": -42405000,
      "net_income": -42184000,
      "opex": 43357000,
      "cogs": null,
      "rd": 30622000,
      "sga": null,
      "fcf": 46164000,
      "ocf": 46640000,
      "capex": -476000,
      "gross_margin": null,
      "op_margin": -44.543067226890756,
      "fcf_margin": 48.49159663865546
    },
    {
      "date": "2021-06-30T00:00:00",
      "quarter_label": "2021-06 (Q2)",
      "revenue": 844000,
      "gross_profit": null,
      "operating_income": -193580000,
      "net_income": -193399000,
      "opex": 194424000,
      "cogs": null,
      "rd": null,
      "sga": null,
      "fcf": -28519000,
      "ocf": -28140000,
      "capex": -379000,
      "gross_margin": null,
      "op_margin": -229.3601895734597,
      "fcf_margin": -33.790284360189574,
      "fcf_margin_change": -82.28188099884503
    },
    {
      "date": "2021-09-30T00:00:00",
      "quarter_label": "2021-09 (Q3)",
      "revenue": 666000,
      "gross_profit": null,
      "operating_income": -60990000,
      "net_income": -60833000,
      "opex": 61656000,
      "cogs": null,
      "rd": null,
      "sga": null,
      "fcf": -54935000,
      "ocf": -53199000,
      "capex": -1736000,
      "gross_margin": null,
      "op_margin": -91.57657657657657,
      "fcf_margin": -82.48498498498499,
      "fcf_margin_change": -48.694700624795416
    },
    {
      "date": "2021-12-31T00:00:00",
      "quarter_label": "2021-12 (Q4)",
      "revenue": 27828000,
      "gross_profit": null,
      "operating_income": -67723000,
      "net_income": -67456000,
      "opex": 68290000,
      "cogs": null,
      "rd": null,
      "sga": null,
      "fcf": -40587000,
      "ocf": -39707000,
      "capex": -880000,
      "gross_margin": null,
      "op_margin": -2.4336280005749606,
      "fcf_margin": -1.4584950409659336,
      "op_leverage_ratio": 379.0420520007496,
      "fcf_margin_change": 81.02648994401906
    },
    {
      "date": "2022-03-31T00:00:00",
      "quarter_label": "2022-03 (Q1)",
      "revenue": 419000,
      "gross_profit": null,
      "operating_income": -62721000,
      "net_income": -62046000,
      "opex": 63140000,
      "cogs": null,
      "rd": null,
      "sga": null,
      "fcf": -51967000,
      "ocf": -49173000,
      "capex": -2794000,
      "gross_margin": null,
      "op_margin": -149.69212410501194,
      "fcf_margin": -124.02625298329356,
      "rev_growth_yoy": -0.5598739495798319,
      "fcf_margin_change": -122.56775794232763
    },
    {
      "date": "2022-06-30T00:00:00",
      "quarter_label": "2022-06 (Q2)",
      "revenue": 365000,
      "gross_profit": null,
      "operating_income": -77811000,
      "net_income": -76788000,
      "opex": 78176000,
      "cogs": null,
      "rd": null,
      "sga": null,
      "fcf": -58950000,
      "ocf": -57093000,
      "capex": -1857000,
      "gross_margin": null,
      "op_margin": -213.18082191780823,
      "fcf_margin": -161.5068493150685,
      "rev_growth_yoy": -0.5675355450236966,
      "rev_growth_yoy_accel": -0.007661595443864688,
      "fcf_margin_change": -37.48059633177495
    },
    {
      "date": "2022-09-30T00:00:00",
      "quarter_label": "2022-09 (Q3)",
      "revenue": 344000,
      "gross_profit": null,
      "operating_income": -85892000,
      "net_income": -84172000,
      "opex": 86236000,
      "cogs": null,
      "rd": null,
      "sga": null,
      "fcf": -68240000,
      "ocf": -66145000,
      "capex": -2095000,
      "gross_margin": null,
      "op_margin": -249.6860465116279,
      "fcf_margin": -198.37209302325581,
      "rev_growth_yoy": -0.48348348348348347,
      "rev_growth_yoy_accel": 0.08405206154021316,
      "fcf_margin_change": -36.86524370818731
    },
    {
      "date": "2022-12-31T00:00:00",
      "quarter_label": "2022-12 (Q4)",
      "revenue": 253000,
      "gross_profit": null,
      "operating_income": -72851000,
      "net_income": -67503000,
      "opex": 73104000,
      "cogs": null,
      "rd": null,
      "sga": null,
      "fcf": -59395000,
      "ocf": -57079000,
      "capex": -2316000,
      "gross_margin": null,
      "op_margin": -287.9486166007905,
      "fcf_margin": -234.76284584980237,
      "incr_op_margin_yoy": 0.1859655485040798,
      "rev_growth_yoy": -0.9909084375449188,
      "rev_growth_yoy_accel": -0.5074249540614353,
      "fcf_margin_change": -36.39075282654656
    },
    {
      "date": "2023-03-31T00:00:00",
      "quarter_label": "2023-03 (Q1)",
      "revenue": 226000,
      "gross_profit": null,
      "operating_income": -101177000,
      "net_income": -94239000,
      "opex": 101403000,
      "cogs": null,
      "rd": null,
      "sga": null,
      "fcf": -69045000,
      "ocf": -67130000,
      "capex": -1915000,
      "gross_margin": null,
      "op_margin": -447.6858407079646,
      "fcf_margin": -305.5088495575221,
      "rev_growth_yoy": -0.4606205250596659,
      "rev_growth_yoy_accel": 0.5302879124852529,
      "fcf_margin_change": -70.74600370771975
    },
    {
      "date": "2023-06-30T00:00:00",
      "quarter_label": "2023-06 (Q2)",
      "revenue": 119000,
      "gross_profit": null,
      "operating_income": -106050000,
      "net_income": -98505000,
      "opex": 106169000,
      "cogs": null,
      "rd": null,
      "sga": null,
      "fcf": -70104000,
      "ocf": -68601000,
      "capex": -1503000,
      "gross_margin": null,
      "op_margin": -891.1764705882352,
      "fcf_margin": -589.109243697479,
      "rev_growth_yoy": -0.673972602739726,
      "rev_growth_yoy_accel": -0.21335207768006015,
      "fcf_margin_change": -283.60039413995685
    },
    {
      "date": "2023-09-30T00:00:00",
      "quarter_label": "2023-09 (Q3)",
      "revenue": 25202000,
      "gross_profit": null,
      "operating_income": -73577000,
      "net_income": -65734000,
      "opex": 98779000,
      "cogs": null,
      "rd": null,
      "sga": null,
      "fcf": -75987000,
      "ocf": -75397000,
      "capex": -590000,
      "gross_margin": null,
      "op_margin": -2.9194905166256646,
      "fcf_margin": -3.015117847789858,
      "incr_op_margin_yoy": 0.4954139512430606,
      "rev_growth_yoy": 72.26162790697674,
      "rev_growth_yoy_accel": 72.93560050971647,
      "op_leverage_ratio": Infinity,
      "fcf_margin_change": 586.0941258496891
    },
    {
      "date": "2023-12-31T00:00:00",
      "quarter_label": "2023-12 (Q4)",
      "revenue": -1000,
      "gross_profit": null,
      "operating_income": -92196000,
      "net_income": -83495000,
      "opex": 92195000,
      "cogs": null,
      "rd": null,
      "sga": null,
      "fcf": -89306000,
      "ocf": -89188000,
      "capex": -118000,
      "gross_margin": null,
      "op_margin": 92196.0,
      "fcf_margin": 89306.0,
      "rev_growth_yoy": -1.0039525691699605,
      "rev_growth_yoy_accel": -73.2655804761467,
      "fcf_margin_change": 89309.01511784778
    },
    {
      "date": "2024-03-31T00:00:00",
      "quarter_label": "2024-03 (Q1)",
      "revenue": 10007000,
      "gross_profit": null,
      "operating_income": -90363000,
      "net_income": -81387000,
      "opex": 100370000,
      "cogs": null,
      "rd": null,
      "sga": null,
      "fcf": -52103000,
      "ocf": -50323000,
      "capex": -1780000,
      "gross_margin": null,
      "op_margin": -9.029979014689717,
      "fcf_margin": -5.206655341261118,
      "incr_op_margin_yoy": 1.1056129230140068,
      "rev_growth_yoy": 43.2787610619469,
      "rev_growth_yoy_accel": 44.28271363111686,
      "fcf_margin_change": -89311.20665534126
    },
    {
      "date": "2024-06-30T00:00:00",
      "quarter_label": "2024-06 (Q2)",
      "revenue": 0,
      "gross_profit": null,
      "operating_income": -100757000,
      "net_income": -92212000,
      "opex": 100757000,
      "cogs": null,
      "rd": null,
      "sga": null,
      "fcf": -65844000,
      "ocf": -65833000,
      "capex": -11000,
      "gross_margin": null,
      "op_margin": null,
      "fcf_margin": null,
      "rev_growth_yoy": -1.0,
      "rev_growth_yoy_accel": -44.2787610619469
    },
    {
      "date": "2024-09-30T00:00:00",
      "quarter_label": "2024-09 (Q3)",
      "revenue": 0,
      "gross_profit": null,
      "operating_income": -96369000,
      "net_income": -88105000,
      "opex": 96369000,
      "cogs": null,
      "rd": null,
      "sga": null,
      "fcf": -75310000,
      "ocf": -75083000,
      "capex": -227000,
      "gross_margin": null,
      "op_margin": null,
      "fcf_margin": null,
      "incr_op_margin_yoy": 0.9043726688358067,
      "rev_growth_yoy": -1.0,
      "rev_growth_yoy_accel": 0.0
    },
    {
      "date": "2024-12-31T00:00:00",
      "quarter_label": "2024-12 (Q4)",
      "revenue": 0,
      "gross_profit": null,
      "operating_income": -84979000,
      "net_income": -76004000,
      "opex": 84979000,
      "cogs": null,
      "rd": null,
      "sga": null,
      "fcf": -57868000,
      "ocf": -57868000,
      "capex": null,
      "gross_margin": null,
      "op_margin": null,
      "fcf_margin": null
    },
    {
      "date": "2025-03-31T00:00:00",
      "quarter_label": "2025-03 (Q1)",
      "revenue": 7679000,
      "gross_profit": null,
      "operating_income": -84869000,
      "net_income": -77065000,
      "opex": 92548000,
      "cogs": null,
      "rd": null,
      "sga": null,
      "fcf": -73594000,
      "ocf": -73210000,
      "capex": -384000,
      "gross_margin": null,
      "op_margin": -11.052090115900508,
      "fcf_margin": -9.583799973954942,
      "incr_op_margin_yoy": -2.3599656357388317,
      "rev_growth_yoy": -0.23263715399220547
    },
    {
      "date": "2025-06-30T00:00:00",
      "quarter_label": "2025-06 (Q2)",
      "revenue": 677000,
      "gross_profit": null,
      "operating_income": -76847000,
      "net_income": -70375000,
      "opex": 77524000,
      "cogs": null,
      "rd": null,
      "sga": null,
      "fcf": -55287000,
      "ocf": -55261000,
      "capex": -26000,
      "gross_margin": null,
      "op_margin": -113.51107828655834,
      "fcf_margin": -81.66469719350074,
      "fcf_margin_change": -72.0808972195458
    },
    {
      "date": "2025-09-30T00:00:00",
      "quarter_label": "2025-09 (Q3)",
      "revenue": 0,
      "gross_profit": null,
      "operating_income": -80391000,
      "net_income": -74149000,
      "opex": 80391000,
      "cogs": null,
      "rd": null,
      "sga": null,
      "fcf": -62118000,
      "ocf": -62119000,
      "capex": 1000,
      "gross_margin": null,
      "op_margin": null,
      "fcf_margin": null
    }
  ],
  "signals": [
    {
      "quarter": "2024-06 (Q2)",
      "signal": "YoY REVENUE GROWTH DECELERATION",
      "detail": "YoY growth: -100.0% vs prior quarter YoY: +4327.9% (decel: -4427.9%)",
      "severity": "WARNING"
    },
    {
      "quarter": "2024-03 (Q1)",
      "signal": "YoY REVENUE GROWTH ACCELERATION",
      "detail": "YoY growth: +4327.9% vs prior quarter YoY: -100.4% (accel: +4428.3%)",
      "severity": "HIGH"
    },
    {
      "quarter": "2023-12 (Q4)",
      "signal": "FCF TURNED POSITIVE",
      "detail": "FCF margin: -301.5% -> +8930600.0%",
      "severity": "HIGH"
    },
    {
      "quarter": "2023-12 (Q4)",
      "signal": "YoY REVENUE GROWTH DECELERATION",
      "detail": "YoY growth: -100.4% vs prior quarter YoY: +7226.2% (decel: -7326.6%)",
      "severity": "WARNING"
    },
    {
      "quarter": "2023-12 (Q4)",
      "signal": "OP MARGIN TURNED POSITIVE (YoY)",
      "detail": "Op margin: -28794.9% (year-ago) -> +9219600.0%",
      "severity": "HIGH"
    },
    {
      "quarter": "2023-12 (Q4)",
      "signal": "OP MARGIN TURNED POSITIVE (QoQ)",
      "detail": "Op margin: -291.9% -> +9219600.0%",
      "severity": "HIGH"
    },
    {
      "quarter": "2023-09 (Q3)",
      "signal": "FCF MARGIN EXPANSION",
      "detail": "FCF margin: -58910.9% -> -301.5% (+58609.4%)",
      "severity": "MEDIUM"
    },
    {
      "quarter": "2023-09 (Q3)",
      "signal": "YoY REVENUE GROWTH ACCELERATION",
      "detail": "YoY growth: +7226.2% vs prior quarter YoY: -67.4% (accel: +7293.6%)",
      "severity": "HIGH"
    },
    {
      "quarter": "2023-06 (Q2)",
      "signal": "YoY REVENUE GROWTH DECELERATION",
      "detail": "YoY growth: -67.4% vs prior quarter YoY: -46.1% (decel: -21.3%)",
      "severity": "WARNING"
    },
    {
      "quarter": "2023-03 (Q1)",
      "signal": "YoY REVENUE GROWTH ACCELERATION",
      "detail": "YoY growth: -46.1% vs prior quarter YoY: -99.1% (accel: +53.0%)",
      "severity": "HIGH"
    },
    {
      "quarter": "2022-12 (Q4)",
      "signal": "YoY REVENUE GROWTH DECELERATION",
      "detail": "YoY growth: -99.1% vs prior quarter YoY: -48.3% (decel: -50.7%)",
      "severity": "WARNING"
    },
    {
      "quarter": "2022-09 (Q3)",
      "signal": "YoY REVENUE GROWTH ACCELERATION",
      "detail": "YoY growth: -48.3% vs prior quarter YoY: -56.8% (accel: +8.4%)",
      "severity": "MEDIUM"
    },
    {
      "quarter": "2021-12 (Q4)",
      "signal": "FCF MARGIN EXPANSION",
      "detail": "FCF margin: -8248.5% -> -145.8% (+8102.6%)",
      "severity": "MEDIUM"
    },
    {
      "quarter": "2021-12 (Q4)",
      "signal": "OPERATING LEVERAGE",
      "detail": "Rev growth +4078.4% vs OpEx growth +10.8% (leverage: 379.0x)",
      "severity": "MEDIUM"
    }
  ],
  "data_quality": {
    "n_quarters": 19,
    "coverage": {
      "revenue": [
        19,
        19
      ],
      "gross_profit": [
        0,
        19
      ],
      "op_income": [
        19,
        19
      ],
      "fcf": [
        19,
        19
      ]
    },
    "gaps": [],
    "warnings": [
      "gross_profit: no data"
    ]
  },
  "market_cap": null,
  "source": "SEC EDGAR",
  "last_updated": "2026-02-02T21:49:17.275822"
}