{
  "ticker": "RLGT",
  "name": "RADIANT LOGISTICS, INC.",
  "quarters": [
    {
      "date": "2020-12-31T00:00:00",
      "quarter_label": "2020-12 (Q4)",
      "revenue": 218805000,
      "gross_profit": null,
      "operating_income": 6027000,
      "net_income": 3812000,
      "opex": 212778000,
      "cogs": null,
      "rd": null,
      "sga": 5568000,
      "fcf": -14312000,
      "ocf": -11531000,
      "capex": -2781000,
      "gross_margin": null,
      "op_margin": 0.027545074381298416,
      "fcf_margin": -0.06540983981170448
    },
    {
      "date": "2021-03-31T00:00:00",
      "quarter_label": "2021-03 (Q1)",
      "revenue": 236532000,
      "gross_profit": null,
      "operating_income": 5448000,
      "net_income": 4984000,
      "opex": 231084000,
      "cogs": null,
      "rd": null,
      "sga": 6688000,
      "fcf": -2041000,
      "ocf": 1786000,
      "capex": -3827000,
      "gross_margin": null,
      "op_margin": 0.02303282431129826,
      "fcf_margin": -0.008628853601204066,
      "op_leverage_ratio": 0.9416971739562287,
      "fcf_margin_change": 0.056780986210500414
    },
    {
      "date": "2021-06-30T00:00:00",
      "quarter_label": "2021-06 (Q2)",
      "revenue": 257910000,
      "gross_profit": null,
      "operating_income": 9720000,
      "net_income": 11059000,
      "opex": 248190000,
      "cogs": null,
      "rd": null,
      "sga": 6524000,
      "fcf": 7643000,
      "ocf": 10401000,
      "capex": -2758000,
      "gross_margin": null,
      "op_margin": 0.0376875654298011,
      "fcf_margin": 0.029634368578186188,
      "op_leverage_ratio": 1.220951963163397,
      "fcf_margin_change": 0.03826322217939025
    },
    {
      "date": "2021-09-30T00:00:00",
      "quarter_label": "2021-09 (Q3)",
      "revenue": 286115000,
      "gross_profit": null,
      "operating_income": 9759000,
      "net_income": 7079000,
      "opex": 276356000,
      "cogs": null,
      "rd": null,
      "sga": 6790000,
      "fcf": -17253000,
      "ocf": -15797000,
      "capex": -1456000,
      "gross_margin": null,
      "op_margin": 0.03410866260070251,
      "fcf_margin": -0.06030092794855216,
      "op_leverage_ratio": 0.9636448987095242,
      "fcf_margin_change": -0.08993529652673835
    },
    {
      "date": "2021-12-31T00:00:00",
      "quarter_label": "2021-12 (Q4)",
      "revenue": 332768000,
      "gross_profit": null,
      "operating_income": 10598000,
      "net_income": 6948000,
      "opex": 322170000,
      "cogs": null,
      "rd": null,
      "sga": 8352000,
      "fcf": -6886000,
      "ocf": -3855000,
      "capex": -3031000,
      "gross_margin": null,
      "op_margin": 0.031848014232137706,
      "fcf_margin": -0.020693095489950956,
      "incr_op_margin_yoy": 0.04010950922667884,
      "rev_growth_yoy": 0.5208427595347456,
      "op_leverage_ratio": 0.9835798787202475,
      "fcf_margin_change": 0.0396078324586012
    },
    {
      "date": "2022-03-31T00:00:00",
      "quarter_label": "2022-03 (Q1)",
      "revenue": 460899000,
      "gross_profit": null,
      "operating_income": 18497000,
      "net_income": 14339000,
      "opex": 442402000,
      "cogs": null,
      "rd": null,
      "sga": 10312000,
      "fcf": 11010000,
      "ocf": 12714000,
      "capex": -1704000,
      "gross_margin": null,
      "op_margin": 0.04013243682455375,
      "fcf_margin": 0.023888096958335773,
      "incr_op_margin_yoy": 0.05815917670602183,
      "rev_growth_yoy": 0.9485693267718532,
      "rev_growth_yoy_accel": 0.42772656723710767,
      "op_leverage_ratio": 1.0317576193394602,
      "fcf_margin_change": 0.04458119244828673
    },
    {
      "date": "2022-06-30T00:00:00",
      "quarter_label": "2022-06 (Q2)",
      "revenue": 379636000,
      "gross_profit": null,
      "operating_income": 19770000,
      "net_income": 16098000,
      "opex": 359866000,
      "cogs": null,
      "rd": null,
      "sga": 8546000,
      "fcf": 30542000,
      "ocf": 31815000,
      "capex": -1273000,
      "gross_margin": null,
      "op_margin": 0.05207619930670432,
      "fcf_margin": 0.08045074755818732,
      "incr_op_margin_yoy": 0.08256247638138113,
      "rev_growth_yoy": 0.471970842541972,
      "rev_growth_yoy_accel": -0.4765984842298812,
      "fcf_margin_change": 0.05656265059985155
    },
    {
      "date": "2022-09-30T00:00:00",
      "quarter_label": "2022-09 (Q3)",
      "revenue": 330971000,
      "gross_profit": null,
      "operating_income": 10895000,
      "net_income": 8433000,
      "opex": 320076000,
      "cogs": null,
      "rd": null,
      "sga": 8770000,
      "fcf": 25680000,
      "ocf": 26629000,
      "capex": -949000,
      "gross_margin": null,
      "op_margin": 0.03291829193494294,
      "fcf_margin": 0.07758987947584532,
      "incr_op_margin_yoy": 0.025325485999643304,
      "rev_growth_yoy": 0.15677612148961081,
      "rev_growth_yoy_accel": -0.31519472105236124,
      "fcf_margin_change": -0.002860868082341997
    },
    {
      "date": "2022-12-31T00:00:00",
      "quarter_label": "2022-12 (Q4)",
      "revenue": 278119000,
      "gross_profit": null,
      "operating_income": 7144000,
      "net_income": 4836000,
      "opex": 270975000,
      "cogs": null,
      "rd": null,
      "sga": 8637000,
      "fcf": 37898000,
      "ocf": 40391000,
      "capex": -2493000,
      "gross_margin": null,
      "op_margin": 0.025686846278032065,
      "fcf_margin": 0.13626541156842933,
      "incr_op_margin_yoy": 0.06320335230287837,
      "rev_growth_yoy": -0.164225526492932,
      "rev_growth_yoy_accel": -0.3210016479825428,
      "fcf_margin_change": 0.05867553209258401
    },
    {
      "date": "2023-03-31T00:00:00",
      "quarter_label": "2023-03 (Q1)",
      "revenue": 244171000,
      "gross_profit": null,
      "operating_income": 6258000,
      "net_income": 4183000,
      "opex": 237913000,
      "cogs": null,
      "rd": null,
      "sga": 10591000,
      "fcf": 9889000,
      "ocf": 12616000,
      "capex": -2727000,
      "gross_margin": null,
      "op_margin": 0.02562957927026551,
      "fcf_margin": 0.04050030511403893,
      "incr_op_margin_yoy": 0.05647170647078365,
      "rev_growth_yoy": -0.4702288353847589,
      "rev_growth_yoy_accel": -0.3060033088918269,
      "fcf_margin_change": -0.0957651064543904
    },
    {
      "date": "2023-06-30T00:00:00",
      "quarter_label": "2023-06 (Q2)",
      "revenue": 232225000,
      "gross_profit": null,
      "operating_income": 3825000,
      "net_income": 3143000,
      "opex": 228400000,
      "cogs": null,
      "rd": null,
      "sga": 10519000,
      "fcf": 16863000,
      "ocf": 18259000,
      "capex": -1396000,
      "gross_margin": null,
      "op_margin": 0.016471094843363118,
      "fcf_margin": 0.07261492087415222,
      "incr_op_margin_yoy": 0.10816696175997721,
      "rev_growth_yoy": -0.3882956305513703,
      "rev_growth_yoy_accel": 0.08193320483338862,
      "fcf_margin_change": 0.03211461576011329
    },
    {
      "date": "2023-09-30T00:00:00",
      "quarter_label": "2023-09 (Q3)",
      "revenue": 210797000,
      "gross_profit": null,
      "operating_income": 3661000,
      "net_income": 2622000,
      "opex": 207136000,
      "cogs": null,
      "rd": null,
      "sga": 9475000,
      "fcf": 5413000,
      "ocf": 7886000,
      "capex": -2473000,
      "gross_margin": null,
      "op_margin": 0.017367419839940796,
      "fcf_margin": 0.02567873356831454,
      "incr_op_margin_yoy": 0.060196049062193155,
      "rev_growth_yoy": -0.36309525607983784,
      "rev_growth_yoy_accel": 0.02520037447153245,
      "fcf_margin_change": -0.04693618730583768
    },
    {
      "date": "2023-12-31T00:00:00",
      "quarter_label": "2023-12 (Q4)",
      "revenue": 201082000,
      "gross_profit": null,
      "operating_income": 1664000,
      "net_income": 985000,
      "opex": 199418000,
      "cogs": null,
      "rd": null,
      "sga": 10595000,
      "fcf": 1656000,
      "ocf": 4202000,
      "capex": -2546000,
      "gross_margin": null,
      "op_margin": 0.00827523100028844,
      "fcf_margin": 0.008235446235863976,
      "incr_op_margin_yoy": 0.07113464958396615,
      "rev_growth_yoy": -0.2769929418702066,
      "rev_growth_yoy_accel": 0.08610231420963121,
      "fcf_margin_change": -0.017443287332450562
    },
    {
      "date": "2024-03-31T00:00:00",
      "quarter_label": "2024-03 (Q1)",
      "revenue": 184559000,
      "gross_profit": null,
      "operating_income": -906000,
      "net_income": -703000,
      "opex": 185465000,
      "cogs": null,
      "rd": null,
      "sga": 9994000,
      "fcf": 1776000,
      "ocf": 3908000,
      "capex": -2132000,
      "gross_margin": null,
      "op_margin": -0.004908999290199882,
      "fcf_margin": 0.009622939005954735,
      "incr_op_margin_yoy": 0.12017714554116621,
      "rev_growth_yoy": -0.24414037703085134,
      "rev_growth_yoy_accel": 0.03285256483935528,
      "fcf_margin_change": 0.0013874927700907591
    },
    {
      "date": "2024-06-30T00:00:00",
      "quarter_label": "2024-06 (Q2)",
      "revenue": 206032000,
      "gross_profit": null,
      "operating_income": 4879000,
      "net_income": 4781000,
      "opex": 201153000,
      "cogs": null,
      "rd": null,
      "sga": 8637000,
      "fcf": -185000,
      "ocf": 1259000,
      "capex": -1444000,
      "gross_margin": null,
      "op_margin": 0.023680787450493127,
      "fcf_margin": -0.0008979187698998213,
      "incr_op_margin_yoy": -0.04023975871416027,
      "rev_growth_yoy": -0.11279147378619873,
      "rev_growth_yoy_accel": 0.1313489032446526,
      "op_leverage_ratio": 1.3754723955735888,
      "fcf_margin_change": -0.010520857775854557
    },
    {
      "date": "2024-09-30T00:00:00",
      "quarter_label": "2024-09 (Q3)",
      "revenue": 203565000,
      "gross_profit": null,
      "operating_income": 3804000,
      "net_income": 3376000,
      "opex": 199761000,
      "cogs": null,
      "rd": null,
      "sga": 10321000,
      "fcf": -1854000,
      "ocf": 205000,
      "capex": -2059000,
      "gross_margin": null,
      "op_margin": 0.01868690590229165,
      "fcf_margin": -0.009107656031243092,
      "incr_op_margin_yoy": -0.019773230088495575,
      "rev_growth_yoy": -0.03430788863219116,
      "rev_growth_yoy_accel": 0.07848358515400758,
      "fcf_margin_change": -0.00820973726134327
    },
    {
      "date": "2024-12-31T00:00:00",
      "quarter_label": "2024-12 (Q4)",
      "revenue": 264544000,
      "gross_profit": null,
      "operating_income": 8722000,
      "net_income": 6467000,
      "opex": 255822000,
      "cogs": null,
      "rd": null,
      "sga": 10834000,
      "fcf": 14139000,
      "ocf": 15685000,
      "capex": -1546000,
      "gross_margin": null,
      "op_margin": 0.032969940728196444,
      "fcf_margin": 0.05344668561751542,
      "incr_op_margin_yoy": 0.1112161608521635,
      "rev_growth_yoy": 0.31560258998816404,
      "rev_growth_yoy_accel": 0.3499104786203552,
      "op_leverage_ratio": 1.0673996390536051,
      "fcf_margin_change": 0.06255434164875852
    },
    {
      "date": "2025-03-31T00:00:00",
      "quarter_label": "2025-03 (Q1)",
      "revenue": 214007000,
      "gross_profit": null,
      "operating_income": 3334000,
      "net_income": 2541000,
      "opex": 210673000,
      "cogs": null,
      "rd": null,
      "sga": 9739000,
      "fcf": -6361000,
      "ocf": -5737000,
      "capex": -624000,
      "gross_margin": null,
      "op_margin": 0.015578929661179308,
      "fcf_margin": -0.029723326807067057,
      "incr_op_margin_yoy": 0.14398261342026622,
      "rev_growth_yoy": 0.15955873189603326,
      "rev_growth_yoy_accel": -0.15604385809213078,
      "fcf_margin_change": -0.08317001242458248
    },
    {
      "date": "2025-06-30T00:00:00",
      "quarter_label": "2025-06 (Q2)",
      "revenue": 220580000,
      "gross_profit": null,
      "operating_income": 5198000,
      "net_income": 4907000,
      "opex": 215382000,
      "cogs": null,
      "rd": null,
      "sga": 11577000,
      "fcf": 2220000,
      "ocf": 3113000,
      "capex": -893000,
      "gross_margin": null,
      "op_margin": 0.023565146432133467,
      "fcf_margin": 0.01006437573669417,
      "incr_op_margin_yoy": 0.021927412702777014,
      "rev_growth_yoy": 0.07061039061893298,
      "rev_growth_yoy_accel": -0.08894834127710027,
      "op_leverage_ratio": 1.3740920992433785,
      "fcf_margin_change": 0.039787702543761225
    },
    {
      "date": "2025-09-30T00:00:00",
      "quarter_label": "2025-09 (Q3)",
      "revenue": 226655000,
      "gross_profit": null,
      "operating_income": 2086000,
      "net_income": 1293000,
      "opex": 224569000,
      "cogs": null,
      "rd": null,
      "sga": 12074000,
      "fcf": 977000,
      "ocf": 2459000,
      "capex": -1482000,
      "gross_margin": null,
      "op_margin": 0.00920341488164832,
      "fcf_margin": 0.004310515982440272,
      "incr_op_margin_yoy": -0.0744045041143352,
      "rev_growth_yoy": 0.11342814334487755,
      "rev_growth_yoy_accel": 0.04281775272594457,
      "op_leverage_ratio": 0.6456777767959933,
      "fcf_margin_change": -0.005753859754253897
    }
  ],
  "signals": [
    {
      "quarter": "2025-06 (Q2)",
      "signal": "FCF TURNED POSITIVE",
      "detail": "FCF margin: -3.0% -> +1.0%",
      "severity": "HIGH"
    },
    {
      "quarter": "2025-06 (Q2)",
      "signal": "YoY REVENUE GROWTH DECELERATION",
      "detail": "YoY growth: +7.1% vs prior quarter YoY: +16.0% (decel: -8.9%)",
      "severity": "WARNING"
    },
    {
      "quarter": "2025-03 (Q1)",
      "signal": "YoY REVENUE GROWTH DECELERATION",
      "detail": "YoY growth: +16.0% vs prior quarter YoY: +31.6% (decel: -15.6%)",
      "severity": "WARNING"
    },
    {
      "quarter": "2025-03 (Q1)",
      "signal": "OP MARGIN TURNED POSITIVE (YoY)",
      "detail": "Op margin: -0.5% (year-ago) -> +1.6%",
      "severity": "HIGH"
    },
    {
      "quarter": "2024-12 (Q4)",
      "signal": "FCF TURNED POSITIVE",
      "detail": "FCF margin: -0.9% -> +5.3%",
      "severity": "HIGH"
    },
    {
      "quarter": "2024-12 (Q4)",
      "signal": "YoY REVENUE GROWTH ACCELERATION",
      "detail": "YoY growth: +31.6% vs prior quarter YoY: -3.4% (accel: +35.0%)",
      "severity": "HIGH"
    },
    {
      "quarter": "2024-12 (Q4)",
      "signal": "INCREMENTAL MARGIN (YoY)",
      "detail": "YoY Incr OPM: +11.1% vs year-ago OPM: +0.8%",
      "severity": "MEDIUM"
    },
    {
      "quarter": "2024-09 (Q3)",
      "signal": "YoY REVENUE GROWTH ACCELERATION",
      "detail": "YoY growth: -3.4% vs prior quarter YoY: -11.3% (accel: +7.8%)",
      "severity": "MEDIUM"
    },
    {
      "quarter": "2024-06 (Q2)",
      "signal": "YoY REVENUE GROWTH ACCELERATION",
      "detail": "YoY growth: -11.3% vs prior quarter YoY: -24.4% (accel: +13.1%)",
      "severity": "MEDIUM"
    },
    {
      "quarter": "2024-06 (Q2)",
      "signal": "OP MARGIN TURNED POSITIVE (QoQ)",
      "detail": "Op margin: -0.5% -> +2.4%",
      "severity": "HIGH"
    },
    {
      "quarter": "2023-12 (Q4)",
      "signal": "YoY REVENUE GROWTH ACCELERATION",
      "detail": "YoY growth: -27.7% vs prior quarter YoY: -36.3% (accel: +8.6%)",
      "severity": "MEDIUM"
    },
    {
      "quarter": "2023-06 (Q2)",
      "signal": "YoY REVENUE GROWTH ACCELERATION",
      "detail": "YoY growth: -38.8% vs prior quarter YoY: -47.0% (accel: +8.2%)",
      "severity": "MEDIUM"
    },
    {
      "quarter": "2023-03 (Q1)",
      "signal": "YoY REVENUE GROWTH DECELERATION",
      "detail": "YoY growth: -47.0% vs prior quarter YoY: -16.4% (decel: -30.6%)",
      "severity": "WARNING"
    },
    {
      "quarter": "2022-12 (Q4)",
      "signal": "FCF MARGIN EXPANSION",
      "detail": "FCF margin: +7.8% -> +13.6% (+5.9%)",
      "severity": "MEDIUM"
    },
    {
      "quarter": "2022-12 (Q4)",
      "signal": "YoY REVENUE GROWTH DECELERATION",
      "detail": "YoY growth: -16.4% vs prior quarter YoY: +15.7% (decel: -32.1%)",
      "severity": "WARNING"
    },
    {
      "quarter": "2022-09 (Q3)",
      "signal": "YoY REVENUE GROWTH DECELERATION",
      "detail": "YoY growth: +15.7% vs prior quarter YoY: +47.2% (decel: -31.5%)",
      "severity": "WARNING"
    },
    {
      "quarter": "2022-06 (Q2)",
      "signal": "FCF MARGIN EXPANSION",
      "detail": "FCF margin: +2.4% -> +8.0% (+5.7%)",
      "severity": "MEDIUM"
    },
    {
      "quarter": "2022-06 (Q2)",
      "signal": "YoY REVENUE GROWTH DECELERATION",
      "detail": "YoY growth: +47.2% vs prior quarter YoY: +94.9% (decel: -47.7%)",
      "severity": "WARNING"
    },
    {
      "quarter": "2022-03 (Q1)",
      "signal": "FCF TURNED POSITIVE",
      "detail": "FCF margin: -2.1% -> +2.4%",
      "severity": "HIGH"
    },
    {
      "quarter": "2022-03 (Q1)",
      "signal": "YoY REVENUE GROWTH ACCELERATION",
      "detail": "YoY growth: +94.9% vs prior quarter YoY: +52.1% (accel: +42.8%)",
      "severity": "HIGH"
    },
    {
      "quarter": "2021-06 (Q2)",
      "signal": "FCF TURNED POSITIVE",
      "detail": "FCF margin: -0.9% -> +3.0%",
      "severity": "HIGH"
    },
    {
      "quarter": "2021-03 (Q1)",
      "signal": "FCF MARGIN EXPANSION",
      "detail": "FCF margin: -6.5% -> -0.9% (+5.7%)",
      "severity": "MEDIUM"
    }
  ],
  "data_quality": {
    "n_quarters": 20,
    "coverage": {
      "revenue": [
        20,
        20
      ],
      "gross_profit": [
        0,
        20
      ],
      "op_income": [
        20,
        20
      ],
      "fcf": [
        20,
        20
      ]
    },
    "gaps": [],
    "warnings": [
      "gross_profit: no data"
    ]
  },
  "market_cap": null,
  "source": "SEC EDGAR",
  "last_updated": "2026-02-02T22:45:22.184350"
}