{
  "ticker": "RLI",
  "name": "RLI CORP",
  "sector": "Financial Services",
  "industry": "Insurance - Property & Casualty",
  "quarters": [
    {
      "date": "2021-03-31T00:00:00",
      "quarter_label": "2021-03 (Q1)",
      "revenue": 287331000,
      "gross_profit": null,
      "operating_income": null,
      "net_income": 73012000,
      "opex": 18796000,
      "cogs": null,
      "rd": null,
      "sga": null,
      "fcf": 59400000,
      "ocf": 60287000,
      "capex": -887000,
      "gross_margin": null,
      "op_margin": null,
      "fcf_margin": 0.20673021706672792
    },
    {
      "date": "2021-06-30T00:00:00",
      "quarter_label": "2021-06 (Q2)",
      "revenue": 298080000,
      "gross_profit": null,
      "operating_income": null,
      "net_income": 81815000,
      "opex": 20148000,
      "cogs": null,
      "rd": null,
      "sga": null,
      "fcf": 101921000,
      "ocf": 104222000,
      "capex": -2301000,
      "gross_margin": null,
      "op_margin": null,
      "fcf_margin": 0.3419249865807837,
      "op_leverage_ratio": 0.520084994031686,
      "fcf_margin_change": 0.13519476951405576
    },
    {
      "date": "2021-09-30T00:00:00",
      "quarter_label": "2021-09 (Q3)",
      "revenue": 270470000,
      "gross_profit": null,
      "operating_income": null,
      "net_income": 29243000,
      "opex": 15560000,
      "cogs": null,
      "rd": null,
      "sga": null,
      "fcf": 114115000,
      "ocf": 115932000,
      "capex": -1817000,
      "gross_margin": null,
      "op_margin": null,
      "fcf_margin": 0.4219137057714349,
      "fcf_margin_change": 0.0799887191906512
    },
    {
      "date": "2021-12-31T00:00:00",
      "quarter_label": "2021-12 (Q4)",
      "revenue": 323364000,
      "gross_profit": null,
      "operating_income": null,
      "net_income": 95284000,
      "opex": 22403000,
      "cogs": null,
      "rd": null,
      "sga": null,
      "fcf": 101159000,
      "ocf": 104464000,
      "capex": -3305000,
      "gross_margin": null,
      "op_margin": null,
      "fcf_margin": 0.3128332158187059,
      "op_leverage_ratio": 0.44468283167440126,
      "fcf_margin_change": -0.10908048995272901
    },
    {
      "date": "2022-03-31T00:00:00",
      "quarter_label": "2022-03 (Q1)",
      "revenue": 264813000,
      "gross_profit": null,
      "operating_income": null,
      "net_income": 47923000,
      "opex": 18863000,
      "cogs": null,
      "rd": null,
      "sga": null,
      "fcf": 37070000,
      "ocf": 39014000,
      "capex": -1944000,
      "gross_margin": null,
      "op_margin": null,
      "fcf_margin": 0.13998557472631631,
      "rev_growth_yoy": -0.07836954592438686,
      "fcf_margin_change": -0.17284764109238956
    },
    {
      "date": "2022-06-30T00:00:00",
      "quarter_label": "2022-06 (Q2)",
      "revenue": 213092000,
      "gross_profit": null,
      "operating_income": null,
      "net_income": -2239000,
      "opex": 19325000,
      "cogs": null,
      "rd": null,
      "sga": null,
      "fcf": 130551000,
      "ocf": 131631000,
      "capex": -1080000,
      "gross_margin": null,
      "op_margin": null,
      "fcf_margin": 0.6126508738009874,
      "rev_growth_yoy": -0.2851180891035964,
      "rev_growth_yoy_accel": -0.20674854317920952,
      "fcf_margin_change": 0.47266529907467103
    },
    {
      "date": "2022-09-30T00:00:00",
      "quarter_label": "2022-09 (Q3)",
      "revenue": 859494000,
      "gross_profit": null,
      "operating_income": null,
      "net_income": 439893000,
      "opex": 20606000,
      "cogs": null,
      "rd": null,
      "sga": null,
      "fcf": 110833000,
      "ocf": 112241000,
      "capex": -1408000,
      "gross_margin": null,
      "op_margin": null,
      "fcf_margin": 0.1289514528315497,
      "rev_growth_yoy": 2.1777794210078754,
      "rev_growth_yoy_accel": 2.4628975101114716,
      "op_leverage_ratio": 45.76209715607291,
      "fcf_margin_change": -0.48369942096943763
    },
    {
      "date": "2022-12-31T00:00:00",
      "quarter_label": "2022-12 (Q4)",
      "revenue": 360593000,
      "gross_profit": null,
      "operating_income": null,
      "net_income": 97834000,
      "opex": 23418000,
      "cogs": null,
      "rd": null,
      "sga": null,
      "fcf": -33895000,
      "ocf": -32438000,
      "capex": -1457000,
      "gross_margin": null,
      "op_margin": null,
      "fcf_margin": -0.09399794227841361,
      "rev_growth_yoy": 0.11513031753689341,
      "rev_growth_yoy_accel": -2.062649103470982,
      "fcf_margin_change": -0.2229493951099633
    },
    {
      "date": "2023-03-31T00:00:00",
      "quarter_label": "2023-03 (Q1)",
      "revenue": 364923000,
      "gross_profit": null,
      "operating_income": null,
      "net_income": 98811000,
      "opex": 23901000,
      "cogs": null,
      "rd": null,
      "sga": null,
      "fcf": 67942000,
      "ocf": 69219000,
      "capex": -1277000,
      "gross_margin": null,
      "op_margin": null,
      "fcf_margin": 0.1861817424497771,
      "rev_growth_yoy": 0.3780403530038178,
      "rev_growth_yoy_accel": 0.2629100354669244,
      "op_leverage_ratio": 0.5822014403362109,
      "fcf_margin_change": 0.2801796847281907
    },
    {
      "date": "2023-06-30T00:00:00",
      "quarter_label": "2023-06 (Q2)",
      "revenue": 381862000,
      "gross_profit": null,
      "operating_income": null,
      "net_income": 77652000,
      "opex": 24510000,
      "cogs": null,
      "rd": null,
      "sga": null,
      "fcf": 172863000,
      "ocf": 174376000,
      "capex": -1513000,
      "gross_margin": null,
      "op_margin": null,
      "fcf_margin": 0.4526844776385186,
      "rev_growth_yoy": 0.7920053310307286,
      "rev_growth_yoy_accel": 0.4139649780269108,
      "op_leverage_ratio": 1.821735455117065,
      "fcf_margin_change": 0.2665027351887415
    },
    {
      "date": "2023-09-30T00:00:00",
      "quarter_label": "2023-09 (Q3)",
      "revenue": 331694000,
      "gross_profit": null,
      "operating_income": null,
      "net_income": 13536000,
      "opex": 21591000,
      "cogs": null,
      "rd": null,
      "sga": null,
      "fcf": 95936000,
      "ocf": 98597000,
      "capex": -2661000,
      "gross_margin": null,
      "op_margin": null,
      "fcf_margin": 0.2892304352807105,
      "rev_growth_yoy": -0.6140822390848569,
      "rev_growth_yoy_accel": -1.4060875701155855,
      "fcf_margin_change": -0.16345404235780808
    },
    {
      "date": "2023-12-31T00:00:00",
      "quarter_label": "2023-12 (Q4)",
      "revenue": 433515000,
      "gross_profit": null,
      "operating_income": null,
      "net_income": 114612000,
      "opex": 28381000,
      "cogs": null,
      "rd": null,
      "sga": null,
      "fcf": 121603000,
      "ocf": 122065000,
      "capex": -462000,
      "gross_margin": null,
      "op_margin": null,
      "fcf_margin": 0.28050471148633843,
      "rev_growth_yoy": 0.20222799666105554,
      "rev_growth_yoy_accel": 0.8163102357459124,
      "op_leverage_ratio": 0.9761189081659123,
      "fcf_margin_change": -0.008725723794372087
    },
    {
      "date": "2024-03-31T00:00:00",
      "quarter_label": "2024-03 (Q1)",
      "revenue": 444831000,
      "gross_profit": null,
      "operating_income": null,
      "net_income": 127900000,
      "opex": 28703000,
      "cogs": null,
      "rd": null,
      "sga": null,
      "fcf": 69857000,
      "ocf": 70946000,
      "capex": -1089000,
      "gross_margin": null,
      "op_margin": null,
      "fcf_margin": 0.15704166301359393,
      "rev_growth_yoy": 0.21897222153714618,
      "rev_growth_yoy_accel": 0.016744224876090646,
      "op_leverage_ratio": 2.300703386437444,
      "fcf_margin_change": -0.1234630484727445
    },
    {
      "date": "2024-06-30T00:00:00",
      "quarter_label": "2024-06 (Q2)",
      "revenue": 416442000,
      "gross_profit": null,
      "operating_income": null,
      "net_income": 81992000,
      "opex": 27321000,
      "cogs": null,
      "rd": null,
      "sga": null,
      "fcf": 139074000,
      "ocf": 141825000,
      "capex": -2751000,
      "gross_margin": null,
      "op_margin": null,
      "fcf_margin": 0.33395766997565085,
      "rev_growth_yoy": 0.09055627425614489,
      "rev_growth_yoy_accel": -0.1284159472810013,
      "fcf_margin_change": 0.17691600696205692
    },
    {
      "date": "2024-09-30T00:00:00",
      "quarter_label": "2024-09 (Q3)",
      "revenue": 469995000,
      "gross_profit": null,
      "operating_income": null,
      "net_income": 95027000,
      "opex": 28868000,
      "cogs": null,
      "rd": null,
      "sga": null,
      "fcf": 219021000,
      "ocf": 219368000,
      "capex": -347000,
      "gross_margin": null,
      "op_margin": null,
      "fcf_margin": 0.46600708518175726,
      "rev_growth_yoy": 0.41695357769510455,
      "rev_growth_yoy_accel": 0.3263973034389597,
      "op_leverage_ratio": 2.2710963470960555,
      "fcf_margin_change": 0.1320494152061064
    },
    {
      "date": "2024-12-31T00:00:00",
      "quarter_label": "2024-12 (Q4)",
      "revenue": 439116000,
      "gross_profit": null,
      "operating_income": null,
      "net_income": 40860000,
      "opex": 27568000,
      "cogs": null,
      "rd": null,
      "sga": null,
      "fcf": 127557000,
      "ocf": 128080000,
      "capex": -523000,
      "gross_margin": null,
      "op_margin": null,
      "fcf_margin": 0.2904858852786052,
      "rev_growth_yoy": 0.012919968167191447,
      "rev_growth_yoy_accel": -0.4040336095279131,
      "fcf_margin_change": -0.17552119990315207
    },
    {
      "date": "2025-03-31T00:00:00",
      "quarter_label": "2025-03 (Q1)",
      "revenue": 407665000,
      "gross_profit": null,
      "operating_income": null,
      "net_income": 63214000,
      "opex": 26874000,
      "cogs": null,
      "rd": null,
      "sga": null,
      "fcf": 102461000,
      "ocf": 103514000,
      "capex": -1053000,
      "gross_margin": null,
      "op_margin": null,
      "fcf_margin": 0.25133626875007664,
      "rev_growth_yoy": -0.0835508316641601,
      "rev_growth_yoy_accel": -0.09647079983135154,
      "fcf_margin_change": -0.03914961652852855
    },
    {
      "date": "2025-06-30T00:00:00",
      "quarter_label": "2025-06 (Q2)",
      "revenue": 499826000,
      "gross_profit": null,
      "operating_income": null,
      "net_income": 124336000,
      "opex": 29594000,
      "cogs": null,
      "rd": null,
      "sga": null,
      "fcf": 173414000,
      "ocf": 174719000,
      "capex": -1305000,
      "gross_margin": null,
      "op_margin": null,
      "fcf_margin": 0.34694873816088,
      "rev_growth_yoy": 0.2002295637807906,
      "rev_growth_yoy_accel": 0.2837803954449507,
      "op_leverage_ratio": 2.2336090493131255,
      "fcf_margin_change": 0.09561246941080337
    },
    {
      "date": "2025-09-30T00:00:00",
      "quarter_label": "2025-09 (Q3)",
      "revenue": 509264000,
      "gross_profit": null,
      "operating_income": null,
      "net_income": 124610000,
      "opex": 30215000,
      "cogs": null,
      "rd": null,
      "sga": null,
      "fcf": 177842000,
      "ocf": 179220000,
      "capex": -1378000,
      "gross_margin": null,
      "op_margin": null,
      "fcf_margin": 0.3492137673191115,
      "rev_growth_yoy": 0.08355195268034767,
      "rev_growth_yoy_accel": -0.11667761110044293,
      "op_leverage_ratio": 0.8998563770723613,
      "fcf_margin_change": 0.002265029158231513
    },
    {
      "date": "2025-12-31T00:00:00",
      "quarter_label": "2025-12 (Q4)",
      "revenue": 465693000,
      "gross_profit": null,
      "operating_income": null,
      "net_income": 91177000,
      "opex": 29132000,
      "cogs": null,
      "rd": null,
      "sga": null,
      "fcf": 154981000,
      "ocf": 156768000,
      "capex": -1787000,
      "gross_margin": null,
      "op_margin": null,
      "fcf_margin": 0.3327964989810884,
      "rev_growth_yoy": 0.06052387068565026,
      "rev_growth_yoy_accel": -0.023028081994697407,
      "fcf_margin_change": -0.01641726833802315
    }
  ],
  "signals": [
    {
      "quarter": "2025-09 (Q3)",
      "signal": "YoY REVENUE GROWTH DECELERATION",
      "detail": "YoY growth: +8.4% vs prior quarter YoY: +20.0% (decel: -11.7%)",
      "severity": "WARNING"
    },
    {
      "quarter": "2025-06 (Q2)",
      "signal": "FCF MARGIN EXPANSION",
      "detail": "FCF margin: +25.1% -> +34.7% (+9.6%)",
      "severity": "MEDIUM"
    },
    {
      "quarter": "2025-06 (Q2)",
      "signal": "OPERATING LEVERAGE",
      "detail": "Rev growth +22.6% vs OpEx growth +10.1% (leverage: 2.2x)",
      "severity": "MEDIUM"
    },
    {
      "quarter": "2025-06 (Q2)",
      "signal": "YoY REVENUE GROWTH ACCELERATION",
      "detail": "YoY growth: +20.0% vs prior quarter YoY: -8.4% (accel: +28.4%)",
      "severity": "HIGH"
    },
    {
      "quarter": "2025-03 (Q1)",
      "signal": "YoY REVENUE GROWTH DECELERATION",
      "detail": "YoY growth: -8.4% vs prior quarter YoY: +1.3% (decel: -9.6%)",
      "severity": "WARNING"
    },
    {
      "quarter": "2024-12 (Q4)",
      "signal": "YoY REVENUE GROWTH DECELERATION",
      "detail": "YoY growth: +1.3% vs prior quarter YoY: +41.7% (decel: -40.4%)",
      "severity": "WARNING"
    },
    {
      "quarter": "2024-09 (Q3)",
      "signal": "FCF MARGIN EXPANSION",
      "detail": "FCF margin: +33.4% -> +46.6% (+13.2%)",
      "severity": "MEDIUM"
    },
    {
      "quarter": "2024-09 (Q3)",
      "signal": "OPERATING LEVERAGE",
      "detail": "Rev growth +12.9% vs OpEx growth +5.7% (leverage: 2.3x)",
      "severity": "MEDIUM"
    },
    {
      "quarter": "2024-09 (Q3)",
      "signal": "YoY REVENUE GROWTH ACCELERATION",
      "detail": "YoY growth: +41.7% vs prior quarter YoY: +9.1% (accel: +32.6%)",
      "severity": "HIGH"
    },
    {
      "quarter": "2024-06 (Q2)",
      "signal": "FCF MARGIN EXPANSION",
      "detail": "FCF margin: +15.7% -> +33.4% (+17.7%)",
      "severity": "MEDIUM"
    },
    {
      "quarter": "2024-06 (Q2)",
      "signal": "YoY REVENUE GROWTH DECELERATION",
      "detail": "YoY growth: +9.1% vs prior quarter YoY: +21.9% (decel: -12.8%)",
      "severity": "WARNING"
    },
    {
      "quarter": "2024-03 (Q1)",
      "signal": "OPERATING LEVERAGE",
      "detail": "Rev growth +2.6% vs OpEx growth +1.1% (leverage: 2.3x)",
      "severity": "MEDIUM"
    },
    {
      "quarter": "2023-12 (Q4)",
      "signal": "YoY REVENUE GROWTH ACCELERATION",
      "detail": "YoY growth: +20.2% vs prior quarter YoY: -61.4% (accel: +81.6%)",
      "severity": "HIGH"
    },
    {
      "quarter": "2023-09 (Q3)",
      "signal": "YoY REVENUE GROWTH DECELERATION",
      "detail": "YoY growth: -61.4% vs prior quarter YoY: +79.2% (decel: -140.6%)",
      "severity": "WARNING"
    },
    {
      "quarter": "2023-06 (Q2)",
      "signal": "FCF MARGIN EXPANSION",
      "detail": "FCF margin: +18.6% -> +45.3% (+26.7%)",
      "severity": "MEDIUM"
    },
    {
      "quarter": "2023-06 (Q2)",
      "signal": "OPERATING LEVERAGE",
      "detail": "Rev growth +4.6% vs OpEx growth +2.5% (leverage: 1.8x)",
      "severity": "MEDIUM"
    },
    {
      "quarter": "2023-06 (Q2)",
      "signal": "YoY REVENUE GROWTH ACCELERATION",
      "detail": "YoY growth: +79.2% vs prior quarter YoY: +37.8% (accel: +41.4%)",
      "severity": "HIGH"
    },
    {
      "quarter": "2023-03 (Q1)",
      "signal": "FCF TURNED POSITIVE",
      "detail": "FCF margin: -9.4% -> +18.6%",
      "severity": "HIGH"
    },
    {
      "quarter": "2023-03 (Q1)",
      "signal": "YoY REVENUE GROWTH ACCELERATION",
      "detail": "YoY growth: +37.8% vs prior quarter YoY: +11.5% (accel: +26.3%)",
      "severity": "HIGH"
    },
    {
      "quarter": "2022-12 (Q4)",
      "signal": "YoY REVENUE GROWTH DECELERATION",
      "detail": "YoY growth: +11.5% vs prior quarter YoY: +217.8% (decel: -206.3%)",
      "severity": "WARNING"
    },
    {
      "quarter": "2022-09 (Q3)",
      "signal": "OPERATING LEVERAGE",
      "detail": "Rev growth +303.3% vs OpEx growth +6.6% (leverage: 45.8x)",
      "severity": "MEDIUM"
    },
    {
      "quarter": "2022-09 (Q3)",
      "signal": "YoY REVENUE GROWTH ACCELERATION",
      "detail": "YoY growth: +217.8% vs prior quarter YoY: -28.5% (accel: +246.3%)",
      "severity": "HIGH"
    },
    {
      "quarter": "2022-06 (Q2)",
      "signal": "FCF MARGIN EXPANSION",
      "detail": "FCF margin: +14.0% -> +61.3% (+47.3%)",
      "severity": "MEDIUM"
    },
    {
      "quarter": "2022-06 (Q2)",
      "signal": "YoY REVENUE GROWTH DECELERATION",
      "detail": "YoY growth: -28.5% vs prior quarter YoY: -7.8% (decel: -20.7%)",
      "severity": "WARNING"
    },
    {
      "quarter": "2021-09 (Q3)",
      "signal": "FCF MARGIN EXPANSION",
      "detail": "FCF margin: +34.2% -> +42.2% (+8.0%)",
      "severity": "MEDIUM"
    },
    {
      "quarter": "2021-06 (Q2)",
      "signal": "FCF MARGIN EXPANSION",
      "detail": "FCF margin: +20.7% -> +34.2% (+13.5%)",
      "severity": "MEDIUM"
    }
  ],
  "data_quality": {
    "n_quarters": 20,
    "coverage": {
      "revenue": [
        20,
        20
      ],
      "gross_profit": [
        0,
        20
      ],
      "op_income": [
        0,
        20
      ],
      "fcf": [
        20,
        20
      ]
    },
    "gaps": [],
    "warnings": [
      "gross_profit: no data",
      "op_income: no data"
    ]
  },
  "market_cap": null,
  "source": "SEC EDGAR",
  "last_updated": "2026-02-24T10:15:16.082733"
}