{
  "ticker": "RLJ",
  "name": "RLJ LODGING TRUST",
  "quarters": [
    {
      "date": "2020-12-31T00:00:00",
      "quarter_label": "2020-12 (Q4)",
      "revenue": 91083000,
      "gross_profit": null,
      "operating_income": null,
      "net_income": -86942000,
      "opex": 155203000,
      "cogs": null,
      "rd": null,
      "sga": null,
      "fcf": -81917000,
      "ocf": -81917000,
      "capex": null,
      "gross_margin": null,
      "op_margin": null,
      "fcf_margin": -0.8993665118628065
    },
    {
      "date": "2021-03-31T00:00:00",
      "quarter_label": "2021-03 (Q1)",
      "revenue": 119552000,
      "gross_profit": null,
      "operating_income": null,
      "net_income": -77985000,
      "opex": 172294000,
      "cogs": null,
      "rd": null,
      "sga": null,
      "fcf": -29008000,
      "ocf": -29008000,
      "capex": null,
      "gross_margin": null,
      "op_margin": null,
      "fcf_margin": -0.2426391862955032,
      "op_leverage_ratio": 2.8383602979039333,
      "fcf_margin_change": 0.6567273255673033
    },
    {
      "date": "2021-06-30T00:00:00",
      "quarter_label": "2021-06 (Q2)",
      "revenue": 194254000,
      "gross_profit": null,
      "operating_income": null,
      "net_income": -51447000,
      "opex": 204411000,
      "cogs": null,
      "rd": null,
      "sga": null,
      "fcf": 4989000,
      "ocf": 4989000,
      "capex": null,
      "gross_margin": null,
      "op_margin": null,
      "fcf_margin": 0.025682868821234054,
      "op_leverage_ratio": 3.352050597932586,
      "fcf_margin_change": 0.2683220551167373
    },
    {
      "date": "2021-09-30T00:00:00",
      "quarter_label": "2021-09 (Q3)",
      "revenue": 233769000,
      "gross_profit": null,
      "operating_income": null,
      "net_income": -148007000,
      "opex": 368081000,
      "cogs": null,
      "rd": null,
      "sga": null,
      "fcf": 44266000,
      "ocf": 44266000,
      "capex": null,
      "gross_margin": null,
      "op_margin": null,
      "fcf_margin": 0.18935787037631166,
      "op_leverage_ratio": 0.25405467810800625,
      "fcf_margin_change": 0.1636750015550776
    },
    {
      "date": "2021-12-31T00:00:00",
      "quarter_label": "2021-12 (Q4)",
      "revenue": 238089000,
      "gross_profit": null,
      "operating_income": null,
      "net_income": -27728000,
      "opex": 235831000,
      "cogs": null,
      "rd": null,
      "sga": null,
      "fcf": 22714000,
      "ocf": 22714000,
      "capex": null,
      "gross_margin": null,
      "op_margin": null,
      "fcf_margin": 0.09540129951404727,
      "rev_growth_yoy": 1.613978459207536,
      "op_leverage_ratio": Infinity,
      "fcf_margin_change": -0.09395657086226439
    },
    {
      "date": "2022-03-31T00:00:00",
      "quarter_label": "2022-03 (Q1)",
      "revenue": 242899000,
      "gross_profit": null,
      "operating_income": null,
      "net_income": -15247000,
      "opex": 242613000,
      "cogs": null,
      "rd": null,
      "sga": null,
      "fcf": 10291000,
      "ocf": 10291000,
      "capex": null,
      "gross_margin": null,
      "op_margin": null,
      "fcf_margin": 0.04236740373570908,
      "rev_growth_yoy": 1.0317435091006424,
      "rev_growth_yoy_accel": -0.5822349501068935,
      "op_leverage_ratio": 0.7025040826933717,
      "fcf_margin_change": -0.05303389577833819
    },
    {
      "date": "2022-06-30T00:00:00",
      "quarter_label": "2022-06 (Q2)",
      "revenue": 330501000,
      "gross_profit": null,
      "operating_income": null,
      "net_income": 32966000,
      "opex": 273873000,
      "cogs": null,
      "rd": null,
      "sga": null,
      "fcf": 106013000,
      "ocf": 106013000,
      "capex": null,
      "gross_margin": null,
      "op_margin": null,
      "fcf_margin": 0.32076453626464063,
      "rev_growth_yoy": 0.7013858144491233,
      "rev_growth_yoy_accel": -0.3303576946515191,
      "op_leverage_ratio": 2.799067611642633,
      "fcf_margin_change": 0.27839713252893156
    },
    {
      "date": "2022-09-30T00:00:00",
      "quarter_label": "2022-09 (Q3)",
      "revenue": 318071000,
      "gross_profit": null,
      "operating_income": null,
      "net_income": 17594000,
      "opex": 279156000,
      "cogs": null,
      "rd": null,
      "sga": null,
      "fcf": 87362000,
      "ocf": 87362000,
      "capex": null,
      "gross_margin": null,
      "op_margin": null,
      "fcf_margin": 0.27466194654652576,
      "rev_growth_yoy": 0.3606209548742562,
      "rev_growth_yoy_accel": -0.3407648595748671,
      "fcf_margin_change": -0.04610258971811487
    },
    {
      "date": "2022-12-31T00:00:00",
      "quarter_label": "2022-12 (Q4)",
      "revenue": 302191000,
      "gross_profit": null,
      "operating_income": null,
      "net_income": 6613000,
      "opex": 276621000,
      "cogs": null,
      "rd": null,
      "sga": null,
      "fcf": 52853000,
      "ocf": 52853000,
      "capex": null,
      "gross_margin": null,
      "op_margin": null,
      "fcf_margin": 0.17489931864284508,
      "rev_growth_yoy": 0.269235453968894,
      "rev_growth_yoy_accel": -0.09138550090536224,
      "fcf_margin_change": -0.09976262790368068
    },
    {
      "date": "2023-03-31T00:00:00",
      "quarter_label": "2023-03 (Q1)",
      "revenue": 314503000,
      "gross_profit": null,
      "operating_income": null,
      "net_income": 10645000,
      "opex": 284314000,
      "cogs": null,
      "rd": null,
      "sga": null,
      "fcf": 42018000,
      "ocf": 42018000,
      "capex": null,
      "gross_margin": null,
      "op_margin": null,
      "fcf_margin": 0.13360126930426736,
      "rev_growth_yoy": 0.2947891922156946,
      "rev_growth_yoy_accel": 0.025553738246800628,
      "op_leverage_ratio": 1.4649961910852467,
      "fcf_margin_change": -0.041298049338577725
    },
    {
      "date": "2023-06-30T00:00:00",
      "quarter_label": "2023-06 (Q2)",
      "revenue": 356960000,
      "gross_profit": null,
      "operating_income": null,
      "net_income": 41395000,
      "opex": 296094000,
      "cogs": null,
      "rd": null,
      "sga": null,
      "fcf": 95097000,
      "ocf": 95097000,
      "capex": null,
      "gross_margin": null,
      "op_margin": null,
      "fcf_margin": 0.266408000896459,
      "rev_growth_yoy": 0.080057246422855,
      "rev_growth_yoy_accel": -0.2147319457928396,
      "op_leverage_ratio": 3.2581979516586244,
      "fcf_margin_change": 0.13280673159219164
    },
    {
      "date": "2023-09-30T00:00:00",
      "quarter_label": "2023-09 (Q3)",
      "revenue": 334406000,
      "gross_profit": null,
      "operating_income": null,
      "net_income": 16430000,
      "opex": 299951000,
      "cogs": null,
      "rd": null,
      "sga": null,
      "fcf": 89073000,
      "ocf": 89073000,
      "capex": null,
      "gross_margin": null,
      "op_margin": null,
      "fcf_margin": 0.26636184757450526,
      "rev_growth_yoy": 0.05135645814928114,
      "rev_growth_yoy_accel": -0.028700788273573863,
      "fcf_margin_change": -4.615332195373467e-05
    },
    {
      "date": "2023-12-31T00:00:00",
      "quarter_label": "2023-12 (Q4)",
      "revenue": 319708000,
      "gross_profit": null,
      "operating_income": null,
      "net_income": 7935000,
      "opex": 292861000,
      "cogs": null,
      "rd": null,
      "sga": null,
      "fcf": 88954000,
      "ocf": 88954000,
      "capex": null,
      "gross_margin": null,
      "op_margin": null,
      "fcf_margin": 0.2782351395648529,
      "rev_growth_yoy": 0.0579666502311452,
      "rev_growth_yoy_accel": 0.006610192081864065,
      "fcf_margin_change": 0.011873291990347645
    },
    {
      "date": "2024-03-31T00:00:00",
      "quarter_label": "2024-03 (Q1)",
      "revenue": 324410000,
      "gross_profit": null,
      "operating_income": null,
      "net_income": 4937000,
      "opex": 301109000,
      "cogs": null,
      "rd": null,
      "sga": null,
      "fcf": 20767000,
      "ocf": 20767000,
      "capex": null,
      "gross_margin": null,
      "op_margin": null,
      "fcf_margin": 0.06401467279060448,
      "rev_growth_yoy": 0.03150049443089573,
      "rev_growth_yoy_accel": -0.02646615580024947,
      "op_leverage_ratio": 0.522206183213715,
      "fcf_margin_change": -0.21422046677424844
    },
    {
      "date": "2024-06-30T00:00:00",
      "quarter_label": "2024-06 (Q2)",
      "revenue": 369297000,
      "gross_profit": null,
      "operating_income": null,
      "net_income": 37106000,
      "opex": 312069000,
      "cogs": null,
      "rd": null,
      "sga": null,
      "fcf": 113527000,
      "ocf": 113527000,
      "capex": null,
      "gross_margin": null,
      "op_margin": null,
      "fcf_margin": 0.30741381598009193,
      "rev_growth_yoy": 0.03456129538323622,
      "rev_growth_yoy_accel": 0.0030608009523404867,
      "op_leverage_ratio": 3.8013646342703664,
      "fcf_margin_change": 0.24339914318948747
    },
    {
      "date": "2024-09-30T00:00:00",
      "quarter_label": "2024-09 (Q3)",
      "revenue": 345744000,
      "gross_profit": null,
      "operating_income": null,
      "net_income": 20602000,
      "opex": 305633000,
      "cogs": null,
      "rd": null,
      "sga": null,
      "fcf": 80099000,
      "ocf": 80099000,
      "capex": null,
      "gross_margin": null,
      "op_margin": null,
      "fcf_margin": 0.2316714100606229,
      "rev_growth_yoy": 0.03390489405094406,
      "rev_growth_yoy_accel": -0.00065640133229216,
      "fcf_margin_change": -0.07574240591946904
    },
    {
      "date": "2024-12-31T00:00:00",
      "quarter_label": "2024-12 (Q4)",
      "revenue": 329989000,
      "gross_profit": null,
      "operating_income": null,
      "net_income": 5376000,
      "opex": 300729000,
      "cogs": null,
      "rd": null,
      "sga": null,
      "fcf": 71026000,
      "ocf": 71026000,
      "capex": null,
      "gross_margin": null,
      "op_margin": null,
      "fcf_margin": 0.21523747761289014,
      "rev_growth_yoy": 0.03215746869017979,
      "rev_growth_yoy_accel": -0.0017474253607642695,
      "fcf_margin_change": -0.016433932447732752
    },
    {
      "date": "2025-03-31T00:00:00",
      "quarter_label": "2025-03 (Q1)",
      "revenue": 328119000,
      "gross_profit": null,
      "operating_income": null,
      "net_income": 3362000,
      "opex": 302746000,
      "cogs": null,
      "rd": null,
      "sga": null,
      "fcf": 16300000,
      "ocf": 16300000,
      "capex": null,
      "gross_margin": null,
      "op_margin": null,
      "fcf_margin": 0.04967709885742673,
      "rev_growth_yoy": 0.011433063099164637,
      "rev_growth_yoy_accel": -0.020724405591015155,
      "fcf_margin_change": -0.16556037875546342
    },
    {
      "date": "2025-06-30T00:00:00",
      "quarter_label": "2025-06 (Q2)",
      "revenue": 363103000,
      "gross_profit": null,
      "operating_income": null,
      "net_income": 28453000,
      "opex": 310167000,
      "cogs": null,
      "rd": null,
      "sga": null,
      "fcf": 101320000,
      "ocf": 101320000,
      "capex": null,
      "gross_margin": null,
      "op_margin": null,
      "fcf_margin": 0.27903928086520907,
      "rev_growth_yoy": -0.016772408115960865,
      "rev_growth_yoy_accel": -0.028205471215125504,
      "op_leverage_ratio": 4.349647545447109,
      "fcf_margin_change": 0.22936218200778236
    },
    {
      "date": "2025-09-30T00:00:00",
      "quarter_label": "2025-09 (Q3)",
      "revenue": 330045000,
      "gross_profit": null,
      "operating_income": null,
      "net_income": -3736000,
      "opex": 308917000,
      "cogs": null,
      "rd": null,
      "sga": null,
      "fcf": 63301000,
      "ocf": 63301000,
      "capex": null,
      "gross_margin": null,
      "op_margin": null,
      "fcf_margin": 0.19179505824963264,
      "rev_growth_yoy": -0.04540642787727336,
      "rev_growth_yoy_accel": -0.028634019761312492,
      "fcf_margin_change": -0.08724422261557643
    }
  ],
  "signals": [
    {
      "quarter": "2025-06 (Q2)",
      "signal": "FCF MARGIN EXPANSION",
      "detail": "FCF margin: +5.0% -> +27.9% (+22.9%)",
      "severity": "MEDIUM"
    },
    {
      "quarter": "2025-06 (Q2)",
      "signal": "OPERATING LEVERAGE",
      "detail": "Rev growth +10.7% vs OpEx growth +2.5% (leverage: 4.3x)",
      "severity": "MEDIUM"
    },
    {
      "quarter": "2024-06 (Q2)",
      "signal": "FCF MARGIN EXPANSION",
      "detail": "FCF margin: +6.4% -> +30.7% (+24.3%)",
      "severity": "MEDIUM"
    },
    {
      "quarter": "2024-06 (Q2)",
      "signal": "OPERATING LEVERAGE",
      "detail": "Rev growth +13.8% vs OpEx growth +3.6% (leverage: 3.8x)",
      "severity": "MEDIUM"
    },
    {
      "quarter": "2023-06 (Q2)",
      "signal": "FCF MARGIN EXPANSION",
      "detail": "FCF margin: +13.4% -> +26.6% (+13.3%)",
      "severity": "MEDIUM"
    },
    {
      "quarter": "2023-06 (Q2)",
      "signal": "OPERATING LEVERAGE",
      "detail": "Rev growth +13.5% vs OpEx growth +4.1% (leverage: 3.3x)",
      "severity": "MEDIUM"
    },
    {
      "quarter": "2023-06 (Q2)",
      "signal": "YoY REVENUE GROWTH DECELERATION",
      "detail": "YoY growth: +8.0% vs prior quarter YoY: +29.5% (decel: -21.5%)",
      "severity": "WARNING"
    },
    {
      "quarter": "2022-12 (Q4)",
      "signal": "YoY REVENUE GROWTH DECELERATION",
      "detail": "YoY growth: +26.9% vs prior quarter YoY: +36.1% (decel: -9.1%)",
      "severity": "WARNING"
    },
    {
      "quarter": "2022-09 (Q3)",
      "signal": "YoY REVENUE GROWTH DECELERATION",
      "detail": "YoY growth: +36.1% vs prior quarter YoY: +70.1% (decel: -34.1%)",
      "severity": "WARNING"
    },
    {
      "quarter": "2022-06 (Q2)",
      "signal": "FCF MARGIN EXPANSION",
      "detail": "FCF margin: +4.2% -> +32.1% (+27.8%)",
      "severity": "MEDIUM"
    },
    {
      "quarter": "2022-06 (Q2)",
      "signal": "OPERATING LEVERAGE",
      "detail": "Rev growth +36.1% vs OpEx growth +12.9% (leverage: 2.8x)",
      "severity": "MEDIUM"
    },
    {
      "quarter": "2022-06 (Q2)",
      "signal": "YoY REVENUE GROWTH DECELERATION",
      "detail": "YoY growth: +70.1% vs prior quarter YoY: +103.2% (decel: -33.0%)",
      "severity": "WARNING"
    },
    {
      "quarter": "2022-03 (Q1)",
      "signal": "YoY REVENUE GROWTH DECELERATION",
      "detail": "YoY growth: +103.2% vs prior quarter YoY: +161.4% (decel: -58.2%)",
      "severity": "WARNING"
    },
    {
      "quarter": "2021-09 (Q3)",
      "signal": "FCF MARGIN EXPANSION",
      "detail": "FCF margin: +2.6% -> +18.9% (+16.4%)",
      "severity": "MEDIUM"
    },
    {
      "quarter": "2021-06 (Q2)",
      "signal": "FCF TURNED POSITIVE",
      "detail": "FCF margin: -24.3% -> +2.6%",
      "severity": "HIGH"
    },
    {
      "quarter": "2021-06 (Q2)",
      "signal": "OPERATING LEVERAGE",
      "detail": "Rev growth +62.5% vs OpEx growth +18.6% (leverage: 3.4x)",
      "severity": "MEDIUM"
    },
    {
      "quarter": "2021-03 (Q1)",
      "signal": "FCF MARGIN EXPANSION",
      "detail": "FCF margin: -89.9% -> -24.3% (+65.7%)",
      "severity": "MEDIUM"
    },
    {
      "quarter": "2021-03 (Q1)",
      "signal": "OPERATING LEVERAGE",
      "detail": "Rev growth +31.3% vs OpEx growth +11.0% (leverage: 2.8x)",
      "severity": "MEDIUM"
    }
  ],
  "data_quality": {
    "n_quarters": 20,
    "coverage": {
      "revenue": [
        20,
        20
      ],
      "gross_profit": [
        0,
        20
      ],
      "op_income": [
        0,
        20
      ],
      "fcf": [
        20,
        20
      ]
    },
    "gaps": [],
    "warnings": [
      "gross_profit: no data",
      "op_income: no data"
    ]
  },
  "market_cap": null,
  "source": "SEC EDGAR",
  "last_updated": "2026-02-02T21:57:29.829322"
}