{
  "ticker": "RM",
  "name": "Regional Management Corp.",
  "sector": "Financial Services",
  "industry": "Credit Services",
  "quarters": [
    {
      "date": "2021-03-31T00:00:00",
      "quarter_label": "2021-03 (Q1)",
      "revenue": 97731000,
      "gross_profit": null,
      "operating_income": null,
      "net_income": 25522000,
      "opex": null,
      "cogs": null,
      "rd": null,
      "sga": null,
      "fcf": 34601000,
      "ocf": 35012000,
      "capex": -411000,
      "gross_margin": null,
      "op_margin": null,
      "fcf_margin": 0.35404324114150065
    },
    {
      "date": "2021-06-30T00:00:00",
      "quarter_label": "2021-06 (Q2)",
      "revenue": 99676000,
      "gross_profit": null,
      "operating_income": null,
      "net_income": 20166000,
      "opex": null,
      "cogs": null,
      "rd": null,
      "sga": null,
      "fcf": 49290000,
      "ocf": 49931000,
      "capex": -641000,
      "gross_margin": null,
      "op_margin": null,
      "fcf_margin": 0.4945021870861592,
      "fcf_margin_change": 0.14045894594465852
    },
    {
      "date": "2021-09-30T00:00:00",
      "quarter_label": "2021-09 (Q3)",
      "revenue": 111460000,
      "gross_profit": null,
      "operating_income": null,
      "net_income": 22221000,
      "opex": null,
      "cogs": null,
      "rd": null,
      "sga": null,
      "fcf": 46474000,
      "ocf": 47382000,
      "capex": -908000,
      "gross_margin": null,
      "op_margin": null,
      "fcf_margin": 0.41695675578682934,
      "fcf_margin_change": -0.07754543129932984
    },
    {
      "date": "2021-12-31T00:00:00",
      "quarter_label": "2021-12 (Q4)",
      "revenue": 119484000,
      "gross_profit": null,
      "operating_income": null,
      "net_income": 20778000,
      "opex": null,
      "cogs": null,
      "rd": null,
      "sga": null,
      "fcf": 55062000,
      "ocf": 56690000,
      "capex": -1628000,
      "gross_margin": null,
      "op_margin": null,
      "fcf_margin": 0.4608315757758361,
      "fcf_margin_change": 0.043874819989006775
    },
    {
      "date": "2022-03-31T00:00:00",
      "quarter_label": "2022-03 (Q1)",
      "revenue": 120848000,
      "gross_profit": null,
      "operating_income": null,
      "net_income": 26783000,
      "opex": null,
      "cogs": null,
      "rd": null,
      "sga": null,
      "fcf": 44661000,
      "ocf": 45787000,
      "capex": -1126000,
      "gross_margin": null,
      "op_margin": null,
      "fcf_margin": 0.36956341850920166,
      "rev_growth_yoy": 0.23653702509950783,
      "fcf_margin_change": -0.09126815726663445
    },
    {
      "date": "2022-06-30T00:00:00",
      "quarter_label": "2022-06 (Q2)",
      "revenue": 122871000,
      "gross_profit": null,
      "operating_income": null,
      "net_income": 11982000,
      "opex": null,
      "cogs": null,
      "rd": null,
      "sga": null,
      "fcf": 62761000,
      "ocf": 63636000,
      "capex": -875000,
      "gross_margin": null,
      "op_margin": null,
      "fcf_margin": 0.5107877367320197,
      "rev_growth_yoy": 0.23270396083309924,
      "rev_growth_yoy_accel": -0.0038330642664085868,
      "fcf_margin_change": 0.14122431822281806
    },
    {
      "date": "2022-09-30T00:00:00",
      "quarter_label": "2022-09 (Q3)",
      "revenue": 131452000,
      "gross_profit": null,
      "operating_income": null,
      "net_income": 10068000,
      "opex": null,
      "cogs": null,
      "rd": null,
      "sga": null,
      "fcf": 54197000,
      "ocf": 54840000,
      "capex": -643000,
      "gross_margin": null,
      "op_margin": null,
      "fcf_margin": 0.41229498219882543,
      "rev_growth_yoy": 0.1793647945451283,
      "rev_growth_yoy_accel": -0.053339166287970946,
      "fcf_margin_change": -0.09849275453319428
    },
    {
      "date": "2022-12-31T00:00:00",
      "quarter_label": "2022-12 (Q4)",
      "revenue": 132016000,
      "gross_profit": null,
      "operating_income": null,
      "net_income": 2391000,
      "opex": null,
      "cogs": null,
      "rd": null,
      "sga": null,
      "fcf": 56839000,
      "ocf": 60069000,
      "capex": -3230000,
      "gross_margin": null,
      "op_margin": null,
      "fcf_margin": 0.4305462974184947,
      "rev_growth_yoy": 0.1048843359780389,
      "rev_growth_yoy_accel": -0.0744804585670894,
      "fcf_margin_change": 0.018251315219669273
    },
    {
      "date": "2023-03-31T00:00:00",
      "quarter_label": "2023-03 (Q1)",
      "revenue": 135378000,
      "gross_profit": null,
      "operating_income": null,
      "net_income": 8689000,
      "opex": null,
      "cogs": null,
      "rd": null,
      "sga": null,
      "fcf": 51002000,
      "ocf": 52649000,
      "capex": -1647000,
      "gross_margin": null,
      "op_margin": null,
      "fcf_margin": 0.37673772695711266,
      "rev_growth_yoy": 0.12023368198066993,
      "rev_growth_yoy_accel": 0.015349346002631034,
      "fcf_margin_change": -0.053808570461382044
    },
    {
      "date": "2023-06-30T00:00:00",
      "quarter_label": "2023-06 (Q2)",
      "revenue": 133484000,
      "gross_profit": null,
      "operating_income": null,
      "net_income": 6023000,
      "opex": null,
      "cogs": null,
      "rd": null,
      "sga": null,
      "fcf": 60929000,
      "ocf": 62076000,
      "capex": -1147000,
      "gross_margin": null,
      "op_margin": null,
      "fcf_margin": 0.4564517095681879,
      "rev_growth_yoy": 0.08637514140846904,
      "rev_growth_yoy_accel": -0.03385854057220089,
      "fcf_margin_change": 0.07971398261107526
    },
    {
      "date": "2023-09-30T00:00:00",
      "quarter_label": "2023-09 (Q3)",
      "revenue": 140878000,
      "gross_profit": null,
      "operating_income": null,
      "net_income": 8820000,
      "opex": null,
      "cogs": null,
      "rd": null,
      "sga": null,
      "fcf": 66713000,
      "ocf": 67548000,
      "capex": -835000,
      "gross_margin": null,
      "op_margin": null,
      "fcf_margin": 0.47355158363974503,
      "rev_growth_yoy": 0.07170678270395277,
      "rev_growth_yoy_accel": -0.014668358704516271,
      "fcf_margin_change": 0.01709987407155711
    },
    {
      "date": "2023-12-31T00:00:00",
      "quarter_label": "2023-12 (Q4)",
      "revenue": 141659000,
      "gross_profit": null,
      "operating_income": null,
      "net_income": -7574000,
      "opex": null,
      "cogs": null,
      "rd": null,
      "sga": null,
      "fcf": 65830000,
      "ocf": 66893000,
      "capex": -1063000,
      "gross_margin": null,
      "op_margin": null,
      "fcf_margin": 0.46470750181774545,
      "rev_growth_yoy": 0.07304417646345897,
      "rev_growth_yoy_accel": 0.0013373937595062002,
      "fcf_margin_change": -0.008844081821999583
    },
    {
      "date": "2024-03-31T00:00:00",
      "quarter_label": "2024-03 (Q1)",
      "revenue": 144308000,
      "gross_profit": null,
      "operating_income": null,
      "net_income": 15205000,
      "opex": null,
      "cogs": null,
      "rd": null,
      "sga": null,
      "fcf": 57445000,
      "ocf": 58471000,
      "capex": -1026000,
      "gross_margin": null,
      "op_margin": null,
      "fcf_margin": 0.39807217895057795,
      "rev_growth_yoy": 0.06596345048678515,
      "rev_growth_yoy_accel": -0.007080725976673821,
      "fcf_margin_change": -0.0666353228671675
    },
    {
      "date": "2024-06-30T00:00:00",
      "quarter_label": "2024-06 (Q2)",
      "revenue": 143025000,
      "gross_profit": null,
      "operating_income": null,
      "net_income": 8445000,
      "opex": null,
      "cogs": null,
      "rd": null,
      "sga": null,
      "fcf": 70286000,
      "ocf": 71495000,
      "capex": -1209000,
      "gross_margin": null,
      "op_margin": null,
      "fcf_margin": 0.4914245761230554,
      "rev_growth_yoy": 0.07147673129363818,
      "rev_growth_yoy_accel": 0.005513280806853038,
      "fcf_margin_change": 0.09335239717247745
    },
    {
      "date": "2024-09-30T00:00:00",
      "quarter_label": "2024-09 (Q3)",
      "revenue": 146338000,
      "gross_profit": null,
      "operating_income": null,
      "net_income": 7663000,
      "opex": null,
      "cogs": null,
      "rd": null,
      "sga": null,
      "fcf": 73816000,
      "ocf": 75119000,
      "capex": -1303000,
      "gross_margin": null,
      "op_margin": null,
      "fcf_margin": 0.5044212713034208,
      "rev_growth_yoy": 0.03875693862774883,
      "rev_growth_yoy_accel": -0.032719792665889355,
      "fcf_margin_change": 0.012996695180365447
    },
    {
      "date": "2024-12-31T00:00:00",
      "quarter_label": "2024-12 (Q4)",
      "revenue": 154832000,
      "gross_profit": null,
      "operating_income": null,
      "net_income": 9914000,
      "opex": null,
      "cogs": null,
      "rd": null,
      "sga": null,
      "fcf": 62326000,
      "ocf": 63842000,
      "capex": -1516000,
      "gross_margin": null,
      "op_margin": null,
      "fcf_margin": 0.4025395267128242,
      "rev_growth_yoy": 0.09299091480244813,
      "rev_growth_yoy_accel": 0.0542339761746993,
      "fcf_margin_change": -0.10188174459059662
    },
    {
      "date": "2025-03-31T00:00:00",
      "quarter_label": "2025-03 (Q1)",
      "revenue": 152967000,
      "gross_profit": null,
      "operating_income": null,
      "net_income": 7007000,
      "opex": null,
      "cogs": null,
      "rd": null,
      "sga": null,
      "fcf": 62390000,
      "ocf": 63665000,
      "capex": -1275000,
      "gross_margin": null,
      "op_margin": null,
      "fcf_margin": 0.4078657488216413,
      "rev_growth_yoy": 0.060003603403830694,
      "rev_growth_yoy_accel": -0.032987311398617436,
      "fcf_margin_change": 0.005326222108817058
    },
    {
      "date": "2025-06-30T00:00:00",
      "quarter_label": "2025-06 (Q2)",
      "revenue": 157442000,
      "gross_profit": null,
      "operating_income": null,
      "net_income": 10140000,
      "opex": null,
      "cogs": null,
      "rd": null,
      "sga": null,
      "fcf": 77640000,
      "ocf": 78658000,
      "capex": -1018000,
      "gross_margin": null,
      "op_margin": null,
      "fcf_margin": 0.49313397949721166,
      "rev_growth_yoy": 0.10080055934277224,
      "rev_growth_yoy_accel": 0.040796955938941545,
      "fcf_margin_change": 0.08526823067557038
    },
    {
      "date": "2025-09-30T00:00:00",
      "quarter_label": "2025-09 (Q3)",
      "revenue": 165487000,
      "gross_profit": null,
      "operating_income": null,
      "net_income": 14356000,
      "opex": null,
      "cogs": null,
      "rd": null,
      "sga": null,
      "fcf": 85670000,
      "ocf": 86684000,
      "capex": -1014000,
      "gross_margin": null,
      "op_margin": null,
      "fcf_margin": 0.5176841685449612,
      "rev_growth_yoy": 0.13085459689212645,
      "rev_growth_yoy_accel": 0.030054037549354207,
      "fcf_margin_change": 0.024550189047749582
    },
    {
      "date": "2025-12-31T00:00:00",
      "quarter_label": "2025-12 (Q4)",
      "revenue": 169702000,
      "gross_profit": null,
      "operating_income": null,
      "net_income": 12909000,
      "opex": null,
      "cogs": null,
      "rd": null,
      "sga": null,
      "fcf": 78607000,
      "ocf": 80063000,
      "capex": -1456000,
      "gross_margin": null,
      "op_margin": null,
      "fcf_margin": 0.4632060906765978,
      "rev_growth_yoy": 0.09603957838172987,
      "rev_growth_yoy_accel": -0.034815018510396575,
      "fcf_margin_change": -0.05447807786836345
    }
  ],
  "signals": [
    {
      "quarter": "2025-06 (Q2)",
      "signal": "FCF MARGIN EXPANSION",
      "detail": "FCF margin: +40.8% -> +49.3% (+8.5%)",
      "severity": "MEDIUM"
    },
    {
      "quarter": "2024-12 (Q4)",
      "signal": "YoY REVENUE GROWTH ACCELERATION",
      "detail": "YoY growth: +9.3% vs prior quarter YoY: +3.9% (accel: +5.4%)",
      "severity": "MEDIUM"
    },
    {
      "quarter": "2024-06 (Q2)",
      "signal": "FCF MARGIN EXPANSION",
      "detail": "FCF margin: +39.8% -> +49.1% (+9.3%)",
      "severity": "MEDIUM"
    },
    {
      "quarter": "2023-06 (Q2)",
      "signal": "FCF MARGIN EXPANSION",
      "detail": "FCF margin: +37.7% -> +45.6% (+8.0%)",
      "severity": "MEDIUM"
    },
    {
      "quarter": "2022-12 (Q4)",
      "signal": "YoY REVENUE GROWTH DECELERATION",
      "detail": "YoY growth: +10.5% vs prior quarter YoY: +17.9% (decel: -7.4%)",
      "severity": "WARNING"
    },
    {
      "quarter": "2022-09 (Q3)",
      "signal": "YoY REVENUE GROWTH DECELERATION",
      "detail": "YoY growth: +17.9% vs prior quarter YoY: +23.3% (decel: -5.3%)",
      "severity": "WARNING"
    },
    {
      "quarter": "2022-06 (Q2)",
      "signal": "FCF MARGIN EXPANSION",
      "detail": "FCF margin: +37.0% -> +51.1% (+14.1%)",
      "severity": "MEDIUM"
    },
    {
      "quarter": "2021-06 (Q2)",
      "signal": "FCF MARGIN EXPANSION",
      "detail": "FCF margin: +35.4% -> +49.5% (+14.0%)",
      "severity": "MEDIUM"
    }
  ],
  "data_quality": {
    "n_quarters": 20,
    "coverage": {
      "revenue": [
        20,
        20
      ],
      "gross_profit": [
        0,
        20
      ],
      "op_income": [
        0,
        20
      ],
      "fcf": [
        20,
        20
      ]
    },
    "gaps": [],
    "warnings": [
      "gross_profit: no data",
      "op_income: no data"
    ]
  },
  "market_cap": null,
  "source": "SEC EDGAR",
  "last_updated": "2026-02-24T10:13:58.214163"
}