{
  "ticker": "RMAX",
  "name": "RE/MAX Holdings, Inc.",
  "quarters": [
    {
      "date": "2020-12-31T00:00:00",
      "quarter_label": "2020-12 (Q4)",
      "revenue": 72449000,
      "gross_profit": null,
      "operating_income": 6748000,
      "net_income": 1291000,
      "opex": 65701000,
      "cogs": null,
      "rd": null,
      "sga": 40757000,
      "fcf": 27376000,
      "ocf": 27376000,
      "capex": null,
      "gross_margin": null,
      "op_margin": 0.09314138221369515,
      "fcf_margin": 0.37786580905188477
    },
    {
      "date": "2021-03-31T00:00:00",
      "quarter_label": "2021-03 (Q1)",
      "revenue": 72295000,
      "gross_profit": null,
      "operating_income": 3537000,
      "net_income": 1092000,
      "opex": 68758000,
      "cogs": null,
      "rd": null,
      "sga": 43676000,
      "fcf": 20832000,
      "ocf": 20832000,
      "capex": null,
      "gross_margin": null,
      "op_margin": 0.04892454526592434,
      "fcf_margin": 0.2881527076561311,
      "fcf_margin_change": -0.08971310139575367
    },
    {
      "date": "2021-06-30T00:00:00",
      "quarter_label": "2021-06 (Q2)",
      "revenue": 77246000,
      "gross_profit": null,
      "operating_income": 13410000,
      "net_income": 5201000,
      "opex": 63836000,
      "cogs": null,
      "rd": null,
      "sga": 38816000,
      "fcf": 9507000,
      "ocf": 9507000,
      "capex": null,
      "gross_margin": null,
      "op_margin": 0.17360122206975118,
      "fcf_margin": 0.1230743339460943,
      "op_leverage_ratio": Infinity,
      "fcf_margin_change": -0.1650783737100368
    },
    {
      "date": "2021-09-30T00:00:00",
      "quarter_label": "2021-09 (Q3)",
      "revenue": 90997000,
      "gross_profit": null,
      "operating_income": -37576000,
      "net_income": -25149000,
      "opex": 128573000,
      "cogs": null,
      "rd": null,
      "sga": 51099000,
      "fcf": -13695000,
      "ocf": -13695000,
      "capex": null,
      "gross_margin": null,
      "op_margin": -0.41293669022055673,
      "fcf_margin": -0.1504994670153961,
      "op_leverage_ratio": 0.17553809406241952,
      "fcf_margin_change": -0.2735738009614904
    },
    {
      "date": "2021-12-31T00:00:00",
      "quarter_label": "2021-12 (Q4)",
      "revenue": 89163000,
      "gross_profit": null,
      "operating_income": 10437000,
      "net_income": 3109000,
      "opex": 78726000,
      "cogs": null,
      "rd": null,
      "sga": 46282000,
      "fcf": 25798000,
      "ocf": 25798000,
      "capex": null,
      "gross_margin": null,
      "op_margin": 0.11705528077790114,
      "fcf_margin": 0.28933526238462143,
      "incr_op_margin_yoy": 0.22071317458418094,
      "rev_growth_yoy": 0.2307002167041643,
      "fcf_margin_change": 0.43983472940001755
    },
    {
      "date": "2022-03-31T00:00:00",
      "quarter_label": "2022-03 (Q1)",
      "revenue": 91004000,
      "gross_profit": null,
      "operating_income": 7602000,
      "net_income": 1451000,
      "opex": 83402000,
      "cogs": null,
      "rd": null,
      "sga": 47831000,
      "fcf": 16502000,
      "ocf": 16502000,
      "capex": null,
      "gross_margin": null,
      "op_margin": 0.08353478967957452,
      "fcf_margin": 0.18133268867302535,
      "incr_op_margin_yoy": 0.21727510823667753,
      "rev_growth_yoy": 0.25878691472439314,
      "rev_growth_yoy_accel": 0.02808669802022884,
      "op_leverage_ratio": 0.34762643885540717,
      "fcf_margin_change": -0.10800257371159608
    },
    {
      "date": "2022-06-30T00:00:00",
      "quarter_label": "2022-06 (Q2)",
      "revenue": 92172000,
      "gross_profit": null,
      "operating_income": 16909000,
      "net_income": 5829000,
      "opex": 75263000,
      "cogs": null,
      "rd": null,
      "sga": 40781000,
      "fcf": 22417000,
      "ocf": 22417000,
      "capex": null,
      "gross_margin": null,
      "op_margin": 0.18345050557653084,
      "fcf_margin": 0.24320834960725599,
      "incr_op_margin_yoy": 0.23442315422752244,
      "rev_growth_yoy": 0.1932268337519095,
      "rev_growth_yoy_accel": -0.06556008097248364,
      "op_leverage_ratio": Infinity,
      "fcf_margin_change": 0.061875660934230636
    },
    {
      "date": "2022-09-30T00:00:00",
      "quarter_label": "2022-09 (Q3)",
      "revenue": 88943000,
      "gross_profit": null,
      "operating_income": 5235000,
      "net_income": 140000,
      "opex": 83708000,
      "cogs": null,
      "rd": null,
      "sga": 49702000,
      "fcf": 22467000,
      "ocf": 22467000,
      "capex": null,
      "gross_margin": null,
      "op_margin": 0.05885792024105326,
      "fcf_margin": 0.2525999797623197,
      "incr_op_margin_yoy": -20.842745861733203,
      "rev_growth_yoy": -0.022572172708990406,
      "rev_growth_yoy_accel": -0.2157990064608999,
      "fcf_margin_change": 0.009391630155063696
    },
    {
      "date": "2022-12-31T00:00:00",
      "quarter_label": "2022-12 (Q4)",
      "revenue": 81267000,
      "gross_profit": null,
      "operating_income": 8466000,
      "net_income": -1310000,
      "opex": 72801000,
      "cogs": null,
      "rd": null,
      "sga": 34964000,
      "fcf": 9756000,
      "ocf": 9756000,
      "capex": null,
      "gross_margin": null,
      "op_margin": 0.10417512643508435,
      "fcf_margin": 0.12004872826608587,
      "incr_op_margin_yoy": 0.24962006079027355,
      "rev_growth_yoy": -0.0885569126207059,
      "rev_growth_yoy_accel": -0.0659847399117155,
      "fcf_margin_change": -0.1325512514962338
    },
    {
      "date": "2023-03-31T00:00:00",
      "quarter_label": "2023-03 (Q1)",
      "revenue": 85401000,
      "gross_profit": null,
      "operating_income": 6911000,
      "net_income": -671000,
      "opex": 78490000,
      "cogs": null,
      "rd": null,
      "sga": 49115000,
      "fcf": 3064000,
      "ocf": 3064000,
      "capex": null,
      "gross_margin": null,
      "op_margin": 0.08092411095888807,
      "fcf_margin": 0.035877800025760825,
      "incr_op_margin_yoy": 0.12332678922006068,
      "rev_growth_yoy": -0.06156872225396686,
      "rev_growth_yoy_accel": 0.026988190366739044,
      "op_leverage_ratio": 0.6509650250162351,
      "fcf_margin_change": -0.08417092824032504
    },
    {
      "date": "2023-06-30T00:00:00",
      "quarter_label": "2023-06 (Q2)",
      "revenue": 82447000,
      "gross_profit": null,
      "operating_income": 13150000,
      "net_income": 2010000,
      "opex": 69297000,
      "cogs": null,
      "rd": null,
      "sga": 40212000,
      "fcf": -822000,
      "ocf": -822000,
      "capex": null,
      "gross_margin": null,
      "op_margin": 0.15949640375028806,
      "fcf_margin": -0.009970041359903939,
      "incr_op_margin_yoy": 0.38652956298200514,
      "rev_growth_yoy": -0.10550926528663802,
      "rev_growth_yoy_accel": -0.04394054303267116,
      "fcf_margin_change": -0.045847841385664764
    },
    {
      "date": "2023-09-30T00:00:00",
      "quarter_label": "2023-09 (Q3)",
      "revenue": 81223000,
      "gross_profit": null,
      "operating_income": -20998000,
      "net_income": -59454000,
      "opex": 102221000,
      "cogs": null,
      "rd": null,
      "sga": 43090000,
      "fcf": 17383000,
      "ocf": 17383000,
      "capex": null,
      "gross_margin": null,
      "op_margin": -0.2585228322027012,
      "fcf_margin": 0.21401573445945113,
      "incr_op_margin_yoy": 3.3980569948186528,
      "rev_growth_yoy": -0.086797162227494,
      "rev_growth_yoy_accel": 0.018712103059144017,
      "fcf_margin_change": 0.22398577581935508
    },
    {
      "date": "2023-12-31T00:00:00",
      "quarter_label": "2023-12 (Q4)",
      "revenue": 76600000,
      "gross_profit": null,
      "operating_income": -9700000,
      "net_income": -10907000,
      "opex": 86300000,
      "cogs": null,
      "rd": null,
      "sga": 39131000,
      "fcf": 8639000,
      "ocf": 8639000,
      "capex": null,
      "gross_margin": null,
      "op_margin": -0.12663185378590078,
      "fcf_margin": 0.11278067885117493,
      "incr_op_margin_yoy": 3.892436254553246,
      "rev_growth_yoy": -0.05742798429866982,
      "rev_growth_yoy_accel": 0.029369177928824187,
      "fcf_margin_change": -0.1012350556082762
    },
    {
      "date": "2024-03-31T00:00:00",
      "quarter_label": "2024-03 (Q1)",
      "revenue": 78287000,
      "gross_profit": null,
      "operating_income": 4524000,
      "net_income": -3353000,
      "opex": 73763000,
      "cogs": null,
      "rd": null,
      "sga": 45705000,
      "fcf": 9381000,
      "ocf": 9381000,
      "capex": null,
      "gross_margin": null,
      "op_margin": 0.05778737210520265,
      "fcf_margin": 0.11982832398737978,
      "incr_op_margin_yoy": 0.3355355636772561,
      "rev_growth_yoy": -0.08330113230524233,
      "rev_growth_yoy_accel": -0.025873148006572512,
      "op_leverage_ratio": Infinity,
      "fcf_margin_change": 0.007047645136204844
    },
    {
      "date": "2024-06-30T00:00:00",
      "quarter_label": "2024-06 (Q2)",
      "revenue": 78453000,
      "gross_profit": null,
      "operating_income": 16175000,
      "net_income": 3705000,
      "opex": 62278000,
      "cogs": null,
      "rd": null,
      "sga": 34851000,
      "fcf": 15885000,
      "ocf": 15885000,
      "capex": null,
      "gross_margin": null,
      "op_margin": 0.20617439740991422,
      "fcf_margin": 0.202477916714466,
      "incr_op_margin_yoy": -0.7573860791186781,
      "rev_growth_yoy": -0.048443242325372664,
      "rev_growth_yoy_accel": 0.03485788997986967,
      "fcf_margin_change": 0.08264959272708622
    },
    {
      "date": "2024-09-30T00:00:00",
      "quarter_label": "2024-09 (Q3)",
      "revenue": 78478000,
      "gross_profit": null,
      "operating_income": 15211000,
      "net_income": 966000,
      "opex": 63267000,
      "cogs": null,
      "rd": null,
      "sga": 35932000,
      "fcf": 17601000,
      "ocf": 17601000,
      "capex": null,
      "gross_margin": null,
      "op_margin": 0.19382502102500063,
      "fcf_margin": 0.22427941588725503,
      "incr_op_margin_yoy": -13.190892531876138,
      "rev_growth_yoy": -0.03379584600421063,
      "rev_growth_yoy_accel": 0.014647396321162034,
      "fcf_margin_change": 0.021801499172789035
    },
    {
      "date": "2024-12-31T00:00:00",
      "quarter_label": "2024-12 (Q4)",
      "revenue": 72467000,
      "gross_profit": null,
      "operating_income": 4271000,
      "net_income": 5805000,
      "opex": 68196000,
      "cogs": null,
      "rd": null,
      "sga": 35770000,
      "fcf": 16785000,
      "ocf": 16785000,
      "capex": null,
      "gross_margin": null,
      "op_margin": 0.058937171402155465,
      "fcf_margin": 0.23162266962893455,
      "incr_op_margin_yoy": -3.3803532542947012,
      "rev_growth_yoy": -0.0539556135770235,
      "rev_growth_yoy_accel": -0.02015976757281287,
      "fcf_margin_change": 0.007343253741679517
    },
    {
      "date": "2025-03-31T00:00:00",
      "quarter_label": "2025-03 (Q1)",
      "revenue": 74467000,
      "gross_profit": null,
      "operating_income": 5367000,
      "net_income": -1958000,
      "opex": 69100000,
      "cogs": null,
      "rd": null,
      "sga": 43028000,
      "fcf": 5661000,
      "ocf": 5661000,
      "capex": null,
      "gross_margin": null,
      "op_margin": 0.0720721930519559,
      "fcf_margin": 0.07602025058079417,
      "incr_op_margin_yoy": -0.22068062827225132,
      "rev_growth_yoy": -0.04879481906319057,
      "rev_growth_yoy_accel": 0.005160794513832931,
      "op_leverage_ratio": 2.081997408402311,
      "fcf_margin_change": -0.15560241904814037
    },
    {
      "date": "2025-06-30T00:00:00",
      "quarter_label": "2025-06 (Q2)",
      "revenue": 72750000,
      "gross_profit": null,
      "operating_income": 14045000,
      "net_income": 4685000,
      "opex": 58705000,
      "cogs": null,
      "rd": null,
      "sga": 33888000,
      "fcf": 4552000,
      "ocf": 4552000,
      "capex": null,
      "gross_margin": null,
      "op_margin": 0.19305841924398626,
      "fcf_margin": 0.06257044673539519,
      "incr_op_margin_yoy": 0.3734876380852183,
      "rev_growth_yoy": -0.07269320484876296,
      "rev_growth_yoy_accel": -0.023898385785572393,
      "fcf_margin_change": -0.013449803845398983
    },
    {
      "date": "2025-09-30T00:00:00",
      "quarter_label": "2025-09 (Q3)",
      "revenue": 73247000,
      "gross_profit": null,
      "operating_income": 18313000,
      "net_income": 3986000,
      "opex": 54934000,
      "cogs": null,
      "rd": null,
      "sga": 32453000,
      "fcf": 17742000,
      "ocf": 17742000,
      "capex": null,
      "gross_margin": null,
      "op_margin": 0.2500170655453466,
      "fcf_margin": 0.24222152443103473,
      "incr_op_margin_yoy": -0.593003249856624,
      "rev_growth_yoy": -0.06665562323198858,
      "rev_growth_yoy_accel": 0.006037581616774382,
      "fcf_margin_change": 0.17965107769563954
    }
  ],
  "signals": [
    {
      "quarter": "2025-09 (Q3)",
      "signal": "FCF MARGIN EXPANSION",
      "detail": "FCF margin: +6.3% -> +24.2% (+18.0%)",
      "severity": "MEDIUM"
    },
    {
      "quarter": "2025-06 (Q2)",
      "signal": "INCREMENTAL MARGIN (YoY)",
      "detail": "YoY Incr OPM: +37.3% vs year-ago OPM: +20.6%",
      "severity": "MEDIUM"
    },
    {
      "quarter": "2025-03 (Q1)",
      "signal": "OPERATING LEVERAGE",
      "detail": "Rev growth +2.8% vs OpEx growth +1.3% (leverage: 2.1x)",
      "severity": "MEDIUM"
    },
    {
      "quarter": "2024-12 (Q4)",
      "signal": "OP MARGIN TURNED POSITIVE (YoY)",
      "detail": "Op margin: -12.7% (year-ago) -> +5.9%",
      "severity": "HIGH"
    },
    {
      "quarter": "2024-09 (Q3)",
      "signal": "OP MARGIN TURNED POSITIVE (YoY)",
      "detail": "Op margin: -25.9% (year-ago) -> +19.4%",
      "severity": "HIGH"
    },
    {
      "quarter": "2024-06 (Q2)",
      "signal": "FCF MARGIN EXPANSION",
      "detail": "FCF margin: +12.0% -> +20.2% (+8.3%)",
      "severity": "MEDIUM"
    },
    {
      "quarter": "2024-03 (Q1)",
      "signal": "INCREMENTAL MARGIN (YoY)",
      "detail": "YoY Incr OPM: +33.6% vs year-ago OPM: +8.1%",
      "severity": "HIGH"
    },
    {
      "quarter": "2024-03 (Q1)",
      "signal": "OP MARGIN TURNED POSITIVE (QoQ)",
      "detail": "Op margin: -12.7% -> +5.8%",
      "severity": "HIGH"
    },
    {
      "quarter": "2023-09 (Q3)",
      "signal": "FCF TURNED POSITIVE",
      "detail": "FCF margin: -1.0% -> +21.4%",
      "severity": "HIGH"
    },
    {
      "quarter": "2023-06 (Q2)",
      "signal": "INCREMENTAL MARGIN (YoY)",
      "detail": "YoY Incr OPM: +38.7% vs year-ago OPM: +18.3%",
      "severity": "HIGH"
    },
    {
      "quarter": "2022-12 (Q4)",
      "signal": "YoY REVENUE GROWTH DECELERATION",
      "detail": "YoY growth: -8.9% vs prior quarter YoY: -2.3% (decel: -6.6%)",
      "severity": "WARNING"
    },
    {
      "quarter": "2022-12 (Q4)",
      "signal": "INCREMENTAL MARGIN (YoY)",
      "detail": "YoY Incr OPM: +25.0% vs year-ago OPM: +11.7%",
      "severity": "MEDIUM"
    },
    {
      "quarter": "2022-09 (Q3)",
      "signal": "YoY REVENUE GROWTH DECELERATION",
      "detail": "YoY growth: -2.3% vs prior quarter YoY: +19.3% (decel: -21.6%)",
      "severity": "WARNING"
    },
    {
      "quarter": "2022-09 (Q3)",
      "signal": "OP MARGIN TURNED POSITIVE (YoY)",
      "detail": "Op margin: -41.3% (year-ago) -> +5.9%",
      "severity": "HIGH"
    },
    {
      "quarter": "2022-06 (Q2)",
      "signal": "FCF MARGIN EXPANSION",
      "detail": "FCF margin: +18.1% -> +24.3% (+6.2%)",
      "severity": "MEDIUM"
    },
    {
      "quarter": "2022-06 (Q2)",
      "signal": "YoY REVENUE GROWTH DECELERATION",
      "detail": "YoY growth: +19.3% vs prior quarter YoY: +25.9% (decel: -6.6%)",
      "severity": "WARNING"
    },
    {
      "quarter": "2022-03 (Q1)",
      "signal": "INCREMENTAL MARGIN (YoY)",
      "detail": "YoY Incr OPM: +21.7% vs year-ago OPM: +4.9%",
      "severity": "MEDIUM"
    },
    {
      "quarter": "2021-12 (Q4)",
      "signal": "FCF TURNED POSITIVE",
      "detail": "FCF margin: -15.0% -> +28.9%",
      "severity": "HIGH"
    },
    {
      "quarter": "2021-12 (Q4)",
      "signal": "INCREMENTAL MARGIN (YoY)",
      "detail": "YoY Incr OPM: +22.1% vs year-ago OPM: +9.3%",
      "severity": "MEDIUM"
    },
    {
      "quarter": "2021-12 (Q4)",
      "signal": "OP MARGIN TURNED POSITIVE (QoQ)",
      "detail": "Op margin: -41.3% -> +11.7%",
      "severity": "HIGH"
    }
  ],
  "data_quality": {
    "n_quarters": 20,
    "coverage": {
      "revenue": [
        20,
        20
      ],
      "gross_profit": [
        0,
        20
      ],
      "op_income": [
        20,
        20
      ],
      "fcf": [
        20,
        20
      ]
    },
    "gaps": [],
    "warnings": [
      "gross_profit: no data"
    ]
  },
  "market_cap": null,
  "source": "SEC EDGAR",
  "last_updated": "2026-02-02T22:33:25.981324"
}