{
  "ticker": "RMNI",
  "name": "Rimini Street, Inc.",
  "quarters": [
    {
      "date": "2020-12-31T00:00:00",
      "quarter_label": "2020-12 (Q4)",
      "revenue": 87828000,
      "gross_profit": 54244000,
      "operating_income": 4470000,
      "net_income": 3659000,
      "opex": 49774000,
      "cogs": 33584000,
      "rd": null,
      "sga": null,
      "fcf": 10270000,
      "ocf": 10270000,
      "capex": null,
      "gross_margin": 0.6176162499430705,
      "op_margin": 0.05089493100150294,
      "fcf_margin": 0.11693309650680876
    },
    {
      "date": "2021-03-31T00:00:00",
      "quarter_label": "2021-03 (Q1)",
      "revenue": 87895000,
      "gross_profit": 54059000,
      "operating_income": 1917000,
      "net_income": -3576000,
      "opex": 52142000,
      "cogs": 33836000,
      "rd": null,
      "sga": null,
      "fcf": 24494000,
      "ocf": 24494000,
      "capex": null,
      "gross_margin": 0.6150406735309176,
      "op_margin": 0.021810114340975028,
      "fcf_margin": 0.2786734171454576,
      "fcf_margin_change": 0.16174032063864885
    },
    {
      "date": "2021-06-30T00:00:00",
      "quarter_label": "2021-06 (Q2)",
      "revenue": 91614000,
      "gross_profit": 57019000,
      "operating_income": 4582000,
      "net_income": 6807000,
      "opex": 52437000,
      "cogs": 34595000,
      "rd": null,
      "sga": null,
      "fcf": 22668000,
      "ocf": 22668000,
      "capex": null,
      "gross_margin": 0.6223830418931604,
      "op_margin": 0.050014189970965135,
      "fcf_margin": 0.24742943218285415,
      "op_leverage_ratio": 7.478726947889478,
      "fcf_margin_change": -0.03124398496260347
    },
    {
      "date": "2021-09-30T00:00:00",
      "quarter_label": "2021-09 (Q3)",
      "revenue": 95642000,
      "gross_profit": 62266000,
      "operating_income": 7527000,
      "net_income": 1931000,
      "opex": 54739000,
      "cogs": 33376000,
      "rd": null,
      "sga": null,
      "fcf": 652000,
      "ocf": 652000,
      "capex": null,
      "gross_margin": 0.6510319734008072,
      "op_margin": 0.07869973442629807,
      "fcf_margin": 0.006817088726710023,
      "op_leverage_ratio": 1.0015211709568212,
      "fcf_margin_change": -0.24061234345614413
    },
    {
      "date": "2021-12-31T00:00:00",
      "quarter_label": "2021-12 (Q4)",
      "revenue": 99279000,
      "gross_profit": 64622000,
      "operating_income": 12747000,
      "net_income": 70057000,
      "opex": 51875000,
      "cogs": 34657000,
      "rd": null,
      "sga": null,
      "fcf": 19131000,
      "ocf": 19131000,
      "capex": null,
      "gross_margin": 0.6509130833308152,
      "op_margin": 0.12839573323663614,
      "fcf_margin": 0.1926993624029251,
      "incr_op_margin_yoy": 0.7228189677757401,
      "rev_growth_yoy": 0.13037983331056155,
      "op_leverage_ratio": Infinity,
      "fcf_margin_change": 0.18588227367621507
    },
    {
      "date": "2022-03-31T00:00:00",
      "quarter_label": "2022-03 (Q1)",
      "revenue": 97910000,
      "gross_profit": 60703000,
      "operating_income": 5942000,
      "net_income": 3087000,
      "opex": 54761000,
      "cogs": 37207000,
      "rd": null,
      "sga": null,
      "fcf": 45849000,
      "ocf": 45849000,
      "capex": null,
      "gross_margin": 0.6199877438463895,
      "op_margin": 0.06068838729445409,
      "fcf_margin": 0.4682769890715964,
      "incr_op_margin_yoy": 0.4018971542685971,
      "rev_growth_yoy": 0.11394277262642927,
      "rev_growth_yoy_accel": -0.016437060684132282,
      "fcf_margin_change": 0.27557762666867125
    },
    {
      "date": "2022-06-30T00:00:00",
      "quarter_label": "2022-06 (Q2)",
      "revenue": 101200000,
      "gross_profit": 63856000,
      "operating_income": 5688000,
      "net_income": 110000,
      "opex": 58168000,
      "cogs": 37344000,
      "rd": null,
      "sga": null,
      "fcf": 14924000,
      "ocf": 14924000,
      "capex": null,
      "gross_margin": 0.6309881422924901,
      "op_margin": 0.05620553359683794,
      "fcf_margin": 0.1474703557312253,
      "incr_op_margin_yoy": 0.11537659086167328,
      "rev_growth_yoy": 0.10463466282445914,
      "rev_growth_yoy_accel": -0.009308109801970124,
      "op_leverage_ratio": 0.5400924223821155,
      "fcf_margin_change": -0.3208066333403711
    },
    {
      "date": "2022-09-30T00:00:00",
      "quarter_label": "2022-09 (Q3)",
      "revenue": 101931000,
      "gross_profit": 62660000,
      "operating_income": 2035000,
      "net_income": -405000,
      "opex": 60625000,
      "cogs": 39271000,
      "rd": null,
      "sga": null,
      "fcf": -24016000,
      "ocf": -24016000,
      "capex": null,
      "gross_margin": 0.6147295719653492,
      "op_margin": 0.019964485779596003,
      "fcf_margin": -0.23561036387360076,
      "incr_op_margin_yoy": -0.8732707902687231,
      "rev_growth_yoy": 0.06575563037159407,
      "rev_growth_yoy_accel": -0.03887903245286507,
      "fcf_margin_change": -0.38308071960482604
    },
    {
      "date": "2022-12-31T00:00:00",
      "quarter_label": "2022-12 (Q4)",
      "revenue": 108621000,
      "gross_profit": 70058000,
      "operating_income": -5575000,
      "net_income": -5272000,
      "opex": 75633000,
      "cogs": 38563000,
      "rd": null,
      "sga": null,
      "fcf": -1859000,
      "ocf": -1859000,
      "capex": null,
      "gross_margin": 0.644976569908213,
      "op_margin": -0.05132525018182488,
      "fcf_margin": -0.017114554275876673,
      "incr_op_margin_yoy": -1.9612502676086492,
      "rev_growth_yoy": 0.09409844982322546,
      "rev_growth_yoy_accel": 0.02834281945163139,
      "op_leverage_ratio": 0.2651238290633454,
      "fcf_margin_change": 0.21849580959772408
    },
    {
      "date": "2023-03-31T00:00:00",
      "quarter_label": "2023-03 (Q1)",
      "revenue": 105512000,
      "gross_profit": 66169000,
      "operating_income": 10685000,
      "net_income": 5639000,
      "opex": 55484000,
      "cogs": 39343000,
      "rd": null,
      "sga": null,
      "fcf": 8643000,
      "ocf": 8643000,
      "capex": null,
      "gross_margin": 0.6271229812722724,
      "op_margin": 0.1012681022063841,
      "fcf_margin": 0.08191485328682993,
      "incr_op_margin_yoy": 0.6239147592738753,
      "rev_growth_yoy": 0.07764273312225513,
      "rev_growth_yoy_accel": -0.016455716700970333,
      "fcf_margin_change": 0.0990294075627066
    },
    {
      "date": "2023-06-30T00:00:00",
      "quarter_label": "2023-06 (Q2)",
      "revenue": 106421000,
      "gross_profit": 67073000,
      "operating_income": 10295000,
      "net_income": 4268000,
      "opex": 56778000,
      "cogs": 39348000,
      "rd": null,
      "sga": null,
      "fcf": 13106000,
      "ocf": 13106000,
      "capex": null,
      "gross_margin": 0.6302609447383505,
      "op_margin": 0.0967384256866596,
      "fcf_margin": 0.12315238533748038,
      "incr_op_margin_yoy": 0.8823980080444359,
      "rev_growth_yoy": 0.05159090909090909,
      "rev_growth_yoy_accel": -0.026051824031346038,
      "fcf_margin_change": 0.04123753205065045
    },
    {
      "date": "2023-09-30T00:00:00",
      "quarter_label": "2023-09 (Q3)",
      "revenue": 107453000,
      "gross_profit": 67343000,
      "operating_income": 11239000,
      "net_income": 6801000,
      "opex": 56104000,
      "cogs": 40110000,
      "rd": null,
      "sga": null,
      "fcf": -8136000,
      "ocf": -8136000,
      "capex": null,
      "gross_margin": 0.6267205196690646,
      "op_margin": 0.1045945669269355,
      "fcf_margin": -0.07571682503047844,
      "incr_op_margin_yoy": 1.6667873958710613,
      "rev_growth_yoy": 0.05417390195328212,
      "rev_growth_yoy_accel": 0.0025829928623730333,
      "fcf_margin_change": -0.19886921036795882
    },
    {
      "date": "2023-12-31T00:00:00",
      "quarter_label": "2023-12 (Q4)",
      "revenue": 112110000,
      "gross_profit": 68399000,
      "operating_income": 11546000,
      "net_income": 9351000,
      "opex": 56853000,
      "cogs": 43711000,
      "rd": null,
      "sga": null,
      "fcf": -1146000,
      "ocf": -1146000,
      "capex": null,
      "gross_margin": 0.6101061457497101,
      "op_margin": 0.10298813665150298,
      "fcf_margin": -0.010222103291410222,
      "incr_op_margin_yoy": 4.907136715391229,
      "rev_growth_yoy": 0.032120860607064934,
      "rev_growth_yoy_accel": -0.02205304134621719,
      "op_leverage_ratio": 3.246382592683705,
      "fcf_margin_change": 0.06549472173906822
    },
    {
      "date": "2024-03-31T00:00:00",
      "quarter_label": "2024-03 (Q1)",
      "revenue": 106745000,
      "gross_profit": 63831000,
      "operating_income": 3363000,
      "net_income": 1317000,
      "opex": 60468000,
      "cogs": 42914000,
      "rd": null,
      "sga": null,
      "fcf": 11088000,
      "ocf": 11088000,
      "capex": null,
      "gross_margin": 0.5979764860180805,
      "op_margin": 0.031504988524052646,
      "fcf_margin": 0.10387371773853576,
      "incr_op_margin_yoy": -5.938361719383617,
      "rev_growth_yoy": 0.011685874592463416,
      "rev_growth_yoy_accel": -0.020434986014601517,
      "fcf_margin_change": 0.11409582102994599
    },
    {
      "date": "2024-06-30T00:00:00",
      "quarter_label": "2024-06 (Q2)",
      "revenue": 103123000,
      "gross_profit": 60943000,
      "operating_income": -775000,
      "net_income": -1148000,
      "opex": 61718000,
      "cogs": 42180000,
      "rd": null,
      "sga": null,
      "fcf": 6257000,
      "ocf": 6257000,
      "capex": null,
      "gross_margin": 0.5909738855541441,
      "op_margin": -0.007515297266371227,
      "fcf_margin": 0.06067511612346421,
      "incr_op_margin_yoy": 3.356579745300182,
      "rev_growth_yoy": -0.030990124129636067,
      "rev_growth_yoy_accel": -0.042675998722099484,
      "fcf_margin_change": -0.04319860161507155
    },
    {
      "date": "2024-09-30T00:00:00",
      "quarter_label": "2024-09 (Q3)",
      "revenue": 104672000,
      "gross_profit": 63537000,
      "operating_income": -49594000,
      "net_income": -43100000,
      "opex": 113131000,
      "cogs": 41135000,
      "rd": null,
      "sga": null,
      "fcf": -18514000,
      "ocf": -18514000,
      "capex": null,
      "gross_margin": 0.6070104708040355,
      "op_margin": -0.473803882604708,
      "fcf_margin": -0.1768763375114644,
      "incr_op_margin_yoy": 21.874505573534698,
      "rev_growth_yoy": -0.02588108289205513,
      "rev_growth_yoy_accel": 0.005109041237580936,
      "op_leverage_ratio": 0.01803162126678035,
      "fcf_margin_change": -0.2375514536349286
    },
    {
      "date": "2024-12-31T00:00:00",
      "quarter_label": "2024-12 (Q4)",
      "revenue": 114213000,
      "gross_profit": 72712000,
      "operating_income": 14878000,
      "net_income": 6659000,
      "opex": 57834000,
      "cogs": 41501000,
      "rd": null,
      "sga": null,
      "fcf": -37680000,
      "ocf": -37680000,
      "capex": null,
      "gross_margin": 0.6366350590563246,
      "op_margin": 0.1302653813488832,
      "fcf_margin": -0.32990990517716895,
      "incr_op_margin_yoy": 1.5844032334759868,
      "rev_growth_yoy": 0.01875836232271876,
      "rev_growth_yoy_accel": 0.04463944521477389,
      "op_leverage_ratio": Infinity,
      "fcf_margin_change": -0.15303356766570456
    },
    {
      "date": "2025-03-31T00:00:00",
      "quarter_label": "2025-03 (Q1)",
      "revenue": 104204000,
      "gross_profit": 63534000,
      "operating_income": 9361000,
      "net_income": 3350000,
      "opex": 54173000,
      "cogs": 40670000,
      "rd": null,
      "sga": null,
      "fcf": 33708000,
      "ocf": 33708000,
      "capex": null,
      "gross_margin": 0.6097078806955587,
      "op_margin": 0.089833403708111,
      "fcf_margin": 0.3234808644581782,
      "incr_op_margin_yoy": -2.3604879968516332,
      "rev_growth_yoy": -0.023804393648414447,
      "rev_growth_yoy_accel": -0.04256275597113321,
      "fcf_margin_change": 0.6533907696353471
    },
    {
      "date": "2025-06-30T00:00:00",
      "quarter_label": "2025-06 (Q2)",
      "revenue": 104114000,
      "gross_profit": 62853000,
      "operating_income": 41198000,
      "net_income": 30258000,
      "opex": 21655000,
      "cogs": 41261000,
      "rd": null,
      "sga": null,
      "fcf": -17771000,
      "ocf": -17771000,
      "capex": null,
      "gross_margin": 0.6036940277004054,
      "op_margin": 0.39570086635803065,
      "fcf_margin": -0.17068789980213997,
      "rev_growth_yoy": 0.00960988334319211,
      "rev_growth_yoy_accel": 0.033414276991606554,
      "fcf_margin_change": -0.4941687642603182
    },
    {
      "date": "2025-09-30T00:00:00",
      "quarter_label": "2025-09 (Q3)",
      "revenue": 103428000,
      "gross_profit": 61938000,
      "operating_income": 4385000,
      "net_income": 2766000,
      "opex": 57553000,
      "cogs": 41490000,
      "rd": null,
      "sga": null,
      "fcf": 24722000,
      "ocf": 24722000,
      "capex": null,
      "gross_margin": 0.5988513748694744,
      "op_margin": 0.042396643075376106,
      "fcf_margin": 0.2390261824650965,
      "incr_op_margin_yoy": -43.391479099678456,
      "rev_growth_yoy": -0.01188474472638337,
      "rev_growth_yoy_accel": -0.02149462806957548,
      "fcf_margin_change": 0.4097140822672365
    }
  ],
  "signals": [
    {
      "quarter": "2025-09 (Q3)",
      "signal": "FCF TURNED POSITIVE",
      "detail": "FCF margin: -17.1% -> +23.9%",
      "severity": "HIGH"
    },
    {
      "quarter": "2025-09 (Q3)",
      "signal": "OP MARGIN TURNED POSITIVE (YoY)",
      "detail": "Op margin: -47.4% (year-ago) -> +4.2%",
      "severity": "HIGH"
    },
    {
      "quarter": "2025-06 (Q2)",
      "signal": "OP MARGIN TURNED POSITIVE (YoY)",
      "detail": "Op margin: -0.8% (year-ago) -> +39.6%",
      "severity": "HIGH"
    },
    {
      "quarter": "2025-03 (Q1)",
      "signal": "FCF TURNED POSITIVE",
      "detail": "FCF margin: -33.0% -> +32.3%",
      "severity": "HIGH"
    },
    {
      "quarter": "2024-12 (Q4)",
      "signal": "INCREMENTAL MARGIN (YoY)",
      "detail": "YoY Incr OPM: +158.4% vs year-ago OPM: +10.3%",
      "severity": "HIGH"
    },
    {
      "quarter": "2024-12 (Q4)",
      "signal": "OP MARGIN TURNED POSITIVE (QoQ)",
      "detail": "Op margin: -47.4% -> +13.0%",
      "severity": "HIGH"
    },
    {
      "quarter": "2024-03 (Q1)",
      "signal": "FCF TURNED POSITIVE",
      "detail": "FCF margin: -1.0% -> +10.4%",
      "severity": "HIGH"
    },
    {
      "quarter": "2023-12 (Q4)",
      "signal": "FCF MARGIN EXPANSION",
      "detail": "FCF margin: -7.6% -> -1.0% (+6.5%)",
      "severity": "MEDIUM"
    },
    {
      "quarter": "2023-12 (Q4)",
      "signal": "OPERATING LEVERAGE",
      "detail": "Rev growth +4.3% vs OpEx growth +1.3% (leverage: 3.2x)",
      "severity": "MEDIUM"
    },
    {
      "quarter": "2023-12 (Q4)",
      "signal": "OP MARGIN TURNED POSITIVE (YoY)",
      "detail": "Op margin: -5.1% (year-ago) -> +10.3%",
      "severity": "HIGH"
    },
    {
      "quarter": "2023-09 (Q3)",
      "signal": "INCREMENTAL MARGIN (YoY)",
      "detail": "YoY Incr OPM: +166.7% vs year-ago OPM: +2.0%",
      "severity": "HIGH"
    },
    {
      "quarter": "2023-06 (Q2)",
      "signal": "INCREMENTAL MARGIN (YoY)",
      "detail": "YoY Incr OPM: +88.2% vs year-ago OPM: +5.6%",
      "severity": "HIGH"
    },
    {
      "quarter": "2023-03 (Q1)",
      "signal": "FCF TURNED POSITIVE",
      "detail": "FCF margin: -1.7% -> +8.2%",
      "severity": "HIGH"
    },
    {
      "quarter": "2023-03 (Q1)",
      "signal": "INCREMENTAL MARGIN (YoY)",
      "detail": "YoY Incr OPM: +62.4% vs year-ago OPM: +6.1%",
      "severity": "HIGH"
    },
    {
      "quarter": "2023-03 (Q1)",
      "signal": "OP MARGIN TURNED POSITIVE (QoQ)",
      "detail": "Op margin: -5.1% -> +10.1%",
      "severity": "HIGH"
    },
    {
      "quarter": "2022-12 (Q4)",
      "signal": "FCF MARGIN EXPANSION",
      "detail": "FCF margin: -23.6% -> -1.7% (+21.8%)",
      "severity": "MEDIUM"
    },
    {
      "quarter": "2022-12 (Q4)",
      "signal": "GROSS MARGIN INFLECTION",
      "detail": "GM: +63.1% -> +61.5% -> +64.5% (reversal +3.0%)",
      "severity": "MEDIUM"
    },
    {
      "quarter": "2022-03 (Q1)",
      "signal": "FCF MARGIN EXPANSION",
      "detail": "FCF margin: +19.3% -> +46.8% (+27.6%)",
      "severity": "MEDIUM"
    },
    {
      "quarter": "2022-03 (Q1)",
      "signal": "INCREMENTAL MARGIN (YoY)",
      "detail": "YoY Incr OPM: +40.2% vs year-ago OPM: +2.2%",
      "severity": "HIGH"
    },
    {
      "quarter": "2021-12 (Q4)",
      "signal": "FCF MARGIN EXPANSION",
      "detail": "FCF margin: +0.7% -> +19.3% (+18.6%)",
      "severity": "MEDIUM"
    },
    {
      "quarter": "2021-12 (Q4)",
      "signal": "INCREMENTAL MARGIN (YoY)",
      "detail": "YoY Incr OPM: +72.3% vs year-ago OPM: +5.1%",
      "severity": "HIGH"
    },
    {
      "quarter": "2021-06 (Q2)",
      "signal": "OPERATING LEVERAGE",
      "detail": "Rev growth +4.2% vs OpEx growth +0.6% (leverage: 7.5x)",
      "severity": "MEDIUM"
    },
    {
      "quarter": "2021-03 (Q1)",
      "signal": "FCF MARGIN EXPANSION",
      "detail": "FCF margin: +11.7% -> +27.9% (+16.2%)",
      "severity": "MEDIUM"
    }
  ],
  "data_quality": {
    "n_quarters": 20,
    "coverage": {
      "revenue": [
        20,
        20
      ],
      "gross_profit": [
        20,
        20
      ],
      "op_income": [
        20,
        20
      ],
      "fcf": [
        20,
        20
      ]
    },
    "gaps": [],
    "warnings": []
  },
  "market_cap": null,
  "source": "SEC EDGAR",
  "last_updated": "2026-02-02T22:41:58.860380"
}