{
  "ticker": "RMR",
  "name": "RMR Group Inc.",
  "quarters": [
    {
      "date": "2020-12-31T00:00:00",
      "quarter_label": "2020-12 (Q4)",
      "revenue": 156946000,
      "gross_profit": null,
      "operating_income": 13732000,
      "net_income": 8897000,
      "opex": 143214000,
      "cogs": null,
      "rd": null,
      "sga": null,
      "fcf": 27100000,
      "ocf": 27660000,
      "capex": -560000,
      "gross_margin": null,
      "op_margin": 0.08749506199584571,
      "fcf_margin": 0.1726708549437386
    },
    {
      "date": "2021-03-31T00:00:00",
      "quarter_label": "2021-03 (Q1)",
      "revenue": 131564000,
      "gross_profit": null,
      "operating_income": 16367000,
      "net_income": 4941000,
      "opex": 115197000,
      "cogs": null,
      "rd": null,
      "sga": null,
      "fcf": 8247000,
      "ocf": 8445000,
      "capex": -198000,
      "gross_margin": null,
      "op_margin": 0.12440333221854002,
      "fcf_margin": 0.06268432093885866,
      "fcf_margin_change": -0.10998653400487994
    },
    {
      "date": "2021-06-30T00:00:00",
      "quarter_label": "2021-06 (Q2)",
      "revenue": 145244000,
      "gross_profit": null,
      "operating_income": 20871000,
      "net_income": 8232000,
      "opex": 124373000,
      "cogs": null,
      "rd": null,
      "sga": null,
      "fcf": 36084000,
      "ocf": 36266000,
      "capex": -182000,
      "gross_margin": null,
      "op_margin": 0.1436961251411418,
      "fcf_margin": 0.24843711272066316,
      "op_leverage_ratio": 1.3053795134318191,
      "fcf_margin_change": 0.18575279178180448
    },
    {
      "date": "2021-09-30T00:00:00",
      "quarter_label": "2021-09 (Q3)",
      "revenue": 173484000,
      "gross_profit": null,
      "operating_income": 21122000,
      "net_income": 13626000,
      "opex": 152362000,
      "cogs": null,
      "rd": null,
      "sga": null,
      "fcf": -779000,
      "ocf": -577000,
      "capex": -202000,
      "gross_margin": null,
      "op_margin": 0.1217518618431671,
      "fcf_margin": -0.004490327638283646,
      "op_leverage_ratio": 0.8639830442678965,
      "fcf_margin_change": -0.2529274403589468
    },
    {
      "date": "2021-12-31T00:00:00",
      "quarter_label": "2021-12 (Q4)",
      "revenue": 181568000,
      "gross_profit": null,
      "operating_income": 20093000,
      "net_income": 8042000,
      "opex": 161475000,
      "cogs": null,
      "rd": null,
      "sga": null,
      "fcf": 34803000,
      "ocf": 34968000,
      "capex": -165000,
      "gross_margin": null,
      "op_margin": 0.11066377335213254,
      "fcf_margin": 0.19168025202678887,
      "incr_op_margin_yoy": 0.2583461944602388,
      "rev_growth_yoy": 0.15688198488652147,
      "op_leverage_ratio": 0.7790802094655808,
      "fcf_margin_change": 0.1961705796650725
    },
    {
      "date": "2022-03-31T00:00:00",
      "quarter_label": "2022-03 (Q1)",
      "revenue": 197654000,
      "gross_profit": null,
      "operating_income": 21534000,
      "net_income": 6392000,
      "opex": 176120000,
      "cogs": null,
      "rd": null,
      "sga": null,
      "fcf": 14918000,
      "ocf": 15363000,
      "capex": -445000,
      "gross_margin": null,
      "op_margin": 0.10894795956570573,
      "fcf_margin": 0.07547532556892347,
      "incr_op_margin_yoy": 0.07818126796792253,
      "rev_growth_yoy": 0.5023410659450913,
      "rev_growth_yoy_accel": 0.3454590810585698,
      "op_leverage_ratio": 0.976842781963646,
      "fcf_margin_change": -0.1162049264578654
    },
    {
      "date": "2022-06-30T00:00:00",
      "quarter_label": "2022-06 (Q2)",
      "revenue": 211088000,
      "gross_profit": null,
      "operating_income": 25418000,
      "net_income": 7570000,
      "opex": 185670000,
      "cogs": null,
      "rd": null,
      "sga": null,
      "fcf": 39220000,
      "ocf": 39525000,
      "capex": -305000,
      "gross_margin": null,
      "op_margin": 0.12041423482149625,
      "fcf_margin": 0.18579928750094749,
      "incr_op_margin_yoy": 0.06905716542129883,
      "rev_growth_yoy": 0.4533337005315194,
      "rev_growth_yoy_accel": -0.049007365413571924,
      "op_leverage_ratio": 1.2534443048371005,
      "fcf_margin_change": 0.11032396193202401
    },
    {
      "date": "2022-09-30T00:00:00",
      "quarter_label": "2022-09 (Q3)",
      "revenue": 242193000,
      "gross_profit": null,
      "operating_income": 21324000,
      "net_income": 12000000,
      "opex": 220869000,
      "cogs": null,
      "rd": null,
      "sga": null,
      "fcf": 11208000,
      "ocf": 11414000,
      "capex": -206000,
      "gross_margin": null,
      "op_margin": 0.0880454843864191,
      "fcf_margin": 0.046277142609406546,
      "incr_op_margin_yoy": 0.002939935088561906,
      "rev_growth_yoy": 0.3960538147610154,
      "rev_growth_yoy_accel": -0.05727988577050397,
      "op_leverage_ratio": 0.7772810371282526,
      "fcf_margin_change": -0.13952214489154094
    },
    {
      "date": "2022-12-31T00:00:00",
      "quarter_label": "2022-12 (Q4)",
      "revenue": 250740000,
      "gross_profit": null,
      "operating_income": 20268000,
      "net_income": 6337000,
      "opex": 230472000,
      "cogs": null,
      "rd": null,
      "sga": null,
      "fcf": 27183000,
      "ocf": 28100000,
      "capex": -917000,
      "gross_margin": null,
      "op_margin": 0.08083273510409189,
      "fcf_margin": 0.10841110313472123,
      "incr_op_margin_yoy": 0.002529925403342393,
      "rev_growth_yoy": 0.3809702150158618,
      "rev_growth_yoy_accel": -0.015083599745153609,
      "op_leverage_ratio": 0.8116708575392353,
      "fcf_margin_change": 0.06213396052531468
    },
    {
      "date": "2023-03-31T00:00:00",
      "quarter_label": "2023-03 (Q1)",
      "revenue": 208419000,
      "gross_profit": null,
      "operating_income": 17787000,
      "net_income": 18473000,
      "opex": 190632000,
      "cogs": null,
      "rd": null,
      "sga": null,
      "fcf": 13054000,
      "ocf": 14015000,
      "capex": -961000,
      "gross_margin": null,
      "op_margin": 0.08534250716105538,
      "fcf_margin": 0.06263344512736363,
      "incr_op_margin_yoy": -0.348072457036693,
      "rev_growth_yoy": 0.054463861090592654,
      "rev_growth_yoy_accel": -0.32650635392526917,
      "fcf_margin_change": -0.0457776580073576
    },
    {
      "date": "2023-06-30T00:00:00",
      "quarter_label": "2023-06 (Q2)",
      "revenue": 280225000,
      "gross_profit": null,
      "operating_income": 60889000,
      "net_income": 24641000,
      "opex": 219336000,
      "cogs": null,
      "rd": null,
      "sga": null,
      "fcf": 70228000,
      "ocf": 71577000,
      "capex": -1349000,
      "gross_margin": null,
      "op_margin": 0.21728610937639398,
      "fcf_margin": 0.2506129003479347,
      "incr_op_margin_yoy": 0.5130537917468215,
      "rev_growth_yoy": 0.3275269082088987,
      "rev_growth_yoy_accel": 0.27306304711830603,
      "op_leverage_ratio": 2.2881095293615266,
      "fcf_margin_change": 0.18797945522057108
    },
    {
      "date": "2023-09-30T00:00:00",
      "quarter_label": "2023-09 (Q3)",
      "revenue": 222932000,
      "gross_profit": null,
      "operating_income": 14784000,
      "net_income": 7696000,
      "opex": 208148000,
      "cogs": null,
      "rd": null,
      "sga": null,
      "fcf": -5233000,
      "ocf": -4477000,
      "capex": -756000,
      "gross_margin": null,
      "op_margin": 0.06631618610159151,
      "fcf_margin": -0.023473525559363394,
      "incr_op_margin_yoy": 0.339546233321219,
      "rev_growth_yoy": -0.0795274842790667,
      "rev_growth_yoy_accel": -0.4070543924879654,
      "fcf_margin_change": -0.2740864259072981
    },
    {
      "date": "2023-12-31T00:00:00",
      "quarter_label": "2023-12 (Q4)",
      "revenue": 261697000,
      "gross_profit": null,
      "operating_income": 10607000,
      "net_income": 6997000,
      "opex": 251064000,
      "cogs": null,
      "rd": null,
      "sga": null,
      "fcf": 28808000,
      "ocf": 29931000,
      "capex": -1123000,
      "gross_margin": null,
      "op_margin": 0.04053160716401029,
      "fcf_margin": 0.11008150647504557,
      "incr_op_margin_yoy": -0.881719448754221,
      "rev_growth_yoy": 0.04369865199010928,
      "rev_growth_yoy_accel": 0.12322613626917597,
      "op_leverage_ratio": 0.8433743369785582,
      "fcf_margin_change": 0.13355503203440897
    },
    {
      "date": "2024-03-31T00:00:00",
      "quarter_label": "2024-03 (Q1)",
      "revenue": 217947000,
      "gross_profit": null,
      "operating_income": 11747000,
      "net_income": 5862000,
      "opex": 206002000,
      "cogs": null,
      "rd": null,
      "sga": null,
      "fcf": 4335000,
      "ocf": 5085000,
      "capex": -750000,
      "gross_margin": null,
      "op_margin": 0.05389842484640761,
      "fcf_margin": 0.019890156781235804,
      "incr_op_margin_yoy": -0.6339210747271201,
      "rev_growth_yoy": 0.045715601744562635,
      "rev_growth_yoy_accel": 0.002016949754453358,
      "fcf_margin_change": -0.09019134969380976
    },
    {
      "date": "2024-06-30T00:00:00",
      "quarter_label": "2024-06 (Q2)",
      "revenue": 205670000,
      "gross_profit": null,
      "operating_income": 12171000,
      "net_income": 4935000,
      "opex": 193308000,
      "cogs": null,
      "rd": null,
      "sga": null,
      "fcf": 31302000,
      "ocf": 32053000,
      "capex": -751000,
      "gross_margin": null,
      "op_margin": 0.0591773228959012,
      "fcf_margin": 0.1521952642582778,
      "incr_op_margin_yoy": 0.6534504728053115,
      "rev_growth_yoy": -0.26605406369881346,
      "rev_growth_yoy_accel": -0.3117696654433761,
      "fcf_margin_change": 0.132305107477042
    },
    {
      "date": "2024-09-30T00:00:00",
      "quarter_label": "2024-09 (Q3)",
      "revenue": 212299000,
      "gross_profit": null,
      "operating_income": 10154000,
      "net_income": 5336000,
      "opex": 202560000,
      "cogs": null,
      "rd": null,
      "sga": null,
      "fcf": -6935000,
      "ocf": -5694000,
      "capex": -1241000,
      "gross_margin": null,
      "op_margin": 0.04782876980108244,
      "fcf_margin": -0.03266619249266365,
      "incr_op_margin_yoy": 0.43543684755007994,
      "rev_growth_yoy": -0.04769615846984731,
      "rev_growth_yoy_accel": 0.21835790522896614,
      "op_leverage_ratio": 0.6734281624379451,
      "fcf_margin_change": -0.18486145675094146
    },
    {
      "date": "2024-12-31T00:00:00",
      "quarter_label": "2024-12 (Q4)",
      "revenue": 219476000,
      "gross_profit": null,
      "operating_income": 13388000,
      "net_income": 6380000,
      "opex": 206088000,
      "cogs": null,
      "rd": null,
      "sga": null,
      "fcf": 23560000,
      "ocf": 25029000,
      "capex": -1469000,
      "gross_margin": null,
      "op_margin": 0.06099983597295376,
      "fcf_margin": 0.10734658914869963,
      "incr_op_margin_yoy": -0.0658676961701523,
      "rev_growth_yoy": -0.161335437548004,
      "rev_growth_yoy_accel": -0.11363927907815669,
      "op_leverage_ratio": 1.9409757506363843,
      "fcf_margin_change": 0.14001278164136327
    },
    {
      "date": "2025-03-31T00:00:00",
      "quarter_label": "2025-03 (Q1)",
      "revenue": 166668000,
      "gross_profit": null,
      "operating_income": 7560000,
      "net_income": 3616000,
      "opex": 159108000,
      "cogs": null,
      "rd": null,
      "sga": null,
      "fcf": 12303000,
      "ocf": 12965000,
      "capex": -662000,
      "gross_margin": null,
      "op_margin": 0.045359637122903015,
      "fcf_margin": 0.07381740946072432,
      "incr_op_margin_yoy": 0.08165135825581622,
      "rev_growth_yoy": -0.23528197222260458,
      "rev_growth_yoy_accel": -0.07394653467460058,
      "fcf_margin_change": -0.03352917968797531
    },
    {
      "date": "2025-06-30T00:00:00",
      "quarter_label": "2025-06 (Q2)",
      "revenue": 154728000,
      "gross_profit": null,
      "operating_income": 9973000,
      "net_income": 4186000,
      "opex": 144755000,
      "cogs": null,
      "rd": null,
      "sga": null,
      "fcf": 22124000,
      "ocf": 22124000,
      "capex": null,
      "gross_margin": null,
      "op_margin": 0.06445504368957138,
      "fcf_margin": 0.14298640194405668,
      "incr_op_margin_yoy": 0.04314710847630639,
      "rev_growth_yoy": -0.24768804395390676,
      "rev_growth_yoy_accel": -0.012406071731302176,
      "fcf_margin_change": 0.06916899248333236
    },
    {
      "date": "2025-09-30T00:00:00",
      "quarter_label": "2025-09 (Q3)",
      "revenue": 159412000,
      "gross_profit": null,
      "operating_income": 10861000,
      "net_income": 3414000,
      "opex": 148551000,
      "cogs": null,
      "rd": null,
      "sga": null,
      "fcf": 15628000,
      "ocf": 15628000,
      "capex": null,
      "gross_margin": null,
      "op_margin": 0.06813163375404611,
      "fcf_margin": 0.09803527965272375,
      "incr_op_margin_yoy": -0.013368124491841096,
      "rev_growth_yoy": -0.24911563408212004,
      "rev_growth_yoy_accel": -0.0014275901282132797,
      "op_leverage_ratio": 1.154397411843532,
      "fcf_margin_change": -0.044951122291332926
    }
  ],
  "signals": [
    {
      "quarter": "2025-06 (Q2)",
      "signal": "FCF MARGIN EXPANSION",
      "detail": "FCF margin: +7.4% -> +14.3% (+6.9%)",
      "severity": "MEDIUM"
    },
    {
      "quarter": "2025-03 (Q1)",
      "signal": "YoY REVENUE GROWTH DECELERATION",
      "detail": "YoY growth: -23.5% vs prior quarter YoY: -16.1% (decel: -7.4%)",
      "severity": "WARNING"
    },
    {
      "quarter": "2024-12 (Q4)",
      "signal": "FCF TURNED POSITIVE",
      "detail": "FCF margin: -3.3% -> +10.7%",
      "severity": "HIGH"
    },
    {
      "quarter": "2024-12 (Q4)",
      "signal": "OPERATING LEVERAGE",
      "detail": "Rev growth +3.4% vs OpEx growth +1.7% (leverage: 1.9x)",
      "severity": "MEDIUM"
    },
    {
      "quarter": "2024-12 (Q4)",
      "signal": "YoY REVENUE GROWTH DECELERATION",
      "detail": "YoY growth: -16.1% vs prior quarter YoY: -4.8% (decel: -11.4%)",
      "severity": "WARNING"
    },
    {
      "quarter": "2024-09 (Q3)",
      "signal": "YoY REVENUE GROWTH ACCELERATION",
      "detail": "YoY growth: -4.8% vs prior quarter YoY: -26.6% (accel: +21.8%)",
      "severity": "HIGH"
    },
    {
      "quarter": "2024-09 (Q3)",
      "signal": "INCREMENTAL MARGIN (YoY)",
      "detail": "YoY Incr OPM: +43.5% vs year-ago OPM: +6.6%",
      "severity": "HIGH"
    },
    {
      "quarter": "2024-06 (Q2)",
      "signal": "FCF MARGIN EXPANSION",
      "detail": "FCF margin: +2.0% -> +15.2% (+13.2%)",
      "severity": "MEDIUM"
    },
    {
      "quarter": "2024-06 (Q2)",
      "signal": "YoY REVENUE GROWTH DECELERATION",
      "detail": "YoY growth: -26.6% vs prior quarter YoY: +4.6% (decel: -31.2%)",
      "severity": "WARNING"
    },
    {
      "quarter": "2024-06 (Q2)",
      "signal": "INCREMENTAL MARGIN (YoY)",
      "detail": "YoY Incr OPM: +65.3% vs year-ago OPM: +21.7%",
      "severity": "HIGH"
    },
    {
      "quarter": "2023-12 (Q4)",
      "signal": "FCF TURNED POSITIVE",
      "detail": "FCF margin: -2.3% -> +11.0%",
      "severity": "HIGH"
    },
    {
      "quarter": "2023-12 (Q4)",
      "signal": "YoY REVENUE GROWTH ACCELERATION",
      "detail": "YoY growth: +4.4% vs prior quarter YoY: -8.0% (accel: +12.3%)",
      "severity": "MEDIUM"
    },
    {
      "quarter": "2023-09 (Q3)",
      "signal": "YoY REVENUE GROWTH DECELERATION",
      "detail": "YoY growth: -8.0% vs prior quarter YoY: +32.8% (decel: -40.7%)",
      "severity": "WARNING"
    },
    {
      "quarter": "2023-09 (Q3)",
      "signal": "INCREMENTAL MARGIN (YoY)",
      "detail": "YoY Incr OPM: +34.0% vs year-ago OPM: +8.8%",
      "severity": "HIGH"
    },
    {
      "quarter": "2023-06 (Q2)",
      "signal": "FCF MARGIN EXPANSION",
      "detail": "FCF margin: +6.3% -> +25.1% (+18.8%)",
      "severity": "MEDIUM"
    },
    {
      "quarter": "2023-06 (Q2)",
      "signal": "OPERATING LEVERAGE",
      "detail": "Rev growth +34.5% vs OpEx growth +15.1% (leverage: 2.3x)",
      "severity": "MEDIUM"
    },
    {
      "quarter": "2023-06 (Q2)",
      "signal": "YoY REVENUE GROWTH ACCELERATION",
      "detail": "YoY growth: +32.8% vs prior quarter YoY: +5.4% (accel: +27.3%)",
      "severity": "HIGH"
    },
    {
      "quarter": "2023-06 (Q2)",
      "signal": "INCREMENTAL MARGIN (YoY)",
      "detail": "YoY Incr OPM: +51.3% vs year-ago OPM: +12.0%",
      "severity": "HIGH"
    },
    {
      "quarter": "2023-03 (Q1)",
      "signal": "YoY REVENUE GROWTH DECELERATION",
      "detail": "YoY growth: +5.4% vs prior quarter YoY: +38.1% (decel: -32.7%)",
      "severity": "WARNING"
    },
    {
      "quarter": "2022-12 (Q4)",
      "signal": "FCF MARGIN EXPANSION",
      "detail": "FCF margin: +4.6% -> +10.8% (+6.2%)",
      "severity": "MEDIUM"
    },
    {
      "quarter": "2022-09 (Q3)",
      "signal": "YoY REVENUE GROWTH DECELERATION",
      "detail": "YoY growth: +39.6% vs prior quarter YoY: +45.3% (decel: -5.7%)",
      "severity": "WARNING"
    },
    {
      "quarter": "2022-06 (Q2)",
      "signal": "FCF MARGIN EXPANSION",
      "detail": "FCF margin: +7.5% -> +18.6% (+11.0%)",
      "severity": "MEDIUM"
    },
    {
      "quarter": "2022-03 (Q1)",
      "signal": "YoY REVENUE GROWTH ACCELERATION",
      "detail": "YoY growth: +50.2% vs prior quarter YoY: +15.7% (accel: +34.5%)",
      "severity": "HIGH"
    },
    {
      "quarter": "2021-12 (Q4)",
      "signal": "FCF TURNED POSITIVE",
      "detail": "FCF margin: -0.4% -> +19.2%",
      "severity": "HIGH"
    },
    {
      "quarter": "2021-12 (Q4)",
      "signal": "INCREMENTAL MARGIN (YoY)",
      "detail": "YoY Incr OPM: +25.8% vs year-ago OPM: +8.7%",
      "severity": "MEDIUM"
    },
    {
      "quarter": "2021-06 (Q2)",
      "signal": "FCF MARGIN EXPANSION",
      "detail": "FCF margin: +6.3% -> +24.8% (+18.6%)",
      "severity": "MEDIUM"
    }
  ],
  "data_quality": {
    "n_quarters": 20,
    "coverage": {
      "revenue": [
        20,
        20
      ],
      "gross_profit": [
        0,
        20
      ],
      "op_income": [
        20,
        20
      ],
      "fcf": [
        20,
        20
      ]
    },
    "gaps": [],
    "warnings": [
      "gross_profit: no data"
    ]
  },
  "market_cap": null,
  "source": "SEC EDGAR",
  "last_updated": "2026-02-02T22:51:39.599157"
}