{
  "ticker": "RNA",
  "name": "Avidity Biosciences, Inc.",
  "quarters": [
    {
      "date": "2020-12-31T00:00:00",
      "quarter_label": "2020-12 (Q4)",
      "revenue": 2142000,
      "gross_profit": null,
      "operating_income": -16293000,
      "net_income": -16275000,
      "opex": 18435000,
      "cogs": null,
      "rd": 13619000,
      "sga": null,
      "fcf": -13310000,
      "ocf": -13073000,
      "capex": -237000,
      "gross_margin": null,
      "op_margin": -7.606442577030812,
      "fcf_margin": -6.2138188608776845
    },
    {
      "date": "2021-03-31T00:00:00",
      "quarter_label": "2021-03 (Q1)",
      "revenue": 2704000,
      "gross_profit": null,
      "operating_income": -23857000,
      "net_income": -23844000,
      "opex": 26561000,
      "cogs": null,
      "rd": 20677000,
      "sga": null,
      "fcf": -20206000,
      "ocf": -19681000,
      "capex": -525000,
      "gross_margin": null,
      "op_margin": -8.8228550295858,
      "fcf_margin": -7.472633136094674,
      "op_leverage_ratio": 0.595227753912296,
      "fcf_margin_change": -1.2588142752169897
    },
    {
      "date": "2021-06-30T00:00:00",
      "quarter_label": "2021-06 (Q2)",
      "revenue": 2607000,
      "gross_profit": null,
      "operating_income": -26367000,
      "net_income": -26353000,
      "opex": 28974000,
      "cogs": null,
      "rd": 22706000,
      "sga": null,
      "fcf": -28843000,
      "ocf": -28135000,
      "capex": -708000,
      "gross_margin": null,
      "op_margin": -10.113924050632912,
      "fcf_margin": -11.06367472190257,
      "fcf_margin_change": -3.591041585807896
    },
    {
      "date": "2021-09-30T00:00:00",
      "quarter_label": "2021-09 (Q3)",
      "revenue": 2163000,
      "gross_profit": null,
      "operating_income": -29280000,
      "net_income": -29274000,
      "opex": 31443000,
      "cogs": null,
      "rd": 24831000,
      "sga": null,
      "fcf": -21582000,
      "ocf": -20782000,
      "capex": -800000,
      "gross_margin": null,
      "op_margin": -13.536754507628293,
      "fcf_margin": -9.977808599167822,
      "fcf_margin_change": 1.085866122734748
    },
    {
      "date": "2021-12-31T00:00:00",
      "quarter_label": "2021-12 (Q4)",
      "revenue": 1852000,
      "gross_profit": null,
      "operating_income": -38547000,
      "net_income": -38538000,
      "opex": 40399000,
      "cogs": null,
      "rd": 32968000,
      "sga": null,
      "fcf": -27922000,
      "ocf": -26215000,
      "capex": -1707000,
      "gross_margin": null,
      "op_margin": -20.813714902807774,
      "fcf_margin": -15.076673866090713,
      "rev_growth_yoy": -0.1353874883286648,
      "fcf_margin_change": -5.098865266922891
    },
    {
      "date": "2022-03-31T00:00:00",
      "quarter_label": "2022-03 (Q1)",
      "revenue": 1795000,
      "gross_profit": null,
      "operating_income": -34460000,
      "net_income": -34235000,
      "opex": 36255000,
      "cogs": null,
      "rd": 27688000,
      "sga": null,
      "fcf": -30332000,
      "ocf": -29574000,
      "capex": -758000,
      "gross_margin": null,
      "op_margin": -19.197771587743734,
      "fcf_margin": -16.898050139275767,
      "rev_growth_yoy": -0.33616863905325445,
      "rev_growth_yoy_accel": -0.20078115072458966,
      "fcf_margin_change": -1.821376273185054
    },
    {
      "date": "2022-06-30T00:00:00",
      "quarter_label": "2022-06 (Q2)",
      "revenue": 2178000,
      "gross_profit": null,
      "operating_income": -46299000,
      "net_income": -45690000,
      "opex": 48477000,
      "cogs": null,
      "rd": 39789000,
      "sga": null,
      "fcf": -36868000,
      "ocf": -35546000,
      "capex": -1322000,
      "gross_margin": null,
      "op_margin": -21.257575757575758,
      "fcf_margin": -16.927456382001836,
      "rev_growth_yoy": -0.16455696202531644,
      "rev_growth_yoy_accel": 0.171611677027938,
      "op_leverage_ratio": 0.6329362230490795,
      "fcf_margin_change": -0.0294062427260684
    },
    {
      "date": "2022-09-30T00:00:00",
      "quarter_label": "2022-09 (Q3)",
      "revenue": 2482000,
      "gross_profit": null,
      "operating_income": -44929000,
      "net_income": -43599000,
      "opex": 47411000,
      "cogs": null,
      "rd": 37317000,
      "sga": null,
      "fcf": -31852000,
      "ocf": -31959000,
      "capex": 107000,
      "gross_margin": null,
      "op_margin": -18.101933924254634,
      "fcf_margin": -12.833199033037873,
      "rev_growth_yoy": 0.14748035136384652,
      "rev_growth_yoy_accel": 0.31203731338916296,
      "op_leverage_ratio": Infinity,
      "fcf_margin_change": 4.094257348963962
    },
    {
      "date": "2022-12-31T00:00:00",
      "quarter_label": "2022-12 (Q4)",
      "revenue": 2769000,
      "gross_profit": null,
      "operating_income": -53225000,
      "net_income": -50471000,
      "opex": 55994000,
      "cogs": null,
      "rd": 45610000,
      "sga": null,
      "fcf": -40039000,
      "ocf": -39189000,
      "capex": -850000,
      "gross_margin": null,
      "op_margin": -19.22174070061394,
      "fcf_margin": -14.459732755507403,
      "rev_growth_yoy": 0.4951403887688985,
      "rev_growth_yoy_accel": 0.34766003740505197,
      "op_leverage_ratio": 0.6387341298218665,
      "fcf_margin_change": -1.6265337224695298
    },
    {
      "date": "2023-03-31T00:00:00",
      "quarter_label": "2023-03 (Q1)",
      "revenue": 2233000,
      "gross_profit": null,
      "operating_income": -57596000,
      "net_income": -52394000,
      "opex": 59829000,
      "cogs": null,
      "rd": 47765000,
      "sga": null,
      "fcf": -50787000,
      "ocf": -48967000,
      "capex": -1820000,
      "gross_margin": null,
      "op_margin": -25.79310344827586,
      "fcf_margin": -22.74384236453202,
      "rev_growth_yoy": 0.24401114206128133,
      "rev_growth_yoy_accel": -0.25112924670761716,
      "fcf_margin_change": -8.284109609024618
    },
    {
      "date": "2023-06-30T00:00:00",
      "quarter_label": "2023-06 (Q2)",
      "revenue": 2316000,
      "gross_profit": null,
      "operating_income": -52634000,
      "net_income": -47025000,
      "opex": 54950000,
      "cogs": null,
      "rd": 42672000,
      "sga": null,
      "fcf": -50429000,
      "ocf": -49807000,
      "capex": -622000,
      "gross_margin": null,
      "op_margin": -22.726252158894646,
      "fcf_margin": -21.77417962003454,
      "rev_growth_yoy": 0.06336088154269973,
      "rev_growth_yoy_accel": -0.1806502605185816,
      "op_leverage_ratio": Infinity,
      "fcf_margin_change": 0.9696627444974801
    },
    {
      "date": "2023-09-30T00:00:00",
      "quarter_label": "2023-09 (Q3)",
      "revenue": 2818000,
      "gross_profit": null,
      "operating_income": -58625000,
      "net_income": -52358000,
      "opex": 61443000,
      "cogs": null,
      "rd": 47714000,
      "sga": null,
      "fcf": -37714000,
      "ocf": -36791000,
      "capex": -923000,
      "gross_margin": null,
      "op_margin": -20.803761533002127,
      "fcf_margin": -13.383250532292406,
      "rev_growth_yoy": 0.13537469782433523,
      "rev_growth_yoy_accel": 0.0720138162816355,
      "op_leverage_ratio": 1.834372182930096,
      "fcf_margin_change": 8.390929087742135
    },
    {
      "date": "2023-12-31T00:00:00",
      "quarter_label": "2023-12 (Q4)",
      "revenue": 2193000,
      "gross_profit": null,
      "operating_income": -66743000,
      "net_income": -60443000,
      "opex": 68936000,
      "cogs": null,
      "rd": 52817000,
      "sga": null,
      "fcf": 15638000,
      "ocf": 16501000,
      "capex": -863000,
      "gross_margin": null,
      "op_margin": -30.43456452348381,
      "fcf_margin": 7.1308709530323755,
      "rev_growth_yoy": -0.20801733477789816,
      "rev_growth_yoy_accel": -0.3433920326022334,
      "fcf_margin_change": 20.514121485324782
    },
    {
      "date": "2024-03-31T00:00:00",
      "quarter_label": "2024-03 (Q1)",
      "revenue": 3543000,
      "gross_profit": null,
      "operating_income": -77187000,
      "net_income": -68855000,
      "opex": 80730000,
      "cogs": null,
      "rd": 66832000,
      "sga": null,
      "fcf": -71295000,
      "ocf": -70380000,
      "capex": -915000,
      "gross_margin": null,
      "op_margin": -21.785774767146485,
      "fcf_margin": -20.12277730736664,
      "incr_op_margin_yoy": -14.954961832061068,
      "rev_growth_yoy": 0.5866547245857591,
      "rev_growth_yoy_accel": 0.7946720593636573,
      "op_leverage_ratio": 3.5981568684672838,
      "fcf_margin_change": -27.253648260399014
    },
    {
      "date": "2024-06-30T00:00:00",
      "quarter_label": "2024-06 (Q2)",
      "revenue": 2045000,
      "gross_profit": null,
      "operating_income": -82626000,
      "net_income": -70793000,
      "opex": 84671000,
      "cogs": null,
      "rd": 63940000,
      "sga": null,
      "fcf": -65535000,
      "ocf": -65004000,
      "capex": -531000,
      "gross_margin": null,
      "op_margin": -40.4039119804401,
      "fcf_margin": -32.04645476772616,
      "rev_growth_yoy": -0.11701208981001728,
      "rev_growth_yoy_accel": -0.7036668143957764,
      "fcf_margin_change": -11.92367746035952
    },
    {
      "date": "2024-09-30T00:00:00",
      "quarter_label": "2024-09 (Q3)",
      "revenue": 2336000,
      "gross_profit": null,
      "operating_income": -98134000,
      "net_income": -80398000,
      "opex": 100470000,
      "cogs": null,
      "rd": 77197000,
      "sga": null,
      "fcf": -67319000,
      "ocf": -65615000,
      "capex": -1704000,
      "gross_margin": null,
      "op_margin": -42.009417808219176,
      "fcf_margin": -28.81806506849315,
      "rev_growth_yoy": -0.1710432931156849,
      "rev_growth_yoy_accel": -0.054031203305667616,
      "op_leverage_ratio": 0.7626139873604703,
      "fcf_margin_change": 3.2283896992330092
    },
    {
      "date": "2024-12-31T00:00:00",
      "quarter_label": "2024-12 (Q4)",
      "revenue": 2973000,
      "gross_profit": null,
      "operating_income": -120990000,
      "net_income": -102257000,
      "opex": 123963000,
      "cogs": null,
      "rd": 95625000,
      "sga": null,
      "fcf": -103787000,
      "ocf": -99871000,
      "capex": -3916000,
      "gross_margin": null,
      "op_margin": -40.696266397578206,
      "fcf_margin": -34.90985536495123,
      "rev_growth_yoy": 0.35567715458276333,
      "rev_growth_yoy_accel": 0.5267204476984482,
      "op_leverage_ratio": 1.166177122710408,
      "fcf_margin_change": -6.0917902964580755
    },
    {
      "date": "2025-03-31T00:00:00",
      "quarter_label": "2025-03 (Q1)",
      "revenue": 1573000,
      "gross_profit": null,
      "operating_income": -131517000,
      "net_income": -115773000,
      "opex": 133090000,
      "cogs": null,
      "rd": 99490000,
      "sga": null,
      "fcf": -128582000,
      "ocf": -124829000,
      "capex": -3753000,
      "gross_margin": null,
      "op_margin": -83.60902733630006,
      "fcf_margin": -81.74316592498411,
      "incr_op_margin_yoy": 27.578680203045685,
      "rev_growth_yoy": -0.5560259666948913,
      "rev_growth_yoy_accel": -0.9117031212776547,
      "fcf_margin_change": -46.833310560032885
    },
    {
      "date": "2025-06-30T00:00:00",
      "quarter_label": "2025-06 (Q2)",
      "revenue": 3847000,
      "gross_profit": null,
      "operating_income": -171142000,
      "net_income": -157315000,
      "opex": 174989000,
      "cogs": null,
      "rd": 138125000,
      "sga": null,
      "fcf": -203009000,
      "ocf": -199666000,
      "capex": -3343000,
      "gross_margin": null,
      "op_margin": -44.48713283077723,
      "fcf_margin": -52.77073043930336,
      "incr_op_margin_yoy": -49.120976692563815,
      "rev_growth_yoy": 0.8811735941320293,
      "rev_growth_yoy_accel": 1.4371995608269206,
      "op_leverage_ratio": 4.5920171880652605,
      "fcf_margin_change": 28.972435485680755
    },
    {
      "date": "2025-09-30T00:00:00",
      "quarter_label": "2025-09 (Q3)",
      "revenue": 12475000,
      "gross_profit": null,
      "operating_income": -188806000,
      "net_income": -174442000,
      "opex": 201281000,
      "cogs": null,
      "rd": 154948000,
      "sga": null,
      "fcf": -156885000,
      "ocf": -156173000,
      "capex": -712000,
      "gross_margin": null,
      "op_margin": -15.134749498997996,
      "fcf_margin": -12.575951903807615,
      "incr_op_margin_yoy": -8.942893776506558,
      "rev_growth_yoy": 4.3403253424657535,
      "rev_growth_yoy_accel": 3.459151748333724,
      "op_leverage_ratio": 14.927087405444466,
      "fcf_margin_change": 40.19477853549574
    }
  ],
  "signals": [
    {
      "quarter": "2025-09 (Q3)",
      "signal": "FCF MARGIN EXPANSION",
      "detail": "FCF margin: -5277.1% -> -1257.6% (+4019.5%)",
      "severity": "MEDIUM"
    },
    {
      "quarter": "2025-09 (Q3)",
      "signal": "OPERATING LEVERAGE",
      "detail": "Rev growth +224.3% vs OpEx growth +15.0% (leverage: 14.9x)",
      "severity": "MEDIUM"
    },
    {
      "quarter": "2025-09 (Q3)",
      "signal": "YoY REVENUE GROWTH ACCELERATION",
      "detail": "YoY growth: +434.0% vs prior quarter YoY: +88.1% (accel: +345.9%)",
      "severity": "HIGH"
    },
    {
      "quarter": "2025-06 (Q2)",
      "signal": "FCF MARGIN EXPANSION",
      "detail": "FCF margin: -8174.3% -> -5277.1% (+2897.2%)",
      "severity": "MEDIUM"
    },
    {
      "quarter": "2025-06 (Q2)",
      "signal": "OPERATING LEVERAGE",
      "detail": "Rev growth +144.6% vs OpEx growth +31.5% (leverage: 4.6x)",
      "severity": "MEDIUM"
    },
    {
      "quarter": "2025-06 (Q2)",
      "signal": "YoY REVENUE GROWTH ACCELERATION",
      "detail": "YoY growth: +88.1% vs prior quarter YoY: -55.6% (accel: +143.7%)",
      "severity": "HIGH"
    },
    {
      "quarter": "2025-03 (Q1)",
      "signal": "YoY REVENUE GROWTH DECELERATION",
      "detail": "YoY growth: -55.6% vs prior quarter YoY: +35.6% (decel: -91.2%)",
      "severity": "WARNING"
    },
    {
      "quarter": "2024-12 (Q4)",
      "signal": "YoY REVENUE GROWTH ACCELERATION",
      "detail": "YoY growth: +35.6% vs prior quarter YoY: -17.1% (accel: +52.7%)",
      "severity": "HIGH"
    },
    {
      "quarter": "2024-09 (Q3)",
      "signal": "FCF MARGIN EXPANSION",
      "detail": "FCF margin: -3204.6% -> -2881.8% (+322.8%)",
      "severity": "MEDIUM"
    },
    {
      "quarter": "2024-09 (Q3)",
      "signal": "YoY REVENUE GROWTH DECELERATION",
      "detail": "YoY growth: -17.1% vs prior quarter YoY: -11.7% (decel: -5.4%)",
      "severity": "WARNING"
    },
    {
      "quarter": "2024-06 (Q2)",
      "signal": "YoY REVENUE GROWTH DECELERATION",
      "detail": "YoY growth: -11.7% vs prior quarter YoY: +58.7% (decel: -70.4%)",
      "severity": "WARNING"
    },
    {
      "quarter": "2024-03 (Q1)",
      "signal": "OPERATING LEVERAGE",
      "detail": "Rev growth +61.6% vs OpEx growth +17.1% (leverage: 3.6x)",
      "severity": "MEDIUM"
    },
    {
      "quarter": "2024-03 (Q1)",
      "signal": "YoY REVENUE GROWTH ACCELERATION",
      "detail": "YoY growth: +58.7% vs prior quarter YoY: -20.8% (accel: +79.5%)",
      "severity": "HIGH"
    },
    {
      "quarter": "2023-12 (Q4)",
      "signal": "FCF TURNED POSITIVE",
      "detail": "FCF margin: -1338.3% -> +713.1%",
      "severity": "HIGH"
    },
    {
      "quarter": "2023-12 (Q4)",
      "signal": "YoY REVENUE GROWTH DECELERATION",
      "detail": "YoY growth: -20.8% vs prior quarter YoY: +13.5% (decel: -34.3%)",
      "severity": "WARNING"
    },
    {
      "quarter": "2023-09 (Q3)",
      "signal": "FCF MARGIN EXPANSION",
      "detail": "FCF margin: -2177.4% -> -1338.3% (+839.1%)",
      "severity": "MEDIUM"
    },
    {
      "quarter": "2023-09 (Q3)",
      "signal": "OPERATING LEVERAGE",
      "detail": "Rev growth +21.7% vs OpEx growth +11.8% (leverage: 1.8x)",
      "severity": "MEDIUM"
    },
    {
      "quarter": "2023-09 (Q3)",
      "signal": "YoY REVENUE GROWTH ACCELERATION",
      "detail": "YoY growth: +13.5% vs prior quarter YoY: +6.3% (accel: +7.2%)",
      "severity": "MEDIUM"
    },
    {
      "quarter": "2023-06 (Q2)",
      "signal": "FCF MARGIN EXPANSION",
      "detail": "FCF margin: -2274.4% -> -2177.4% (+97.0%)",
      "severity": "MEDIUM"
    },
    {
      "quarter": "2023-06 (Q2)",
      "signal": "YoY REVENUE GROWTH DECELERATION",
      "detail": "YoY growth: +6.3% vs prior quarter YoY: +24.4% (decel: -18.1%)",
      "severity": "WARNING"
    },
    {
      "quarter": "2023-03 (Q1)",
      "signal": "YoY REVENUE GROWTH DECELERATION",
      "detail": "YoY growth: +24.4% vs prior quarter YoY: +49.5% (decel: -25.1%)",
      "severity": "WARNING"
    },
    {
      "quarter": "2022-12 (Q4)",
      "signal": "YoY REVENUE GROWTH ACCELERATION",
      "detail": "YoY growth: +49.5% vs prior quarter YoY: +14.7% (accel: +34.8%)",
      "severity": "HIGH"
    },
    {
      "quarter": "2022-09 (Q3)",
      "signal": "FCF MARGIN EXPANSION",
      "detail": "FCF margin: -1692.7% -> -1283.3% (+409.4%)",
      "severity": "MEDIUM"
    },
    {
      "quarter": "2022-09 (Q3)",
      "signal": "YoY REVENUE GROWTH ACCELERATION",
      "detail": "YoY growth: +14.7% vs prior quarter YoY: -16.5% (accel: +31.2%)",
      "severity": "HIGH"
    },
    {
      "quarter": "2022-06 (Q2)",
      "signal": "YoY REVENUE GROWTH ACCELERATION",
      "detail": "YoY growth: -16.5% vs prior quarter YoY: -33.6% (accel: +17.2%)",
      "severity": "HIGH"
    },
    {
      "quarter": "2022-03 (Q1)",
      "signal": "YoY REVENUE GROWTH DECELERATION",
      "detail": "YoY growth: -33.6% vs prior quarter YoY: -13.5% (decel: -20.1%)",
      "severity": "WARNING"
    },
    {
      "quarter": "2021-09 (Q3)",
      "signal": "FCF MARGIN EXPANSION",
      "detail": "FCF margin: -1106.4% -> -997.8% (+108.6%)",
      "severity": "MEDIUM"
    }
  ],
  "data_quality": {
    "n_quarters": 20,
    "coverage": {
      "revenue": [
        20,
        20
      ],
      "gross_profit": [
        0,
        20
      ],
      "op_income": [
        20,
        20
      ],
      "fcf": [
        20,
        20
      ]
    },
    "gaps": [],
    "warnings": [
      "gross_profit: no data"
    ]
  },
  "market_cap": null,
  "source": "SEC EDGAR",
  "last_updated": "2026-02-02T20:35:27.949511"
}