{
  "ticker": "RNR",
  "name": "RENAISSANCERE HOLDINGS LTD.",
  "sector": "Financial Services",
  "industry": "Insurance - Reinsurance",
  "quarters": [
    {
      "date": "2021-03-31T00:00:00",
      "quarter_label": "2021-03 (Q1)",
      "revenue": 861902000,
      "gross_profit": null,
      "operating_income": null,
      "net_income": -283645000,
      "opex": null,
      "cogs": null,
      "rd": null,
      "sga": null,
      "fcf": 206538000,
      "ocf": 206538000,
      "capex": null,
      "gross_margin": null,
      "op_margin": null,
      "fcf_margin": 0.2396304916336196
    },
    {
      "date": "2021-06-30T00:00:00",
      "quarter_label": "2021-06 (Q2)",
      "revenue": 1477285000,
      "gross_profit": null,
      "operating_income": null,
      "net_income": 464107000,
      "opex": null,
      "cogs": null,
      "rd": null,
      "sga": null,
      "fcf": 128631000,
      "ocf": 128631000,
      "capex": null,
      "gross_margin": null,
      "op_margin": null,
      "fcf_margin": 0.08707256893558116,
      "fcf_margin_change": -0.15255792269803845
    },
    {
      "date": "2021-09-30T00:00:00",
      "quarter_label": "2021-09 (Q3)",
      "revenue": 1544703000,
      "gross_profit": null,
      "operating_income": null,
      "net_income": -440377000,
      "opex": null,
      "cogs": null,
      "rd": null,
      "sga": null,
      "fcf": 466711000,
      "ocf": 466711000,
      "capex": null,
      "gross_margin": null,
      "op_margin": null,
      "fcf_margin": 0.3021363977411839,
      "fcf_margin_change": 0.21506382880560274
    },
    {
      "date": "2021-12-31T00:00:00",
      "quarter_label": "2021-12 (Q4)",
      "revenue": 1393819000,
      "gross_profit": null,
      "operating_income": null,
      "net_income": 219760000,
      "opex": null,
      "cogs": null,
      "rd": null,
      "sga": null,
      "fcf": 432935000,
      "ocf": 432935000,
      "capex": null,
      "gross_margin": null,
      "op_margin": null,
      "fcf_margin": 0.3106106316530339,
      "fcf_margin_change": 0.008474233911849982
    },
    {
      "date": "2022-03-31T00:00:00",
      "quarter_label": "2022-03 (Q1)",
      "revenue": 876416000,
      "gross_profit": null,
      "operating_income": null,
      "net_income": -385569000,
      "opex": null,
      "cogs": null,
      "rd": null,
      "sga": null,
      "fcf": 168229000,
      "ocf": 168229000,
      "capex": null,
      "gross_margin": null,
      "op_margin": null,
      "fcf_margin": 0.19195108259091573,
      "rev_growth_yoy": 0.01683950147464561,
      "fcf_margin_change": -0.11865954906211815
    },
    {
      "date": "2022-06-30T00:00:00",
      "quarter_label": "2022-06 (Q2)",
      "revenue": 866972000,
      "gross_profit": null,
      "operating_income": null,
      "net_income": -316069000,
      "opex": null,
      "cogs": null,
      "rd": null,
      "sga": null,
      "fcf": 100940000,
      "ocf": 100940000,
      "capex": null,
      "gross_margin": null,
      "op_margin": null,
      "fcf_margin": 0.11642821221446598,
      "rev_growth_yoy": -0.4131315216765892,
      "rev_growth_yoy_accel": -0.4299710231512348,
      "fcf_margin_change": -0.07552287037644975
    },
    {
      "date": "2022-09-30T00:00:00",
      "quarter_label": "2022-09 (Q3)",
      "revenue": 1286504000,
      "gross_profit": null,
      "operating_income": null,
      "net_income": -816501000,
      "opex": null,
      "cogs": null,
      "rd": null,
      "sga": null,
      "fcf": 601319000,
      "ocf": 601319000,
      "capex": null,
      "gross_margin": null,
      "op_margin": null,
      "fcf_margin": 0.46740546473232886,
      "rev_growth_yoy": -0.16715122583435132,
      "rev_growth_yoy_accel": 0.24598029584223785,
      "fcf_margin_change": 0.3509772525178629
    },
    {
      "date": "2022-12-31T00:00:00",
      "quarter_label": "2022-12 (Q4)",
      "revenue": 2030520000,
      "gross_profit": null,
      "operating_income": null,
      "net_income": 456936000,
      "opex": null,
      "cogs": null,
      "rd": null,
      "sga": null,
      "fcf": 733195000,
      "ocf": 733195000,
      "capex": null,
      "gross_margin": null,
      "op_margin": null,
      "fcf_margin": 0.361087307684731,
      "rev_growth_yoy": 0.45680321476461433,
      "rev_growth_yoy_accel": 0.6239544405989657,
      "fcf_margin_change": -0.10631815704759784
    },
    {
      "date": "2023-03-31T00:00:00",
      "quarter_label": "2023-03 (Q1)",
      "revenue": 2205100000,
      "gross_profit": null,
      "operating_income": null,
      "net_income": 572906000,
      "opex": null,
      "cogs": null,
      "rd": null,
      "sga": null,
      "fcf": 435708000,
      "ocf": 435708000,
      "capex": null,
      "gross_margin": null,
      "op_margin": null,
      "fcf_margin": 0.19759103895514943,
      "rev_growth_yoy": 1.516042609902147,
      "rev_growth_yoy_accel": 1.0592393951375325,
      "fcf_margin_change": -0.1634962687295816
    },
    {
      "date": "2023-06-30T00:00:00",
      "quarter_label": "2023-06 (Q2)",
      "revenue": 1853231000,
      "gross_profit": null,
      "operating_income": null,
      "net_income": 199869000,
      "opex": null,
      "cogs": null,
      "rd": null,
      "sga": null,
      "fcf": 190966000,
      "ocf": 190966000,
      "capex": null,
      "gross_margin": null,
      "op_margin": null,
      "fcf_margin": 0.10304489834240847,
      "rev_growth_yoy": 1.1375903720074005,
      "rev_growth_yoy_accel": -0.37845223789474636,
      "fcf_margin_change": -0.09454614061274096
    },
    {
      "date": "2023-09-30T00:00:00",
      "quarter_label": "2023-09 (Q3)",
      "revenue": 1835987000,
      "gross_profit": null,
      "operating_income": null,
      "net_income": 202831000,
      "opex": null,
      "cogs": null,
      "rd": null,
      "sga": null,
      "fcf": 772465000,
      "ocf": 772465000,
      "capex": null,
      "gross_margin": null,
      "op_margin": null,
      "fcf_margin": 0.42073554987045114,
      "rev_growth_yoy": 0.4271133241715533,
      "rev_growth_yoy_accel": -0.7104770478358473,
      "fcf_margin_change": 0.31769065152804266
    },
    {
      "date": "2023-12-31T00:00:00",
      "quarter_label": "2023-12 (Q4)",
      "revenue": 3240290000,
      "gross_profit": null,
      "operating_income": null,
      "net_income": 1585526000,
      "opex": null,
      "cogs": null,
      "rd": null,
      "sga": null,
      "fcf": 512495000,
      "ocf": 512495000,
      "capex": null,
      "gross_margin": null,
      "op_margin": null,
      "fcf_margin": 0.15816331254301313,
      "rev_growth_yoy": 0.5957931958316096,
      "rev_growth_yoy_accel": 0.16867987166005632,
      "fcf_margin_change": -0.262572237327438
    },
    {
      "date": "2024-03-31T00:00:00",
      "quarter_label": "2024-03 (Q1)",
      "revenue": 2599425000,
      "gross_profit": null,
      "operating_income": null,
      "net_income": 373642000,
      "opex": null,
      "cogs": null,
      "rd": null,
      "sga": null,
      "fcf": 683460000,
      "ocf": 683460000,
      "capex": null,
      "gross_margin": null,
      "op_margin": null,
      "fcf_margin": 0.26292737817017225,
      "rev_growth_yoy": 0.17882408961044852,
      "rev_growth_yoy_accel": -0.4169691062211611,
      "fcf_margin_change": 0.10476406562715912
    },
    {
      "date": "2024-06-30T00:00:00",
      "quarter_label": "2024-06 (Q2)",
      "revenue": 2828520000,
      "gross_profit": null,
      "operating_income": null,
      "net_income": 503890000,
      "opex": null,
      "cogs": null,
      "rd": null,
      "sga": null,
      "fcf": 1212305000,
      "ocf": 1212305000,
      "capex": null,
      "gross_margin": null,
      "op_margin": null,
      "fcf_margin": 0.4286004695034859,
      "rev_growth_yoy": 0.5262641300517852,
      "rev_growth_yoy_accel": 0.3474400404413367,
      "fcf_margin_change": 0.16567309133331365
    },
    {
      "date": "2024-09-30T00:00:00",
      "quarter_label": "2024-09 (Q3)",
      "revenue": 3973775000,
      "gross_profit": null,
      "operating_income": null,
      "net_income": 1182487000,
      "opex": null,
      "cogs": null,
      "rd": null,
      "sga": null,
      "fcf": 1490141000,
      "ocf": 1490141000,
      "capex": null,
      "gross_margin": null,
      "op_margin": null,
      "fcf_margin": 0.37499380312171676,
      "rev_growth_yoy": 1.1643807935459238,
      "rev_growth_yoy_accel": 0.6381166634941386,
      "fcf_margin_change": -0.05360666638176914
    },
    {
      "date": "2024-12-31T00:00:00",
      "quarter_label": "2024-12 (Q4)",
      "revenue": 2293428000,
      "gross_profit": null,
      "operating_income": null,
      "net_income": -189659000,
      "opex": null,
      "cogs": null,
      "rd": null,
      "sga": null,
      "fcf": 778916000,
      "ocf": 778916000,
      "capex": null,
      "gross_margin": null,
      "op_margin": null,
      "fcf_margin": 0.3396295850578261,
      "rev_growth_yoy": -0.29221520296022885,
      "rev_growth_yoy_accel": -1.4565959965061528,
      "fcf_margin_change": -0.03536421806389067
    },
    {
      "date": "2025-03-31T00:00:00",
      "quarter_label": "2025-03 (Q1)",
      "revenue": 3470488000,
      "gross_profit": null,
      "operating_income": null,
      "net_income": 169991000,
      "opex": null,
      "cogs": null,
      "rd": null,
      "sga": null,
      "fcf": 157773000,
      "ocf": 157773000,
      "capex": null,
      "gross_margin": null,
      "op_margin": null,
      "fcf_margin": 0.045461329934003515,
      "rev_growth_yoy": 0.3350983390557527,
      "rev_growth_yoy_accel": 0.6273135420159816,
      "fcf_margin_change": -0.29416825512382255
    },
    {
      "date": "2025-06-30T00:00:00",
      "quarter_label": "2025-06 (Q2)",
      "revenue": 3206599000,
      "gross_profit": null,
      "operating_income": null,
      "net_income": 835351000,
      "opex": null,
      "cogs": null,
      "rd": null,
      "sga": null,
      "fcf": 1469561000,
      "ocf": 1469561000,
      "capex": null,
      "gross_margin": null,
      "op_margin": null,
      "fcf_margin": 0.45829272696710754,
      "rev_growth_yoy": 0.13366672323335171,
      "rev_growth_yoy_accel": -0.201431615822401,
      "fcf_margin_change": 0.412831397033104
    },
    {
      "date": "2025-09-30T00:00:00",
      "quarter_label": "2025-09 (Q3)",
      "revenue": 3198182000,
      "gross_profit": null,
      "operating_income": null,
      "net_income": 916510000,
      "opex": null,
      "cogs": null,
      "rd": null,
      "sga": null,
      "fcf": 1582798000,
      "ocf": 1582798000,
      "capex": null,
      "gross_margin": null,
      "op_margin": null,
      "fcf_margin": 0.4949055432117372,
      "rev_growth_yoy": -0.19517788500858754,
      "rev_growth_yoy_accel": -0.3288446082419393,
      "fcf_margin_change": 0.03661281624462964
    },
    {
      "date": "2025-12-31T00:00:00",
      "quarter_label": "2025-12 (Q4)",
      "revenue": 2972805000,
      "gross_profit": null,
      "operating_income": null,
      "net_income": 760482000,
      "opex": null,
      "cogs": null,
      "rd": null,
      "sga": null,
      "fcf": 482975000,
      "ocf": 482975000,
      "capex": null,
      "gross_margin": null,
      "op_margin": null,
      "fcf_margin": 0.1624644065116952,
      "rev_growth_yoy": 0.29622774292456533,
      "rev_growth_yoy_accel": 0.4914056279331529,
      "fcf_margin_change": -0.332441136700042
    }
  ],
  "signals": [
    {
      "quarter": "2025-12 (Q4)",
      "signal": "YoY REVENUE GROWTH ACCELERATION",
      "detail": "YoY growth: +29.6% vs prior quarter YoY: -19.5% (accel: +49.1%)",
      "severity": "HIGH"
    },
    {
      "quarter": "2025-09 (Q3)",
      "signal": "YoY REVENUE GROWTH DECELERATION",
      "detail": "YoY growth: -19.5% vs prior quarter YoY: +13.4% (decel: -32.9%)",
      "severity": "WARNING"
    },
    {
      "quarter": "2025-06 (Q2)",
      "signal": "FCF MARGIN EXPANSION",
      "detail": "FCF margin: +4.5% -> +45.8% (+41.3%)",
      "severity": "MEDIUM"
    },
    {
      "quarter": "2025-06 (Q2)",
      "signal": "YoY REVENUE GROWTH DECELERATION",
      "detail": "YoY growth: +13.4% vs prior quarter YoY: +33.5% (decel: -20.1%)",
      "severity": "WARNING"
    },
    {
      "quarter": "2025-03 (Q1)",
      "signal": "YoY REVENUE GROWTH ACCELERATION",
      "detail": "YoY growth: +33.5% vs prior quarter YoY: -29.2% (accel: +62.7%)",
      "severity": "HIGH"
    },
    {
      "quarter": "2024-12 (Q4)",
      "signal": "YoY REVENUE GROWTH DECELERATION",
      "detail": "YoY growth: -29.2% vs prior quarter YoY: +116.4% (decel: -145.7%)",
      "severity": "WARNING"
    },
    {
      "quarter": "2024-09 (Q3)",
      "signal": "YoY REVENUE GROWTH ACCELERATION",
      "detail": "YoY growth: +116.4% vs prior quarter YoY: +52.6% (accel: +63.8%)",
      "severity": "HIGH"
    },
    {
      "quarter": "2024-06 (Q2)",
      "signal": "FCF MARGIN EXPANSION",
      "detail": "FCF margin: +26.3% -> +42.9% (+16.6%)",
      "severity": "MEDIUM"
    },
    {
      "quarter": "2024-06 (Q2)",
      "signal": "YoY REVENUE GROWTH ACCELERATION",
      "detail": "YoY growth: +52.6% vs prior quarter YoY: +17.9% (accel: +34.7%)",
      "severity": "HIGH"
    },
    {
      "quarter": "2024-03 (Q1)",
      "signal": "FCF MARGIN EXPANSION",
      "detail": "FCF margin: +15.8% -> +26.3% (+10.5%)",
      "severity": "MEDIUM"
    },
    {
      "quarter": "2024-03 (Q1)",
      "signal": "YoY REVENUE GROWTH DECELERATION",
      "detail": "YoY growth: +17.9% vs prior quarter YoY: +59.6% (decel: -41.7%)",
      "severity": "WARNING"
    },
    {
      "quarter": "2023-12 (Q4)",
      "signal": "YoY REVENUE GROWTH ACCELERATION",
      "detail": "YoY growth: +59.6% vs prior quarter YoY: +42.7% (accel: +16.9%)",
      "severity": "HIGH"
    },
    {
      "quarter": "2023-09 (Q3)",
      "signal": "FCF MARGIN EXPANSION",
      "detail": "FCF margin: +10.3% -> +42.1% (+31.8%)",
      "severity": "MEDIUM"
    },
    {
      "quarter": "2023-09 (Q3)",
      "signal": "YoY REVENUE GROWTH DECELERATION",
      "detail": "YoY growth: +42.7% vs prior quarter YoY: +113.8% (decel: -71.0%)",
      "severity": "WARNING"
    },
    {
      "quarter": "2023-06 (Q2)",
      "signal": "YoY REVENUE GROWTH DECELERATION",
      "detail": "YoY growth: +113.8% vs prior quarter YoY: +151.6% (decel: -37.8%)",
      "severity": "WARNING"
    },
    {
      "quarter": "2023-03 (Q1)",
      "signal": "YoY REVENUE GROWTH ACCELERATION",
      "detail": "YoY growth: +151.6% vs prior quarter YoY: +45.7% (accel: +105.9%)",
      "severity": "HIGH"
    },
    {
      "quarter": "2022-12 (Q4)",
      "signal": "YoY REVENUE GROWTH ACCELERATION",
      "detail": "YoY growth: +45.7% vs prior quarter YoY: -16.7% (accel: +62.4%)",
      "severity": "HIGH"
    },
    {
      "quarter": "2022-09 (Q3)",
      "signal": "FCF MARGIN EXPANSION",
      "detail": "FCF margin: +11.6% -> +46.7% (+35.1%)",
      "severity": "MEDIUM"
    },
    {
      "quarter": "2022-09 (Q3)",
      "signal": "YoY REVENUE GROWTH ACCELERATION",
      "detail": "YoY growth: -16.7% vs prior quarter YoY: -41.3% (accel: +24.6%)",
      "severity": "HIGH"
    },
    {
      "quarter": "2022-06 (Q2)",
      "signal": "YoY REVENUE GROWTH DECELERATION",
      "detail": "YoY growth: -41.3% vs prior quarter YoY: +1.7% (decel: -43.0%)",
      "severity": "WARNING"
    },
    {
      "quarter": "2021-09 (Q3)",
      "signal": "FCF MARGIN EXPANSION",
      "detail": "FCF margin: +8.7% -> +30.2% (+21.5%)",
      "severity": "MEDIUM"
    }
  ],
  "data_quality": {
    "n_quarters": 20,
    "coverage": {
      "revenue": [
        20,
        20
      ],
      "gross_profit": [
        0,
        20
      ],
      "op_income": [
        0,
        20
      ],
      "fcf": [
        20,
        20
      ]
    },
    "gaps": [],
    "warnings": [
      "gross_profit: no data",
      "op_income: no data"
    ]
  },
  "market_cap": null,
  "source": "SEC EDGAR",
  "last_updated": "2026-02-13T11:43:40.142897"
}