{
  "ticker": "ROIV",
  "name": "ROIVANT SCIENCES LTD.",
  "sector": "Healthcare",
  "industry": "Biotechnology",
  "quarters": [
    {
      "date": "2021-03-31T00:00:00",
      "quarter_label": "2021-03 (Q1)",
      "revenue": 15146000,
      "gross_profit": null,
      "operating_income": -540834000,
      "net_income": -509564000,
      "opex": 555980000,
      "cogs": null,
      "rd": -121778000,
      "sga": null,
      "fcf": -110157000,
      "ocf": -106067000,
      "capex": -4090000,
      "gross_margin": null,
      "op_margin": -35.7080417271887,
      "fcf_margin": -7.27300937541265
    },
    {
      "date": "2021-06-30T00:00:00",
      "quarter_label": "2021-06 (Q2)",
      "revenue": 7735000,
      "gross_profit": null,
      "operating_income": -154387000,
      "net_income": -82183000,
      "opex": 162122000,
      "cogs": null,
      "rd": 78626000,
      "sga": null,
      "fcf": -143509000,
      "ocf": -141170000,
      "capex": -2339000,
      "gross_margin": null,
      "op_margin": -19.959534583063995,
      "fcf_margin": -18.553199741435037,
      "fcf_margin_change": -11.280190366022387
    },
    {
      "date": "2021-09-30T00:00:00",
      "quarter_label": "2021-09 (Q3)",
      "revenue": 13987000,
      "gross_profit": null,
      "operating_income": -684429000,
      "net_income": -208481000,
      "opex": 698416000,
      "cogs": null,
      "rd": 254259000,
      "sga": 437776000,
      "fcf": -123357000,
      "ocf": -120596000,
      "capex": -2761000,
      "gross_margin": null,
      "op_margin": -48.93322370772861,
      "fcf_margin": -8.819403732036891,
      "op_leverage_ratio": 0.24434174205438824,
      "fcf_margin_change": 9.733796009398146
    },
    {
      "date": "2021-12-31T00:00:00",
      "quarter_label": "2021-12 (Q4)",
      "revenue": 24341000,
      "gross_profit": null,
      "operating_income": -246023000,
      "net_income": -284536000,
      "opex": 270364000,
      "cogs": null,
      "rd": 153450000,
      "sga": 115530000,
      "fcf": -274567000,
      "ocf": -268494000,
      "capex": -6073000,
      "gross_margin": null,
      "op_margin": -10.10734973912329,
      "fcf_margin": -11.280021363132164,
      "op_leverage_ratio": null,
      "fcf_margin_change": -2.460617631095273
    },
    {
      "date": "2022-03-31T00:00:00",
      "quarter_label": "2022-03 (Q1)",
      "revenue": 9223000,
      "gross_profit": null,
      "operating_income": -266803000,
      "net_income": -270062000,
      "opex": 276026000,
      "cogs": null,
      "rd": -3300000,
      "sga": 138973000,
      "fcf": -153732000,
      "ocf": -147469000,
      "capex": -6263000,
      "gross_margin": null,
      "op_margin": -28.92800607177708,
      "fcf_margin": -16.668329177057355,
      "incr_op_margin_yoy": -46.26557487759581,
      "rev_growth_yoy": -0.3910603459659316,
      "fcf_margin_change": -5.388307813925191
    },
    {
      "date": "2022-06-30T00:00:00",
      "quarter_label": "2022-06 (Q2)",
      "revenue": 4319000,
      "gross_profit": null,
      "operating_income": -282309000,
      "net_income": -331809000,
      "opex": 286628000,
      "cogs": null,
      "rd": 135830000,
      "sga": 149072000,
      "fcf": -259541000,
      "ocf": -252082000,
      "capex": -7459000,
      "gross_margin": null,
      "op_margin": -65.36443621208613,
      "fcf_margin": -60.092845566103264,
      "incr_op_margin_yoy": 37.44789227166277,
      "rev_growth_yoy": -0.4416289592760181,
      "rev_growth_yoy_accel": -0.050568613310086497,
      "fcf_margin_change": -43.424516389045905
    },
    {
      "date": "2022-09-30T00:00:00",
      "quarter_label": "2022-09 (Q3)",
      "revenue": 12533000,
      "gross_profit": null,
      "operating_income": -280766000,
      "net_income": -291590000,
      "opex": 293299000,
      "cogs": null,
      "rd": 131995000,
      "sga": 157663000,
      "fcf": -192731000,
      "ocf": -189630000,
      "capex": -3101000,
      "gross_margin": null,
      "op_margin": -22.402138354743478,
      "fcf_margin": -15.377882390489109,
      "incr_op_margin_yoy": -277.6224209078404,
      "rev_growth_yoy": -0.10395367126617573,
      "rev_growth_yoy_accel": 0.33767528800984237,
      "op_leverage_ratio": 81.71450742708372,
      "fcf_margin_change": 44.71496317561416
    },
    {
      "date": "2022-12-31T00:00:00",
      "quarter_label": "2022-12 (Q4)",
      "revenue": 17052000,
      "gross_profit": null,
      "operating_income": -378077000,
      "net_income": -352014000,
      "opex": 395129000,
      "cogs": null,
      "rd": 125533000,
      "sga": 168261000,
      "fcf": -223101000,
      "ocf": -222593000,
      "capex": -508000,
      "gross_margin": null,
      "op_margin": -22.17200328407225,
      "fcf_margin": -13.08356790992259,
      "incr_op_margin_yoy": 18.11688846206613,
      "rev_growth_yoy": -0.2994535968119634,
      "rev_growth_yoy_accel": -0.19549992554578766,
      "op_leverage_ratio": 1.0385373978698398,
      "fcf_margin_change": 2.29431448056652
    },
    {
      "date": "2023-03-31T00:00:00",
      "quarter_label": "2023-03 (Q1)",
      "revenue": 27376000,
      "gross_profit": null,
      "operating_income": -234166000,
      "net_income": -33617000,
      "opex": 261542000,
      "cogs": null,
      "rd": 131857000,
      "sga": 125510000,
      "fcf": -180710000,
      "ocf": -179088000,
      "capex": -1622000,
      "gross_margin": null,
      "op_margin": -8.553696668614846,
      "fcf_margin": -6.6010374050263,
      "incr_op_margin_yoy": 1.7978846471657577,
      "rev_growth_yoy": 1.9682315949257292,
      "rev_growth_yoy_accel": 2.2676851917376926,
      "op_leverage_ratio": null,
      "fcf_margin_change": 6.482530504896289
    },
    {
      "date": "2023-06-30T00:00:00",
      "quarter_label": "2023-06 (Q2)",
      "revenue": 21624000,
      "gross_profit": null,
      "operating_income": -276413000,
      "net_income": -291816000,
      "opex": 298037000,
      "cogs": null,
      "rd": 125133000,
      "sga": 156190000,
      "fcf": -250335000,
      "ocf": -249932000,
      "capex": -403000,
      "gross_margin": null,
      "op_margin": -12.782695153533112,
      "fcf_margin": -11.576720310765817,
      "incr_op_margin_yoy": 0.3407107772320139,
      "rev_growth_yoy": 4.006714517249363,
      "rev_growth_yoy_accel": 2.0384829223236336,
      "fcf_margin_change": -4.975682905739516
    },
    {
      "date": "2023-09-30T00:00:00",
      "quarter_label": "2023-09 (Q3)",
      "revenue": 37101000,
      "gross_profit": null,
      "operating_income": -276454000,
      "net_income": -304327000,
      "opex": 313555000,
      "cogs": null,
      "rd": 131984000,
      "sga": 164355000,
      "fcf": -196702000,
      "ocf": -196427000,
      "capex": -275000,
      "gross_margin": null,
      "op_margin": -7.451389450419126,
      "fcf_margin": -5.301797795207676,
      "incr_op_margin_yoy": 0.17551286225985022,
      "rev_growth_yoy": 1.9602649006622517,
      "rev_growth_yoy_accel": -2.046449616587111,
      "op_leverage_ratio": 13.746279990413196,
      "fcf_margin_change": 6.27492251555814
    },
    {
      "date": "2023-12-31T00:00:00",
      "quarter_label": "2023-12 (Q4)",
      "revenue": 37140000,
      "gross_profit": null,
      "operating_income": 5060883000,
      "net_income": 5096184000,
      "opex": 324667000,
      "cogs": null,
      "rd": 123717000,
      "sga": 197282000,
      "fcf": -210807000,
      "ocf": -210452000,
      "capex": -355000,
      "gross_margin": null,
      "op_margin": 136.26502423263327,
      "fcf_margin": -5.676009693053312,
      "incr_op_margin_yoy": 270.75667064914376,
      "rev_growth_yoy": 1.1780436312456017,
      "rev_growth_yoy_accel": -0.7822212694166499,
      "fcf_margin_change": -0.3742118978456359
    },
    {
      "date": "2024-03-31T00:00:00",
      "quarter_label": "2024-03 (Q1)",
      "revenue": 28930000,
      "gross_profit": null,
      "operating_income": -266000000,
      "net_income": -151115000,
      "opex": 294930000,
      "cogs": null,
      "rd": 120902000,
      "sga": 169616000,
      "fcf": -108806000,
      "ocf": -108457000,
      "capex": -349000,
      "gross_margin": null,
      "op_margin": -9.194607673695126,
      "fcf_margin": -3.7610093328724505,
      "incr_op_margin_yoy": -20.485199485199484,
      "rev_growth_yoy": 0.056765049678550554,
      "rev_growth_yoy_accel": -1.1212785815670512,
      "fcf_margin_change": 1.9150003601808616
    },
    {
      "date": "2024-06-30T00:00:00",
      "quarter_label": "2024-06 (Q2)",
      "revenue": 55132000,
      "gross_profit": null,
      "operating_income": -120186000,
      "net_income": 95297000,
      "opex": 285705000,
      "cogs": null,
      "rd": 133208000,
      "sga": 148519000,
      "fcf": -193794000,
      "ocf": -192829000,
      "capex": -965000,
      "gross_margin": null,
      "op_margin": -2.179968076616121,
      "fcf_margin": -3.5150910541971996,
      "incr_op_margin_yoy": 4.662379133341291,
      "rev_growth_yoy": 1.549574546799852,
      "rev_growth_yoy_accel": 1.4928094971213015,
      "op_leverage_ratio": null,
      "fcf_margin_change": 0.24591827867525096
    },
    {
      "date": "2024-09-30T00:00:00",
      "quarter_label": "2024-09 (Q3)",
      "revenue": 4475000,
      "gross_profit": null,
      "operating_income": -341713000,
      "net_income": -230184000,
      "opex": 346188000,
      "cogs": null,
      "rd": 143073000,
      "sga": null,
      "fcf": -267802000,
      "ocf": -266806000,
      "capex": -996000,
      "gross_margin": null,
      "op_margin": -76.3604469273743,
      "fcf_margin": -59.84402234636872,
      "incr_op_margin_yoy": 2.000214552810642,
      "rev_growth_yoy": -0.8793833050322094,
      "rev_growth_yoy_accel": -2.4289578518320614,
      "fcf_margin_change": -56.32893129217152
    },
    {
      "date": "2024-12-31T00:00:00",
      "quarter_label": "2024-12 (Q4)",
      "revenue": 9018000,
      "gross_profit": null,
      "operating_income": -274381000,
      "net_income": 169381000,
      "opex": 283399000,
      "cogs": null,
      "rd": 141595000,
      "sga": null,
      "fcf": -209078000,
      "ocf": -207251000,
      "capex": -1827000,
      "gross_margin": null,
      "op_margin": -30.425925925925927,
      "fcf_margin": -23.184519849190508,
      "incr_op_margin_yoy": 189.71851219685655,
      "rev_growth_yoy": -0.75718901453958,
      "rev_growth_yoy_accel": 0.12219429049262942,
      "op_leverage_ratio": null,
      "fcf_margin_change": 36.65950249717821
    },
    {
      "date": "2025-03-31T00:00:00",
      "quarter_label": "2025-03 (Q1)",
      "revenue": 7570000,
      "gross_profit": null,
      "operating_income": -284965000,
      "net_income": -206475000,
      "opex": 292535000,
      "cogs": null,
      "rd": 145238000,
      "sga": null,
      "fcf": -173376000,
      "ocf": -172565000,
      "capex": -811000,
      "gross_margin": null,
      "op_margin": -37.64398943196829,
      "fcf_margin": -22.903038309114926,
      "incr_op_margin_yoy": 0.887874531835206,
      "rev_growth_yoy": -0.7383339094365711,
      "rev_growth_yoy_accel": 0.018855105103008918,
      "fcf_margin_change": 0.2814815400755819
    },
    {
      "date": "2025-06-30T00:00:00",
      "quarter_label": "2025-06 (Q2)",
      "revenue": 2170000,
      "gross_profit": null,
      "operating_income": -284922000,
      "net_income": -223355000,
      "opex": 287092000,
      "cogs": null,
      "rd": 152919000,
      "sga": null,
      "fcf": -208418000,
      "ocf": -204383000,
      "capex": -4035000,
      "gross_margin": null,
      "op_margin": -131.3004608294931,
      "fcf_margin": -96.04516129032258,
      "incr_op_margin_yoy": 3.110456553755523,
      "rev_growth_yoy": -0.9606399187404774,
      "rev_growth_yoy_accel": -0.22230600930390632,
      "fcf_margin_change": -73.14212298120765
    },
    {
      "date": "2025-09-30T00:00:00",
      "quarter_label": "2025-09 (Q3)",
      "revenue": 1571000,
      "gross_profit": null,
      "operating_income": -306233000,
      "net_income": -113519000,
      "opex": 307804000,
      "cogs": null,
      "rd": 164568000,
      "sga": null,
      "fcf": -193512000,
      "ocf": -185664000,
      "capex": -7848000,
      "gross_margin": null,
      "op_margin": -194.928707829408,
      "fcf_margin": -123.17759388924252,
      "incr_op_margin_yoy": -12.217630853994491,
      "rev_growth_yoy": -0.6489385474860335,
      "rev_growth_yoy_accel": 0.31170137125444386,
      "fcf_margin_change": -27.132432598919934
    },
    {
      "date": "2025-12-31T00:00:00",
      "quarter_label": "2025-12 (Q4)",
      "revenue": 1999000,
      "gross_profit": null,
      "operating_income": -339153000,
      "net_income": -265891000,
      "opex": 341152000,
      "cogs": null,
      "rd": 165380000,
      "sga": null,
      "fcf": -191549000,
      "ocf": -196484000,
      "capex": 4935000,
      "gross_margin": null,
      "op_margin": -169.66133066533266,
      "fcf_margin": -95.8224112056028,
      "incr_op_margin_yoy": 9.228095170252173,
      "rev_growth_yoy": -0.7783322244400088,
      "rev_growth_yoy_accel": -0.1293936769539753,
      "op_leverage_ratio": 2.514618176531925,
      "fcf_margin_change": 27.35518268363971
    }
  ],
  "signals": [
    {
      "quarter": "2025-12 (Q4)",
      "signal": "FCF MARGIN EXPANSION",
      "detail": "FCF margin: -12317.8% -> -9582.2% (+2735.5%)",
      "severity": "MEDIUM"
    },
    {
      "quarter": "2025-12 (Q4)",
      "signal": "OPERATING LEVERAGE",
      "detail": "Rev growth +27.2% vs OpEx growth +10.8% (leverage: 2.5x)",
      "severity": "MEDIUM"
    },
    {
      "quarter": "2025-12 (Q4)",
      "signal": "YoY REVENUE GROWTH DECELERATION",
      "detail": "YoY growth: -77.8% vs prior quarter YoY: -64.9% (decel: -12.9%)",
      "severity": "WARNING"
    },
    {
      "quarter": "2025-09 (Q3)",
      "signal": "YoY REVENUE GROWTH ACCELERATION",
      "detail": "YoY growth: -64.9% vs prior quarter YoY: -96.1% (accel: +31.2%)",
      "severity": "HIGH"
    },
    {
      "quarter": "2025-06 (Q2)",
      "signal": "YoY REVENUE GROWTH DECELERATION",
      "detail": "YoY growth: -96.1% vs prior quarter YoY: -73.8% (decel: -22.2%)",
      "severity": "WARNING"
    },
    {
      "quarter": "2025-03 (Q1)",
      "signal": "FCF MARGIN EXPANSION",
      "detail": "FCF margin: -2318.5% -> -2290.3% (+28.1%)",
      "severity": "MEDIUM"
    },
    {
      "quarter": "2024-12 (Q4)",
      "signal": "FCF MARGIN EXPANSION",
      "detail": "FCF margin: -5984.4% -> -2318.5% (+3666.0%)",
      "severity": "MEDIUM"
    },
    {
      "quarter": "2024-12 (Q4)",
      "signal": "YoY REVENUE GROWTH ACCELERATION",
      "detail": "YoY growth: -75.7% vs prior quarter YoY: -87.9% (accel: +12.2%)",
      "severity": "MEDIUM"
    },
    {
      "quarter": "2024-09 (Q3)",
      "signal": "YoY REVENUE GROWTH DECELERATION",
      "detail": "YoY growth: -87.9% vs prior quarter YoY: +155.0% (decel: -242.9%)",
      "severity": "WARNING"
    },
    {
      "quarter": "2024-06 (Q2)",
      "signal": "FCF MARGIN EXPANSION",
      "detail": "FCF margin: -376.1% -> -351.5% (+24.6%)",
      "severity": "MEDIUM"
    },
    {
      "quarter": "2024-06 (Q2)",
      "signal": "YoY REVENUE GROWTH ACCELERATION",
      "detail": "YoY growth: +155.0% vs prior quarter YoY: +5.7% (accel: +149.3%)",
      "severity": "HIGH"
    },
    {
      "quarter": "2024-03 (Q1)",
      "signal": "FCF MARGIN EXPANSION",
      "detail": "FCF margin: -567.6% -> -376.1% (+191.5%)",
      "severity": "MEDIUM"
    },
    {
      "quarter": "2024-03 (Q1)",
      "signal": "YoY REVENUE GROWTH DECELERATION",
      "detail": "YoY growth: +5.7% vs prior quarter YoY: +117.8% (decel: -112.1%)",
      "severity": "WARNING"
    },
    {
      "quarter": "2023-12 (Q4)",
      "signal": "YoY REVENUE GROWTH DECELERATION",
      "detail": "YoY growth: +117.8% vs prior quarter YoY: +196.0% (decel: -78.2%)",
      "severity": "WARNING"
    },
    {
      "quarter": "2023-12 (Q4)",
      "signal": "OP MARGIN TURNED POSITIVE (YoY)",
      "detail": "Op margin: -2217.2% (year-ago) -> +13626.5%",
      "severity": "HIGH"
    },
    {
      "quarter": "2023-12 (Q4)",
      "signal": "OP MARGIN TURNED POSITIVE (QoQ)",
      "detail": "Op margin: -745.1% -> +13626.5%",
      "severity": "HIGH"
    },
    {
      "quarter": "2023-09 (Q3)",
      "signal": "FCF MARGIN EXPANSION",
      "detail": "FCF margin: -1157.7% -> -530.2% (+627.5%)",
      "severity": "MEDIUM"
    },
    {
      "quarter": "2023-09 (Q3)",
      "signal": "OPERATING LEVERAGE",
      "detail": "Rev growth +71.6% vs OpEx growth +5.2% (leverage: 13.7x)",
      "severity": "MEDIUM"
    },
    {
      "quarter": "2023-09 (Q3)",
      "signal": "YoY REVENUE GROWTH DECELERATION",
      "detail": "YoY growth: +196.0% vs prior quarter YoY: +400.7% (decel: -204.6%)",
      "severity": "WARNING"
    },
    {
      "quarter": "2023-06 (Q2)",
      "signal": "YoY REVENUE GROWTH ACCELERATION",
      "detail": "YoY growth: +400.7% vs prior quarter YoY: +196.8% (accel: +203.8%)",
      "severity": "HIGH"
    },
    {
      "quarter": "2023-03 (Q1)",
      "signal": "FCF MARGIN EXPANSION",
      "detail": "FCF margin: -1308.4% -> -660.1% (+648.3%)",
      "severity": "MEDIUM"
    },
    {
      "quarter": "2023-03 (Q1)",
      "signal": "YoY REVENUE GROWTH ACCELERATION",
      "detail": "YoY growth: +196.8% vs prior quarter YoY: -29.9% (accel: +226.8%)",
      "severity": "HIGH"
    },
    {
      "quarter": "2022-12 (Q4)",
      "signal": "FCF MARGIN EXPANSION",
      "detail": "FCF margin: -1537.8% -> -1308.4% (+229.4%)",
      "severity": "MEDIUM"
    },
    {
      "quarter": "2022-12 (Q4)",
      "signal": "YoY REVENUE GROWTH DECELERATION",
      "detail": "YoY growth: -29.9% vs prior quarter YoY: -10.4% (decel: -19.5%)",
      "severity": "WARNING"
    },
    {
      "quarter": "2022-09 (Q3)",
      "signal": "FCF MARGIN EXPANSION",
      "detail": "FCF margin: -6009.3% -> -1537.8% (+4471.5%)",
      "severity": "MEDIUM"
    },
    {
      "quarter": "2022-09 (Q3)",
      "signal": "OPERATING LEVERAGE",
      "detail": "Rev growth +190.2% vs OpEx growth +2.3% (leverage: 81.7x)",
      "severity": "MEDIUM"
    },
    {
      "quarter": "2022-09 (Q3)",
      "signal": "YoY REVENUE GROWTH ACCELERATION",
      "detail": "YoY growth: -10.4% vs prior quarter YoY: -44.2% (accel: +33.8%)",
      "severity": "HIGH"
    },
    {
      "quarter": "2022-06 (Q2)",
      "signal": "YoY REVENUE GROWTH DECELERATION",
      "detail": "YoY growth: -44.2% vs prior quarter YoY: -39.1% (decel: -5.1%)",
      "severity": "WARNING"
    },
    {
      "quarter": "2021-09 (Q3)",
      "signal": "FCF MARGIN EXPANSION",
      "detail": "FCF margin: -1855.3% -> -881.9% (+973.4%)",
      "severity": "MEDIUM"
    }
  ],
  "data_quality": {
    "n_quarters": 20,
    "coverage": {
      "revenue": [
        20,
        20
      ],
      "gross_profit": [
        0,
        20
      ],
      "op_income": [
        20,
        20
      ],
      "fcf": [
        20,
        20
      ]
    },
    "gaps": [],
    "warnings": [
      "gross_profit: no data"
    ]
  },
  "market_cap": null,
  "source": "SEC EDGAR",
  "last_updated": "2026-02-09T19:09:47.692740"
}