{
  "ticker": "ROK",
  "name": "Rockwell Automation, Inc",
  "quarters": [
    {
      "date": "2020-12-31T00:00:00",
      "quarter_label": "2020-12 (Q4)",
      "revenue": 1565300000,
      "gross_profit": 646500000,
      "operating_income": null,
      "net_income": 593300000,
      "opex": null,
      "cogs": 918800000,
      "rd": null,
      "sga": 374600000,
      "fcf": 319400000,
      "ocf": 346500000,
      "capex": -27100000,
      "gross_margin": 0.41301986839583466,
      "op_margin": null,
      "fcf_margin": 0.20405034178751677
    },
    {
      "date": "2021-03-31T00:00:00",
      "quarter_label": "2021-03 (Q1)",
      "revenue": 1776100000,
      "gross_profit": 767400000,
      "operating_income": null,
      "net_income": 415000000,
      "opex": null,
      "cogs": 1008700000,
      "rd": null,
      "sga": 421300000,
      "fcf": 223900000,
      "ocf": 248900000,
      "capex": -25000000,
      "gross_margin": 0.43207026631383366,
      "op_margin": null,
      "fcf_margin": 0.12606272169359833,
      "fcf_margin_change": -0.07798762009391844
    },
    {
      "date": "2021-06-30T00:00:00",
      "quarter_label": "2021-06 (Q2)",
      "revenue": 1848200000,
      "gross_profit": 764400000,
      "operating_income": null,
      "net_income": 271300000,
      "opex": null,
      "cogs": 1083800000,
      "rd": null,
      "sga": 436900000,
      "fcf": 437000000,
      "ocf": 461500000,
      "capex": -24500000,
      "gross_margin": 0.4135916026404069,
      "op_margin": null,
      "fcf_margin": 0.2364462720484796,
      "fcf_margin_change": 0.11038355035488126
    },
    {
      "date": "2021-09-30T00:00:00",
      "quarter_label": "2021-09 (Q3)",
      "revenue": 1807800000,
      "gross_profit": 719400000,
      "operating_income": null,
      "net_income": 78500000,
      "opex": null,
      "cogs": 1088400000,
      "rd": null,
      "sga": 447200000,
      "fcf": 160400000,
      "ocf": 204100000,
      "capex": -43700000,
      "gross_margin": 0.3979422502489213,
      "op_margin": null,
      "fcf_margin": 0.08872662905188627,
      "fcf_margin_change": -0.14771964299659332
    },
    {
      "date": "2021-12-31T00:00:00",
      "quarter_label": "2021-12 (Q4)",
      "revenue": 1857300000,
      "gross_profit": 749100000,
      "operating_income": null,
      "net_income": 241500000,
      "opex": null,
      "cogs": 1108200000,
      "rd": null,
      "sga": 447500000,
      "fcf": -49100000,
      "ocf": -12000000,
      "capex": -37100000,
      "gross_margin": 0.4033274107575513,
      "op_margin": null,
      "fcf_margin": -0.026436224627146933,
      "rev_growth_yoy": 0.18654571008752316,
      "fcf_margin_change": -0.1151628536790332
    },
    {
      "date": "2022-03-31T00:00:00",
      "quarter_label": "2022-03 (Q1)",
      "revenue": 1808100000,
      "gross_profit": 664100000,
      "operating_income": null,
      "net_income": 53900000,
      "opex": null,
      "cogs": 1144000000,
      "rd": null,
      "sga": 428500000,
      "fcf": 45900000,
      "ocf": 90800000,
      "capex": -44900000,
      "gross_margin": 0.3672916320999945,
      "op_margin": null,
      "fcf_margin": 0.02538576406172225,
      "rev_growth_yoy": 0.018017003547097572,
      "rev_growth_yoy_accel": -0.1685287065404256,
      "fcf_margin_change": 0.05182198868886918
    },
    {
      "date": "2022-06-30T00:00:00",
      "quarter_label": "2022-06 (Q2)",
      "revenue": 1968700000,
      "gross_profit": 802400000,
      "operating_income": null,
      "net_income": 297900000,
      "opex": null,
      "cogs": 1166300000,
      "rd": null,
      "sga": 442000000,
      "fcf": 326600000,
      "ocf": 344900000,
      "capex": -18300000,
      "gross_margin": 0.407578605170925,
      "op_margin": null,
      "fcf_margin": 0.16589627673083762,
      "rev_growth_yoy": 0.065198571583162,
      "rev_growth_yoy_accel": 0.04718156803606443,
      "fcf_margin_change": 0.14051051266911538
    },
    {
      "date": "2022-09-30T00:00:00",
      "quarter_label": "2022-09 (Q3)",
      "revenue": 2126300000,
      "gross_profit": 886400000,
      "operating_income": null,
      "net_income": 338900000,
      "opex": null,
      "cogs": 1239900000,
      "rd": null,
      "sga": 448700000,
      "fcf": 358600000,
      "ocf": 399400000,
      "capex": -40800000,
      "gross_margin": 0.4168743827305648,
      "op_margin": null,
      "fcf_margin": 0.16864976720124158,
      "rev_growth_yoy": 0.17618099347272928,
      "rev_growth_yoy_accel": 0.11098242188956728,
      "fcf_margin_change": 0.002753490470403963
    },
    {
      "date": "2022-12-31T00:00:00",
      "quarter_label": "2022-12 (Q4)",
      "revenue": 1981000000,
      "gross_profit": 813600000,
      "operating_income": null,
      "net_income": 384000000,
      "opex": null,
      "cogs": 1167400000,
      "rd": null,
      "sga": 469500000,
      "fcf": 42100000,
      "ocf": 66300000,
      "capex": -24200000,
      "gross_margin": 0.41070166582534073,
      "op_margin": null,
      "fcf_margin": 0.021251892983341746,
      "rev_growth_yoy": 0.0666020567490443,
      "rev_growth_yoy_accel": -0.10957893672368497,
      "fcf_margin_change": -0.14739787421789985
    },
    {
      "date": "2023-03-31T00:00:00",
      "quarter_label": "2023-03 (Q1)",
      "revenue": 2275400000,
      "gross_profit": 932500000,
      "operating_income": null,
      "net_income": 300300000,
      "opex": null,
      "cogs": 1342900000,
      "rd": null,
      "sga": 501200000,
      "fcf": 155600000,
      "ocf": 187100000,
      "capex": -31500000,
      "gross_margin": 0.409818053968533,
      "op_margin": null,
      "fcf_margin": 0.06838358090885119,
      "rev_growth_yoy": 0.2584480946850285,
      "rev_growth_yoy_accel": 0.1918460379359842,
      "fcf_margin_change": 0.04713168792550944
    },
    {
      "date": "2023-06-30T00:00:00",
      "quarter_label": "2023-06 (Q2)",
      "revenue": 2238700000,
      "gross_profit": 915400000,
      "operating_income": null,
      "net_income": 400200000,
      "opex": null,
      "cogs": 1323300000,
      "rd": null,
      "sga": 501400000,
      "fcf": 240100000,
      "ocf": 281700000,
      "capex": -41600000,
      "gross_margin": 0.40889802117300217,
      "op_margin": null,
      "fcf_margin": 0.10724974315450932,
      "rev_growth_yoy": 0.13714634022451364,
      "rev_growth_yoy_accel": -0.12130175446051486,
      "fcf_margin_change": 0.03886616224565813
    },
    {
      "date": "2023-09-30T00:00:00",
      "quarter_label": "2023-09 (Q3)",
      "revenue": 2562900000,
      "gross_profit": 1055500000,
      "operating_income": null,
      "net_income": 302900000,
      "opex": null,
      "cogs": 1507400000,
      "rd": null,
      "sga": 551600000,
      "fcf": 775700000,
      "ocf": 838900000,
      "capex": -63200000,
      "gross_margin": 0.4118381520933318,
      "op_margin": null,
      "fcf_margin": 0.302664949861485,
      "rev_growth_yoy": 0.2053332079198608,
      "rev_growth_yoy_accel": 0.06818686769534715,
      "fcf_margin_change": 0.1954152067069757
    },
    {
      "date": "2023-12-31T00:00:00",
      "quarter_label": "2023-12 (Q4)",
      "revenue": 2052100000,
      "gross_profit": 794600000,
      "operating_income": null,
      "net_income": 215200000,
      "opex": null,
      "cogs": 1257500000,
      "rd": null,
      "sga": 513700000,
      "fcf": -35000000,
      "ocf": 33000000,
      "capex": -68000000,
      "gross_margin": 0.3872130987768627,
      "op_margin": null,
      "fcf_margin": -0.017055699040007796,
      "rev_growth_yoy": 0.0358909641595154,
      "rev_growth_yoy_accel": -0.1694422437603454,
      "fcf_margin_change": -0.3197206489014928
    },
    {
      "date": "2024-03-31T00:00:00",
      "quarter_label": "2024-03 (Q1)",
      "revenue": 2126000000,
      "gross_profit": 833400000,
      "operating_income": null,
      "net_income": 266200000,
      "opex": null,
      "cogs": 1292600000,
      "rd": null,
      "sga": 501400000,
      "fcf": 69000000,
      "ocf": 120000000,
      "capex": -51000000,
      "gross_margin": 0.3920037629350894,
      "op_margin": null,
      "fcf_margin": 0.032455315145813735,
      "rev_growth_yoy": -0.06565878526852421,
      "rev_growth_yoy_accel": -0.10154974942803961,
      "fcf_margin_change": 0.04951101418582153
    },
    {
      "date": "2024-06-30T00:00:00",
      "quarter_label": "2024-06 (Q2)",
      "revenue": 2050600000,
      "gross_profit": 794800000,
      "operating_income": null,
      "net_income": 232000000,
      "opex": null,
      "cogs": 1255800000,
      "rd": null,
      "sga": 500600000,
      "fcf": 238000000,
      "ocf": 279000000,
      "capex": -41000000,
      "gross_margin": 0.38759387496342534,
      "op_margin": null,
      "fcf_margin": 0.1160635911440554,
      "rev_growth_yoy": -0.08402197704024657,
      "rev_growth_yoy_accel": -0.018363191771722354,
      "fcf_margin_change": 0.08360827599824167
    },
    {
      "date": "2024-09-30T00:00:00",
      "quarter_label": "2024-09 (Q3)",
      "revenue": 2035500000,
      "gross_profit": 770600000,
      "operating_income": null,
      "net_income": 239100000,
      "opex": null,
      "cogs": 1264900000,
      "rd": null,
      "sga": 486900000,
      "fcf": 432000000,
      "ocf": 432000000,
      "capex": null,
      "gross_margin": 0.3785802014247114,
      "op_margin": null,
      "fcf_margin": 0.21223286661753868,
      "rev_growth_yoy": -0.2057825119981271,
      "rev_growth_yoy_accel": -0.12176053495788054,
      "fcf_margin_change": 0.09616927547348328
    },
    {
      "date": "2024-12-31T00:00:00",
      "quarter_label": "2024-12 (Q4)",
      "revenue": 1881000000,
      "gross_profit": 722000000,
      "operating_income": null,
      "net_income": 184000000,
      "opex": null,
      "cogs": 1159000000,
      "rd": null,
      "sga": 476000000,
      "fcf": 293000000,
      "ocf": 364000000,
      "capex": -71000000,
      "gross_margin": 0.3838383838383838,
      "op_margin": null,
      "fcf_margin": 0.15576820839978733,
      "rev_growth_yoy": -0.08337800302129526,
      "rev_growth_yoy_accel": 0.12240450897683185,
      "fcf_margin_change": -0.056464658217751346
    },
    {
      "date": "2025-03-31T00:00:00",
      "quarter_label": "2025-03 (Q1)",
      "revenue": 2001000000,
      "gross_profit": 810000000,
      "operating_income": null,
      "net_income": 252000000,
      "opex": null,
      "cogs": 1191000000,
      "rd": null,
      "sga": 469000000,
      "fcf": 171000000,
      "ocf": 199000000,
      "capex": -28000000,
      "gross_margin": 0.4047976011994003,
      "op_margin": null,
      "fcf_margin": 0.08545727136431784,
      "rev_growth_yoy": -0.05879586077140169,
      "rev_growth_yoy_accel": 0.024582142249893572,
      "fcf_margin_change": -0.07031093703546949
    },
    {
      "date": "2025-06-30T00:00:00",
      "quarter_label": "2025-06 (Q2)",
      "revenue": 2144000000,
      "gross_profit": 876000000,
      "operating_income": null,
      "net_income": 295000000,
      "opex": null,
      "cogs": 1268000000,
      "rd": null,
      "sga": 498000000,
      "fcf": 489000000,
      "ocf": 527000000,
      "capex": -38000000,
      "gross_margin": 0.4085820895522388,
      "op_margin": null,
      "fcf_margin": 0.22807835820895522,
      "rev_growth_yoy": 0.04554764459182678,
      "rev_growth_yoy_accel": 0.10434350536322848,
      "fcf_margin_change": 0.14262108684463737
    },
    {
      "date": "2025-09-30T00:00:00",
      "quarter_label": "2025-09 (Q3)",
      "revenue": 2316000000,
      "gross_profit": 1608000000,
      "operating_income": null,
      "net_income": 138000000,
      "opex": null,
      "cogs": 708000000,
      "rd": null,
      "sga": 471000000,
      "fcf": 454000000,
      "ocf": 454000000,
      "capex": null,
      "gross_margin": 0.694300518134715,
      "op_margin": null,
      "fcf_margin": 0.19602763385146804,
      "rev_growth_yoy": 0.13780397936624908,
      "rev_growth_yoy_accel": 0.0922563347744223,
      "fcf_margin_change": -0.03205072435748718
    }
  ],
  "signals": [
    {
      "quarter": "2025-09 (Q3)",
      "signal": "YoY REVENUE GROWTH ACCELERATION",
      "detail": "YoY growth: +13.8% vs prior quarter YoY: +4.6% (accel: +9.2%)",
      "severity": "MEDIUM"
    },
    {
      "quarter": "2025-06 (Q2)",
      "signal": "FCF MARGIN EXPANSION",
      "detail": "FCF margin: +8.5% -> +22.8% (+14.3%)",
      "severity": "MEDIUM"
    },
    {
      "quarter": "2025-06 (Q2)",
      "signal": "YoY REVENUE GROWTH ACCELERATION",
      "detail": "YoY growth: +4.6% vs prior quarter YoY: -5.9% (accel: +10.4%)",
      "severity": "MEDIUM"
    },
    {
      "quarter": "2024-12 (Q4)",
      "signal": "YoY REVENUE GROWTH ACCELERATION",
      "detail": "YoY growth: -8.3% vs prior quarter YoY: -20.6% (accel: +12.2%)",
      "severity": "MEDIUM"
    },
    {
      "quarter": "2024-09 (Q3)",
      "signal": "FCF MARGIN EXPANSION",
      "detail": "FCF margin: +11.6% -> +21.2% (+9.6%)",
      "severity": "MEDIUM"
    },
    {
      "quarter": "2024-09 (Q3)",
      "signal": "YoY REVENUE GROWTH DECELERATION",
      "detail": "YoY growth: -20.6% vs prior quarter YoY: -8.4% (decel: -12.2%)",
      "severity": "WARNING"
    },
    {
      "quarter": "2024-06 (Q2)",
      "signal": "FCF MARGIN EXPANSION",
      "detail": "FCF margin: +3.2% -> +11.6% (+8.4%)",
      "severity": "MEDIUM"
    },
    {
      "quarter": "2024-03 (Q1)",
      "signal": "FCF TURNED POSITIVE",
      "detail": "FCF margin: -1.7% -> +3.2%",
      "severity": "HIGH"
    },
    {
      "quarter": "2024-03 (Q1)",
      "signal": "YoY REVENUE GROWTH DECELERATION",
      "detail": "YoY growth: -6.6% vs prior quarter YoY: +3.6% (decel: -10.2%)",
      "severity": "WARNING"
    },
    {
      "quarter": "2023-12 (Q4)",
      "signal": "YoY REVENUE GROWTH DECELERATION",
      "detail": "YoY growth: +3.6% vs prior quarter YoY: +20.5% (decel: -16.9%)",
      "severity": "WARNING"
    },
    {
      "quarter": "2023-09 (Q3)",
      "signal": "FCF MARGIN EXPANSION",
      "detail": "FCF margin: +10.7% -> +30.3% (+19.5%)",
      "severity": "MEDIUM"
    },
    {
      "quarter": "2023-09 (Q3)",
      "signal": "YoY REVENUE GROWTH ACCELERATION",
      "detail": "YoY growth: +20.5% vs prior quarter YoY: +13.7% (accel: +6.8%)",
      "severity": "MEDIUM"
    },
    {
      "quarter": "2023-06 (Q2)",
      "signal": "YoY REVENUE GROWTH DECELERATION",
      "detail": "YoY growth: +13.7% vs prior quarter YoY: +25.8% (decel: -12.1%)",
      "severity": "WARNING"
    },
    {
      "quarter": "2023-03 (Q1)",
      "signal": "YoY REVENUE GROWTH ACCELERATION",
      "detail": "YoY growth: +25.8% vs prior quarter YoY: +6.7% (accel: +19.2%)",
      "severity": "HIGH"
    },
    {
      "quarter": "2022-12 (Q4)",
      "signal": "YoY REVENUE GROWTH DECELERATION",
      "detail": "YoY growth: +6.7% vs prior quarter YoY: +17.6% (decel: -11.0%)",
      "severity": "WARNING"
    },
    {
      "quarter": "2022-09 (Q3)",
      "signal": "YoY REVENUE GROWTH ACCELERATION",
      "detail": "YoY growth: +17.6% vs prior quarter YoY: +6.5% (accel: +11.1%)",
      "severity": "MEDIUM"
    },
    {
      "quarter": "2022-06 (Q2)",
      "signal": "FCF MARGIN EXPANSION",
      "detail": "FCF margin: +2.5% -> +16.6% (+14.1%)",
      "severity": "MEDIUM"
    },
    {
      "quarter": "2022-06 (Q2)",
      "signal": "GROSS MARGIN INFLECTION",
      "detail": "GM: +40.3% -> +36.7% -> +40.8% (reversal +4.0%)",
      "severity": "MEDIUM"
    },
    {
      "quarter": "2022-03 (Q1)",
      "signal": "FCF TURNED POSITIVE",
      "detail": "FCF margin: -2.6% -> +2.5%",
      "severity": "HIGH"
    },
    {
      "quarter": "2022-03 (Q1)",
      "signal": "YoY REVENUE GROWTH DECELERATION",
      "detail": "YoY growth: +1.8% vs prior quarter YoY: +18.7% (decel: -16.9%)",
      "severity": "WARNING"
    },
    {
      "quarter": "2021-06 (Q2)",
      "signal": "FCF MARGIN EXPANSION",
      "detail": "FCF margin: +12.6% -> +23.6% (+11.0%)",
      "severity": "MEDIUM"
    }
  ],
  "data_quality": {
    "n_quarters": 20,
    "coverage": {
      "revenue": [
        20,
        20
      ],
      "gross_profit": [
        20,
        20
      ],
      "op_income": [
        0,
        20
      ],
      "fcf": [
        20,
        20
      ]
    },
    "gaps": [],
    "warnings": [
      "op_income: no data"
    ]
  },
  "market_cap": null,
  "source": "SEC EDGAR",
  "last_updated": "2026-02-02T20:00:43.786569"
}