{
  "ticker": "ROL",
  "name": "ROLLINS, INC.",
  "sector": "Consumer Cyclical",
  "industry": "Personal Services",
  "quarters": [
    {
      "date": "2021-03-31T00:00:00",
      "quarter_label": "2021-03 (Q1)",
      "revenue": 535554000,
      "gross_profit": 274002000,
      "operating_income": 88198000,
      "net_income": 92643000,
      "opex": 447356000,
      "cogs": 261552000,
      "rd": null,
      "sga": 162208000,
      "fcf": 111660000,
      "ocf": 119486000,
      "capex": -7826000,
      "gross_margin": 0.5116234777445412,
      "op_margin": 0.16468554058040832,
      "fcf_margin": 0.20849438151895047
    },
    {
      "date": "2021-06-30T00:00:00",
      "quarter_label": "2021-06 (Q2)",
      "revenue": 638204000,
      "gross_profit": 340342000,
      "operating_income": 133554000,
      "net_income": 98854000,
      "opex": 504650000,
      "cogs": 297862000,
      "rd": null,
      "sga": 183482000,
      "fcf": 94316000,
      "ocf": 99719000,
      "capex": -5403000,
      "gross_margin": 0.5332808945102193,
      "op_margin": 0.20926537596129138,
      "fcf_margin": 0.1477834673552657,
      "op_leverage_ratio": 1.4965795591060338,
      "fcf_margin_change": -0.060710914163684765
    },
    {
      "date": "2021-09-30T00:00:00",
      "quarter_label": "2021-09 (Q3)",
      "revenue": 650199000,
      "gross_profit": 344725000,
      "operating_income": 126847000,
      "net_income": 93853000,
      "opex": 523352000,
      "cogs": 305474000,
      "rd": null,
      "sga": 194261000,
      "fcf": 72904000,
      "ocf": 79706000,
      "capex": -6802000,
      "gross_margin": 0.530183836025586,
      "op_margin": 0.19508950336743058,
      "fcf_margin": 0.11212567229417456,
      "op_leverage_ratio": 0.5071576203263988,
      "fcf_margin_change": -0.03565779506109115
    },
    {
      "date": "2021-12-31T00:00:00",
      "quarter_label": "2021-12 (Q4)",
      "revenue": 600343000,
      "gross_profit": 302614000,
      "operating_income": 91390000,
      "net_income": 65337000,
      "opex": 508953000,
      "cogs": 297729000,
      "rd": null,
      "sga": 187538000,
      "fcf": 95731000,
      "ocf": 102894000,
      "capex": -7163000,
      "gross_margin": 0.5040685075032106,
      "op_margin": 0.15222964205462544,
      "fcf_margin": 0.15946050840935933,
      "fcf_margin_change": 0.04733483611518477
    },
    {
      "date": "2022-03-31T00:00:00",
      "quarter_label": "2022-03 (Q1)",
      "revenue": 590680000,
      "gross_profit": 295302000,
      "operating_income": 91670000,
      "net_income": 72445000,
      "opex": 499010000,
      "cogs": 295378000,
      "rd": null,
      "sga": 178785000,
      "fcf": 79537000,
      "ocf": 87532000,
      "capex": -7995000,
      "gross_margin": 0.49993566736642514,
      "op_margin": 0.15519401367914945,
      "fcf_margin": 0.1346532809643123,
      "incr_op_margin_yoy": 0.0629829844356565,
      "rev_growth_yoy": 0.1029326641197713,
      "fcf_margin_change": -0.024807227445047014
    },
    {
      "date": "2022-06-30T00:00:00",
      "quarter_label": "2022-06 (Q2)",
      "revenue": 714049000,
      "gross_profit": 377269000,
      "operating_income": 132957000,
      "net_income": 100299000,
      "opex": 581092000,
      "cogs": 336780000,
      "rd": null,
      "sga": 219987000,
      "fcf": 119399000,
      "ocf": 127285000,
      "capex": -7886000,
      "gross_margin": 0.5283516957519722,
      "op_margin": 0.18620150717947928,
      "fcf_margin": 0.1672140147244797,
      "incr_op_margin_yoy": -0.007871316500758126,
      "rev_growth_yoy": 0.11884131092879392,
      "rev_growth_yoy_accel": 0.015908646809022625,
      "op_leverage_ratio": 1.2697408655541655,
      "fcf_margin_change": 0.03256073376016738
    },
    {
      "date": "2022-09-30T00:00:00",
      "quarter_label": "2022-09 (Q3)",
      "revenue": 729704000,
      "gross_profit": 381546000,
      "operating_income": 143683000,
      "net_income": 107622000,
      "opex": 586021000,
      "cogs": 348158000,
      "rd": null,
      "sga": 213581000,
      "fcf": 120680000,
      "ocf": 127720000,
      "capex": -7040000,
      "gross_margin": 0.5228777696161732,
      "op_margin": 0.1969058686809994,
      "fcf_margin": 0.16538212754760834,
      "incr_op_margin_yoy": 0.21176026664989622,
      "rev_growth_yoy": 0.12227794875107467,
      "rev_growth_yoy_accel": 0.0034366378222807498,
      "op_leverage_ratio": 2.5847059048702077,
      "fcf_margin_change": -0.0018318871768713552
    },
    {
      "date": "2022-12-31T00:00:00",
      "quarter_label": "2022-12 (Q4)",
      "revenue": 661390000,
      "gross_profit": 333307000,
      "operating_income": 125078000,
      "net_income": 88233000,
      "opex": 536312000,
      "cogs": 328083000,
      "rd": null,
      "sga": 190357000,
      "fcf": 115686000,
      "ocf": 123393000,
      "capex": -7707000,
      "gross_margin": 0.5039492583800783,
      "op_margin": 0.18911383601203527,
      "fcf_margin": 0.17491343987662347,
      "incr_op_margin_yoy": 0.5518371091126509,
      "rev_growth_yoy": 0.10168686900655126,
      "rev_growth_yoy_accel": -0.020591079744523413,
      "fcf_margin_change": 0.009531312329015135
    },
    {
      "date": "2023-03-31T00:00:00",
      "quarter_label": "2023-03 (Q1)",
      "revenue": 658015000,
      "gross_profit": 331173000,
      "operating_income": 112240000,
      "net_income": 88234000,
      "opex": 545775000,
      "cogs": 326842000,
      "rd": null,
      "sga": 196431000,
      "fcf": 93137000,
      "ocf": 100773000,
      "capex": -7636000,
      "gross_margin": 0.5032909584128021,
      "op_margin": 0.17057361914242078,
      "fcf_margin": 0.14154236605548506,
      "incr_op_margin_yoy": 0.305487487933467,
      "rev_growth_yoy": 0.11399573373061556,
      "rev_growth_yoy_accel": 0.012308864724064297,
      "fcf_margin_change": -0.03337107382113841
    },
    {
      "date": "2023-06-30T00:00:00",
      "quarter_label": "2023-06 (Q2)",
      "revenue": 820750000,
      "gross_profit": 436559000,
      "operating_income": 154789000,
      "net_income": 110143000,
      "opex": 665961000,
      "cogs": 384191000,
      "rd": null,
      "sga": 255331000,
      "fcf": 140638000,
      "ocf": 147413000,
      "capex": -6775000,
      "gross_margin": 0.5319025281754493,
      "op_margin": 0.18859457812975935,
      "fcf_margin": 0.1713530307645446,
      "incr_op_margin_yoy": 0.2046091414326014,
      "rev_growth_yoy": 0.1494309214073544,
      "rev_growth_yoy_accel": 0.03543518767673884,
      "op_leverage_ratio": 1.1230650998357392,
      "fcf_margin_change": 0.029810664709059548
    },
    {
      "date": "2023-09-30T00:00:00",
      "quarter_label": "2023-09 (Q3)",
      "revenue": 840427000,
      "gross_profit": 451894000,
      "operating_income": 177124000,
      "net_income": 127777000,
      "opex": 663303000,
      "cogs": 388533000,
      "rd": null,
      "sga": 244906000,
      "fcf": 120487000,
      "ocf": 127355000,
      "capex": -6868000,
      "gross_margin": 0.5376957189619086,
      "op_margin": 0.2107547710866024,
      "fcf_margin": 0.1433640280476472,
      "incr_op_margin_yoy": 0.3020239697262538,
      "rev_growth_yoy": 0.15173686864810937,
      "rev_growth_yoy_accel": 0.002305947240754974,
      "op_leverage_ratio": null,
      "fcf_margin_change": -0.027989002716897415
    },
    {
      "date": "2023-12-31T00:00:00",
      "quarter_label": "2023-12 (Q4)",
      "revenue": 754086000,
      "gross_profit": 383781000,
      "operating_income": 139073000,
      "net_income": 108803000,
      "opex": 615013000,
      "cogs": 370305000,
      "rd": null,
      "sga": 218565000,
      "fcf": 141639000,
      "ocf": 152825000,
      "capex": -11186000,
      "gross_margin": 0.5089353203745992,
      "op_margin": 0.1844259142856385,
      "fcf_margin": 0.18782870919232023,
      "incr_op_margin_yoy": 0.15097738845257616,
      "rev_growth_yoy": 0.14015331347616383,
      "rev_growth_yoy_accel": -0.011583555171945537,
      "fcf_margin_change": 0.04446468114467303
    },
    {
      "date": "2024-03-31T00:00:00",
      "quarter_label": "2024-03 (Q1)",
      "revenue": 748349000,
      "gross_profit": 382791000,
      "operating_income": 132424000,
      "net_income": 94394000,
      "opex": 615925000,
      "cogs": 365558000,
      "rd": null,
      "sga": 223057000,
      "fcf": 120262000,
      "ocf": 127433000,
      "capex": -7171000,
      "gross_margin": 0.5115140128469471,
      "op_margin": 0.17695486998713167,
      "fcf_margin": 0.16070309441183192,
      "incr_op_margin_yoy": 0.22343746540615936,
      "rev_growth_yoy": 0.13728258474350888,
      "rev_growth_yoy_accel": -0.0028707287326549535,
      "fcf_margin_change": -0.027125614780488305
    },
    {
      "date": "2024-06-30T00:00:00",
      "quarter_label": "2024-06 (Q2)",
      "revenue": 891920000,
      "gross_profit": 481635000,
      "operating_income": 182377000,
      "net_income": 129397000,
      "opex": 709543000,
      "cogs": 410285000,
      "rd": null,
      "sga": 271547000,
      "fcf": 136419000,
      "ocf": 145115000,
      "capex": -8696000,
      "gross_margin": 0.5399979818817832,
      "op_margin": 0.2044768589111131,
      "fcf_margin": 0.1529498161270069,
      "incr_op_margin_yoy": 0.3876352395672334,
      "rev_growth_yoy": 0.08671337191593055,
      "rev_growth_yoy_accel": -0.05056921282757833,
      "op_leverage_ratio": 1.262208254407032,
      "fcf_margin_change": -0.007753278284825027
    },
    {
      "date": "2024-09-30T00:00:00",
      "quarter_label": "2024-09 (Q3)",
      "revenue": 916270000,
      "gross_profit": 494378000,
      "operating_income": 191796000,
      "net_income": 136913000,
      "opex": 724474000,
      "cogs": 421892000,
      "rd": null,
      "sga": 274918000,
      "fcf": 139425000,
      "ocf": 146947000,
      "capex": -7522000,
      "gross_margin": 0.5395549346808255,
      "op_margin": 0.20932257958898579,
      "fcf_margin": 0.15216584631167668,
      "incr_op_margin_yoy": 0.19345226322798412,
      "rev_growth_yoy": 0.09024341197986262,
      "rev_growth_yoy_accel": 0.003530040063932066,
      "op_leverage_ratio": 1.2973671211248006,
      "fcf_margin_change": -0.0007839698153302155
    },
    {
      "date": "2024-12-31T00:00:00",
      "quarter_label": "2024-12 (Q4)",
      "revenue": 832169000,
      "gross_profit": 426707000,
      "operating_income": 150627000,
      "net_income": 105675000,
      "opex": 681542000,
      "cogs": 405462000,
      "rd": null,
      "sga": 245545000,
      "fcf": 183975000,
      "ocf": 188158000,
      "capex": -4183000,
      "gross_margin": 0.5127648350275005,
      "op_margin": 0.18100530060600672,
      "fcf_margin": 0.22107889142710194,
      "incr_op_margin_yoy": 0.14797074907470256,
      "rev_growth_yoy": 0.10354654508902168,
      "rev_growth_yoy_accel": 0.013303133109159065,
      "fcf_margin_change": 0.06891304511542526
    },
    {
      "date": "2025-03-31T00:00:00",
      "quarter_label": "2025-03 (Q1)",
      "revenue": 822504000,
      "gross_profit": 422370000,
      "operating_income": 142648000,
      "net_income": 105248000,
      "opex": 679856000,
      "cogs": 400134000,
      "rd": null,
      "sga": 250513000,
      "fcf": 140111000,
      "ocf": 146892000,
      "capex": -6781000,
      "gross_margin": 0.5135172594905314,
      "op_margin": 0.17343137540972445,
      "fcf_margin": 0.17034689193000885,
      "incr_op_margin_yoy": 0.13787337333962646,
      "rev_growth_yoy": 0.09909146668198929,
      "rev_growth_yoy_accel": -0.004455078407032395,
      "fcf_margin_change": -0.05073199949709309
    },
    {
      "date": "2025-06-30T00:00:00",
      "quarter_label": "2025-06 (Q2)",
      "revenue": 999527000,
      "gross_profit": 537666000,
      "operating_income": 198333000,
      "net_income": 141489000,
      "opex": 801194000,
      "cogs": 461861000,
      "rd": null,
      "sga": 307596000,
      "fcf": 168046000,
      "ocf": 175122000,
      "capex": -7076000,
      "gross_margin": 0.5379204363664013,
      "op_margin": 0.19842685590284204,
      "fcf_margin": 0.1681255233725552,
      "incr_op_margin_yoy": 0.14828031633629782,
      "rev_growth_yoy": 0.12064647053547403,
      "rev_growth_yoy_accel": 0.021555003853484744,
      "op_leverage_ratio": 1.2059013469057043,
      "fcf_margin_change": -0.00222136855745364
    },
    {
      "date": "2025-09-30T00:00:00",
      "quarter_label": "2025-09 (Q3)",
      "revenue": 1026106000,
      "gross_profit": 558656000,
      "operating_income": 225021000,
      "net_income": 163527000,
      "opex": 801085000,
      "cogs": 467450000,
      "rd": null,
      "sga": 301404000,
      "fcf": 182846000,
      "ocf": 191349000,
      "capex": -8503000,
      "gross_margin": 0.5444427768671073,
      "op_margin": 0.21929605713249897,
      "fcf_margin": 0.1781940657203057,
      "incr_op_margin_yoy": 0.3024964492516115,
      "rev_growth_yoy": 0.1198729632095343,
      "rev_growth_yoy_accel": -0.0007735073259397263,
      "op_leverage_ratio": null,
      "fcf_margin_change": 0.010068542347750481
    },
    {
      "date": "2025-12-31T00:00:00",
      "quarter_label": "2025-12 (Q4)",
      "revenue": 912913000,
      "gross_profit": 465352000,
      "operating_income": 160066000,
      "net_income": 116441000,
      "opex": 752847000,
      "cogs": 447561000,
      "rd": null,
      "sga": 273719000,
      "fcf": 159018000,
      "ocf": 164744000,
      "capex": -5726000,
      "gross_margin": 0.5097440829520448,
      "op_margin": 0.17533543722129052,
      "fcf_margin": 0.17418746364659063,
      "incr_op_margin_yoy": 0.11690032695927871,
      "rev_growth_yoy": 0.09702836803581964,
      "rev_growth_yoy_accel": -0.022844595173714663,
      "fcf_margin_change": -0.00400660207371506
    }
  ],
  "signals": [
    {
      "quarter": "2024-12 (Q4)",
      "signal": "FCF MARGIN EXPANSION",
      "detail": "FCF margin: +15.2% -> +22.1% (+6.9%)",
      "severity": "MEDIUM"
    },
    {
      "quarter": "2024-06 (Q2)",
      "signal": "YoY REVENUE GROWTH DECELERATION",
      "detail": "YoY growth: +8.7% vs prior quarter YoY: +13.7% (decel: -5.1%)",
      "severity": "WARNING"
    },
    {
      "quarter": "2024-06 (Q2)",
      "signal": "INCREMENTAL MARGIN (YoY)",
      "detail": "YoY Incr OPM: +38.8% vs year-ago OPM: +18.9%",
      "severity": "MEDIUM"
    },
    {
      "quarter": "2023-09 (Q3)",
      "signal": "INCREMENTAL MARGIN (YoY)",
      "detail": "YoY Incr OPM: +30.2% vs year-ago OPM: +19.7%",
      "severity": "MEDIUM"
    },
    {
      "quarter": "2023-06 (Q2)",
      "signal": "GROSS MARGIN INFLECTION",
      "detail": "GM: +50.4% -> +50.3% -> +53.2% (reversal +2.9%)",
      "severity": "MEDIUM"
    },
    {
      "quarter": "2023-03 (Q1)",
      "signal": "INCREMENTAL MARGIN (YoY)",
      "detail": "YoY Incr OPM: +30.5% vs year-ago OPM: +15.5%",
      "severity": "MEDIUM"
    },
    {
      "quarter": "2022-12 (Q4)",
      "signal": "INCREMENTAL MARGIN (YoY)",
      "detail": "YoY Incr OPM: +55.2% vs year-ago OPM: +15.2%",
      "severity": "HIGH"
    },
    {
      "quarter": "2022-09 (Q3)",
      "signal": "OPERATING LEVERAGE",
      "detail": "Rev growth +2.2% vs OpEx growth +0.8% (leverage: 2.6x)",
      "severity": "MEDIUM"
    },
    {
      "quarter": "2022-06 (Q2)",
      "signal": "GROSS MARGIN INFLECTION",
      "detail": "GM: +50.4% -> +50.0% -> +52.8% (reversal +2.8%)",
      "severity": "MEDIUM"
    }
  ],
  "data_quality": {
    "n_quarters": 20,
    "coverage": {
      "revenue": [
        20,
        20
      ],
      "gross_profit": [
        20,
        20
      ],
      "op_income": [
        20,
        20
      ],
      "fcf": [
        20,
        20
      ]
    },
    "gaps": [],
    "warnings": []
  },
  "market_cap": null,
  "source": "SEC EDGAR",
  "last_updated": "2026-02-24T10:49:03.845359"
}