{
  "ticker": "ROLR",
  "name": "HIGH ROLLER TECHNOLOGIES, INC.",
  "quarters": [
    {
      "date": "2023-09-30T00:00:00",
      "quarter_label": "2023-09 (Q3)",
      "revenue": 7569000,
      "gross_profit": null,
      "operating_income": -185000,
      "net_income": -208000,
      "opex": 7754000,
      "cogs": null,
      "rd": null,
      "sga": null,
      "fcf": null,
      "ocf": null,
      "capex": null,
      "gross_margin": null,
      "op_margin": -0.024441802087462015,
      "fcf_margin": null
    },
    {
      "date": "2023-12-31T00:00:00",
      "quarter_label": "2023-12 (Q4)",
      "revenue": 7191000,
      "gross_profit": null,
      "operating_income": -1734000,
      "net_income": -1722000,
      "opex": 8925000,
      "cogs": null,
      "rd": null,
      "sga": null,
      "fcf": 21000,
      "ocf": 183000,
      "capex": -162000,
      "gross_margin": null,
      "op_margin": -0.24113475177304963,
      "fcf_margin": 0.002920317062995411
    },
    {
      "date": "2024-03-31T00:00:00",
      "quarter_label": "2024-03 (Q1)",
      "revenue": 6507000,
      "gross_profit": null,
      "operating_income": -1825000,
      "net_income": -1849000,
      "opex": 8332000,
      "cogs": null,
      "rd": null,
      "sga": null,
      "fcf": -332000,
      "ocf": -260000,
      "capex": -72000,
      "gross_margin": null,
      "op_margin": -0.28046718918088215,
      "fcf_margin": -0.051021976333179654,
      "fcf_margin_change": -0.05394229339617507
    },
    {
      "date": "2024-06-30T00:00:00",
      "quarter_label": "2024-06 (Q2)",
      "revenue": 5803000,
      "gross_profit": null,
      "operating_income": -1480000,
      "net_income": -1504000,
      "opex": 7283000,
      "cogs": null,
      "rd": null,
      "sga": null,
      "fcf": -896000,
      "ocf": -870000,
      "capex": -26000,
      "gross_margin": null,
      "op_margin": -0.2550404962950198,
      "fcf_margin": -0.15440289505428226,
      "fcf_margin_change": -0.10338091872110261
    },
    {
      "date": "2024-09-30T00:00:00",
      "quarter_label": "2024-09 (Q3)",
      "revenue": 7516000,
      "gross_profit": null,
      "operating_income": -474000,
      "net_income": -501000,
      "opex": 7990000,
      "cogs": null,
      "rd": null,
      "sga": null,
      "fcf": -302000,
      "ocf": -225000,
      "capex": -77000,
      "gross_margin": null,
      "op_margin": -0.06306546035125067,
      "fcf_margin": -0.04018094731240021,
      "rev_growth_yoy": -0.007002246003435064,
      "op_leverage_ratio": 3.040854837557806,
      "fcf_margin_change": 0.11422194774188205
    },
    {
      "date": "2024-12-31T00:00:00",
      "quarter_label": "2024-12 (Q4)",
      "revenue": 8056000,
      "gross_profit": null,
      "operating_income": -2013000,
      "net_income": -2069000,
      "opex": 10069000,
      "cogs": null,
      "rd": null,
      "sga": null,
      "fcf": -2563000,
      "ocf": -2551000,
      "capex": -12000,
      "gross_margin": null,
      "op_margin": -0.24987586891757696,
      "fcf_margin": -0.31814796425024827,
      "rev_growth_yoy": 0.12028925045195384,
      "rev_growth_yoy_accel": 0.1272914964553889,
      "op_leverage_ratio": 0.2761208987925326,
      "fcf_margin_change": -0.2779670169378481
    },
    {
      "date": "2025-03-31T00:00:00",
      "quarter_label": "2025-03 (Q1)",
      "revenue": 6771000,
      "gross_profit": null,
      "operating_income": -3212000,
      "net_income": -3276000,
      "opex": 9983000,
      "cogs": null,
      "rd": null,
      "sga": null,
      "fcf": -3621000,
      "ocf": -3608000,
      "capex": -13000,
      "gross_margin": null,
      "op_margin": -0.4743760153596219,
      "fcf_margin": -0.534780682321666,
      "rev_growth_yoy": 0.04057169202397418,
      "rev_growth_yoy_accel": -0.07971755842797965,
      "fcf_margin_change": -0.2166327180714177
    },
    {
      "date": "2025-06-30T00:00:00",
      "quarter_label": "2025-06 (Q2)",
      "revenue": 6936000,
      "gross_profit": null,
      "operating_income": -502000,
      "net_income": -592000,
      "opex": 7438000,
      "cogs": null,
      "rd": null,
      "sga": null,
      "fcf": -845000,
      "ocf": -840000,
      "capex": -5000,
      "gross_margin": null,
      "op_margin": -0.0723760092272203,
      "fcf_margin": -0.12182814302191465,
      "incr_op_margin_yoy": 0.8631950573698146,
      "rev_growth_yoy": 0.1952438393934172,
      "rev_growth_yoy_accel": 0.154672147369443,
      "op_leverage_ratio": Infinity,
      "fcf_margin_change": 0.41295253929975134
    },
    {
      "date": "2025-09-30T00:00:00",
      "quarter_label": "2025-09 (Q3)",
      "revenue": 6281000,
      "gross_profit": null,
      "operating_income": 80000,
      "net_income": 3667000,
      "opex": 6201000,
      "cogs": null,
      "rd": null,
      "sga": null,
      "fcf": -90000,
      "ocf": -78000,
      "capex": -12000,
      "gross_margin": null,
      "op_margin": 0.012736825346282439,
      "fcf_margin": -0.014328928514567744,
      "incr_op_margin_yoy": -0.448582995951417,
      "rev_growth_yoy": -0.16431612559872272,
      "rev_growth_yoy_accel": -0.35955996499213994,
      "fcf_margin_change": 0.10749921450734691
    }
  ],
  "signals": [
    {
      "quarter": "2025-09 (Q3)",
      "signal": "FCF MARGIN EXPANSION",
      "detail": "FCF margin: -12.2% -> -1.4% (+10.7%)",
      "severity": "MEDIUM"
    },
    {
      "quarter": "2025-09 (Q3)",
      "signal": "YoY REVENUE GROWTH DECELERATION",
      "detail": "YoY growth: -16.4% vs prior quarter YoY: +19.5% (decel: -36.0%)",
      "severity": "WARNING"
    },
    {
      "quarter": "2025-09 (Q3)",
      "signal": "OP MARGIN TURNED POSITIVE (YoY)",
      "detail": "Op margin: -6.3% (year-ago) -> +1.3%",
      "severity": "HIGH"
    },
    {
      "quarter": "2025-09 (Q3)",
      "signal": "OP MARGIN TURNED POSITIVE (QoQ)",
      "detail": "Op margin: -7.2% -> +1.3%",
      "severity": "HIGH"
    },
    {
      "quarter": "2025-06 (Q2)",
      "signal": "FCF MARGIN EXPANSION",
      "detail": "FCF margin: -53.5% -> -12.2% (+41.3%)",
      "severity": "MEDIUM"
    },
    {
      "quarter": "2025-06 (Q2)",
      "signal": "YoY REVENUE GROWTH ACCELERATION",
      "detail": "YoY growth: +19.5% vs prior quarter YoY: +4.1% (accel: +15.5%)",
      "severity": "HIGH"
    },
    {
      "quarter": "2025-03 (Q1)",
      "signal": "YoY REVENUE GROWTH DECELERATION",
      "detail": "YoY growth: +4.1% vs prior quarter YoY: +12.0% (decel: -8.0%)",
      "severity": "WARNING"
    },
    {
      "quarter": "2024-12 (Q4)",
      "signal": "YoY REVENUE GROWTH ACCELERATION",
      "detail": "YoY growth: +12.0% vs prior quarter YoY: -0.7% (accel: +12.7%)",
      "severity": "MEDIUM"
    },
    {
      "quarter": "2024-09 (Q3)",
      "signal": "FCF MARGIN EXPANSION",
      "detail": "FCF margin: -15.4% -> -4.0% (+11.4%)",
      "severity": "MEDIUM"
    },
    {
      "quarter": "2024-09 (Q3)",
      "signal": "OPERATING LEVERAGE",
      "detail": "Rev growth +29.5% vs OpEx growth +9.7% (leverage: 3.0x)",
      "severity": "MEDIUM"
    }
  ],
  "data_quality": {
    "n_quarters": 9,
    "coverage": {
      "revenue": [
        9,
        9
      ],
      "gross_profit": [
        0,
        9
      ],
      "op_income": [
        9,
        9
      ],
      "fcf": [
        8,
        9
      ]
    },
    "gaps": [],
    "warnings": [
      "gross_profit: no data"
    ]
  },
  "market_cap": null,
  "source": "SEC EDGAR",
  "last_updated": "2026-02-02T23:29:15.675175"
}