{
  "ticker": "ROOT",
  "name": "ROOT, INC.",
  "quarters": [
    {
      "date": "2020-12-31T00:00:00",
      "quarter_label": "2020-12 (Q4)",
      "revenue": 50900000,
      "gross_profit": null,
      "operating_income": -88500000,
      "net_income": -133300000,
      "opex": 139400000,
      "cogs": null,
      "rd": null,
      "sga": null,
      "fcf": -192500000,
      "ocf": -192400000,
      "capex": -100000,
      "gross_margin": null,
      "op_margin": -1.738703339882122,
      "fcf_margin": -3.781925343811395
    },
    {
      "date": "2021-03-31T00:00:00",
      "quarter_label": "2021-03 (Q1)",
      "revenue": 68600000,
      "gross_profit": null,
      "operating_income": -94300000,
      "net_income": -99600000,
      "opex": 162900000,
      "cogs": null,
      "rd": null,
      "sga": null,
      "fcf": -91300000,
      "ocf": -90900000,
      "capex": -400000,
      "gross_margin": null,
      "op_margin": -1.3746355685131195,
      "fcf_margin": -1.3309037900874636,
      "op_leverage_ratio": 2.0627680474856835,
      "fcf_margin_change": 2.4510215537239315
    },
    {
      "date": "2021-06-30T00:00:00",
      "quarter_label": "2021-06 (Q2)",
      "revenue": 89800000,
      "gross_profit": null,
      "operating_income": -172100000,
      "net_income": -178600000,
      "opex": 261900000,
      "cogs": null,
      "rd": null,
      "sga": null,
      "fcf": -136700000,
      "ocf": -135600000,
      "capex": -1100000,
      "gross_margin": null,
      "op_margin": -1.9164810690423162,
      "fcf_margin": -1.522271714922049,
      "op_leverage_ratio": 0.5085078187119003,
      "fcf_margin_change": -0.19136792483458542
    },
    {
      "date": "2021-09-30T00:00:00",
      "quarter_label": "2021-09 (Q3)",
      "revenue": 93800000,
      "gross_profit": null,
      "operating_income": -126900000,
      "net_income": -133000000,
      "opex": 220700000,
      "cogs": null,
      "rd": null,
      "sga": null,
      "fcf": -138600000,
      "ocf": -137800000,
      "capex": -800000,
      "gross_margin": null,
      "op_margin": -1.3528784648187633,
      "fcf_margin": -1.4776119402985075,
      "op_leverage_ratio": Infinity,
      "fcf_margin_change": 0.04465977462354154
    },
    {
      "date": "2021-12-31T00:00:00",
      "quarter_label": "2021-12 (Q4)",
      "revenue": 93200000,
      "gross_profit": null,
      "operating_income": -91900000,
      "net_income": -109900000,
      "opex": 185100000,
      "cogs": null,
      "rd": null,
      "sga": null,
      "fcf": -41400000,
      "ocf": -39100000,
      "capex": -2300000,
      "gross_margin": null,
      "op_margin": -0.9860515021459227,
      "fcf_margin": -0.44420600858369097,
      "incr_op_margin_yoy": -0.08037825059101655,
      "rev_growth_yoy": 0.831041257367387,
      "fcf_margin_change": 1.0334059317148165
    },
    {
      "date": "2022-03-31T00:00:00",
      "quarter_label": "2022-03 (Q1)",
      "revenue": 85400000,
      "gross_profit": null,
      "operating_income": -70900000,
      "net_income": -76400000,
      "opex": 156300000,
      "cogs": null,
      "rd": null,
      "sga": null,
      "fcf": -51200000,
      "ocf": -51200000,
      "capex": null,
      "gross_margin": null,
      "op_margin": -0.8302107728337237,
      "fcf_margin": -0.5995316159250585,
      "incr_op_margin_yoy": 1.3928571428571428,
      "rev_growth_yoy": 0.24489795918367346,
      "rev_growth_yoy_accel": -0.5861432981837136,
      "fcf_margin_change": -0.15532560734136758
    },
    {
      "date": "2022-06-30T00:00:00",
      "quarter_label": "2022-06 (Q2)",
      "revenue": 80400000,
      "gross_profit": null,
      "operating_income": -80700000,
      "net_income": -89900000,
      "opex": 161100000,
      "cogs": null,
      "rd": null,
      "sga": null,
      "fcf": -53700000,
      "ocf": -53700000,
      "capex": null,
      "gross_margin": null,
      "op_margin": -1.0037313432835822,
      "fcf_margin": -0.667910447761194,
      "incr_op_margin_yoy": -9.72340425531915,
      "rev_growth_yoy": -0.10467706013363029,
      "rev_growth_yoy_accel": -0.3495750193173037,
      "fcf_margin_change": -0.06837883183613547
    },
    {
      "date": "2022-09-30T00:00:00",
      "quarter_label": "2022-09 (Q3)",
      "revenue": 73700000,
      "gross_profit": null,
      "operating_income": -54700000,
      "net_income": -64000000,
      "opex": 128400000,
      "cogs": null,
      "rd": null,
      "sga": null,
      "fcf": -59000000,
      "ocf": -59000000,
      "capex": null,
      "gross_margin": null,
      "op_margin": -0.7421981004070556,
      "fcf_margin": -0.8005427408412483,
      "incr_op_margin_yoy": -3.5920398009950247,
      "rev_growth_yoy": -0.21428571428571427,
      "rev_growth_yoy_accel": -0.10960865415208398,
      "fcf_margin_change": -0.1326322930800543
    },
    {
      "date": "2022-12-31T00:00:00",
      "quarter_label": "2022-12 (Q4)",
      "revenue": 71300000,
      "gross_profit": null,
      "operating_income": -47700000,
      "net_income": -58300000,
      "opex": 119000000,
      "cogs": null,
      "rd": null,
      "sga": null,
      "fcf": -46700000,
      "ocf": -46700000,
      "capex": null,
      "gross_margin": null,
      "op_margin": -0.6690042075736325,
      "fcf_margin": -0.6549789621318373,
      "incr_op_margin_yoy": -2.0182648401826486,
      "rev_growth_yoy": -0.2349785407725322,
      "rev_growth_yoy_accel": -0.020692826486817917,
      "fcf_margin_change": 0.14556377870941106
    },
    {
      "date": "2023-03-31T00:00:00",
      "quarter_label": "2023-03 (Q1)",
      "revenue": 70100000,
      "gross_profit": null,
      "operating_income": -29800000,
      "net_income": -40900000,
      "opex": 99900000,
      "cogs": null,
      "rd": null,
      "sga": null,
      "fcf": -83700000,
      "ocf": -83700000,
      "capex": null,
      "gross_margin": null,
      "op_margin": -0.42510699001426533,
      "fcf_margin": -1.1940085592011411,
      "incr_op_margin_yoy": -2.6862745098039214,
      "rev_growth_yoy": -0.1791569086651054,
      "rev_growth_yoy_accel": 0.0558216321074268,
      "fcf_margin_change": -0.5390295970693039
    },
    {
      "date": "2023-06-30T00:00:00",
      "quarter_label": "2023-06 (Q2)",
      "revenue": 74800000,
      "gross_profit": null,
      "operating_income": -25200000,
      "net_income": -36700000,
      "opex": 100000000,
      "cogs": null,
      "rd": null,
      "sga": null,
      "fcf": -10800000,
      "ocf": -10600000,
      "capex": -200000,
      "gross_margin": null,
      "op_margin": -0.33689839572192515,
      "fcf_margin": -0.1443850267379679,
      "incr_op_margin_yoy": -9.910714285714286,
      "rev_growth_yoy": -0.06965174129353234,
      "rev_growth_yoy_accel": 0.10950516737157305,
      "op_leverage_ratio": 66.98002853067047,
      "fcf_margin_change": 1.0496235324631733
    },
    {
      "date": "2023-09-30T00:00:00",
      "quarter_label": "2023-09 (Q3)",
      "revenue": 115300000,
      "gross_profit": null,
      "operating_income": -34000000,
      "net_income": -45800000,
      "opex": 149300000,
      "cogs": null,
      "rd": null,
      "sga": null,
      "fcf": 14600000,
      "ocf": 14600000,
      "capex": null,
      "gross_margin": null,
      "op_margin": -0.2948829141370338,
      "fcf_margin": 0.1266261925411969,
      "incr_op_margin_yoy": 0.49759615384615385,
      "rev_growth_yoy": 0.5644504748982361,
      "rev_growth_yoy_accel": 0.6341022161917684,
      "op_leverage_ratio": 1.0982633879662875,
      "fcf_margin_change": 0.27101121927916483
    },
    {
      "date": "2023-12-31T00:00:00",
      "quarter_label": "2023-12 (Q4)",
      "revenue": 194800000,
      "gross_profit": null,
      "operating_income": -12300000,
      "net_income": -24000000,
      "opex": 207100000,
      "cogs": null,
      "rd": null,
      "sga": null,
      "fcf": 46100000,
      "ocf": 46100000,
      "capex": null,
      "gross_margin": null,
      "op_margin": -0.06314168377823409,
      "fcf_margin": 0.236652977412731,
      "incr_op_margin_yoy": 0.28663967611336033,
      "rev_growth_yoy": 1.7321178120617111,
      "rev_growth_yoy_accel": 1.1676673371634751,
      "op_leverage_ratio": 1.7810240774030137,
      "fcf_margin_change": 0.11002678487153411
    },
    {
      "date": "2024-03-31T00:00:00",
      "quarter_label": "2024-03 (Q1)",
      "revenue": 254900000,
      "gross_profit": null,
      "operating_income": 5400000,
      "net_income": -6200000,
      "opex": 249500000,
      "cogs": null,
      "rd": null,
      "sga": null,
      "fcf": 14300000,
      "ocf": 14500000,
      "capex": -200000,
      "gross_margin": null,
      "op_margin": 0.021184778344448804,
      "fcf_margin": 0.05610043154178109,
      "incr_op_margin_yoy": 0.19047619047619047,
      "rev_growth_yoy": 2.6362339514978603,
      "rev_growth_yoy_accel": 0.9041161394361492,
      "op_leverage_ratio": 1.5069531885630156,
      "fcf_margin_change": -0.1805525458709499
    },
    {
      "date": "2024-06-30T00:00:00",
      "quarter_label": "2024-06 (Q2)",
      "revenue": 289200000,
      "gross_profit": null,
      "operating_income": 3800000,
      "net_income": -7800000,
      "opex": 285400000,
      "cogs": null,
      "rd": null,
      "sga": null,
      "fcf": 62400000,
      "ocf": 62600000,
      "capex": -200000,
      "gross_margin": null,
      "op_margin": 0.01313969571230982,
      "fcf_margin": 0.2157676348547718,
      "incr_op_margin_yoy": 0.13526119402985073,
      "rev_growth_yoy": 2.8663101604278074,
      "rev_growth_yoy_accel": 0.23007620892994707,
      "op_leverage_ratio": 0.9351911449243846,
      "fcf_margin_change": 0.1596672033129907
    },
    {
      "date": "2024-09-30T00:00:00",
      "quarter_label": "2024-09 (Q3)",
      "revenue": 305700000,
      "gross_profit": null,
      "operating_income": 34400000,
      "net_income": 22800000,
      "opex": 271300000,
      "cogs": null,
      "rd": null,
      "sga": null,
      "fcf": 49400000,
      "ocf": 49400000,
      "capex": null,
      "gross_margin": null,
      "op_margin": 0.11252862283284265,
      "fcf_margin": 0.16159633627739614,
      "incr_op_margin_yoy": 0.3592436974789916,
      "rev_growth_yoy": 1.6513443191673893,
      "rev_growth_yoy_accel": -1.214965841260418,
      "op_leverage_ratio": Infinity,
      "fcf_margin_change": -0.054171298577375654
    },
    {
      "date": "2024-12-31T00:00:00",
      "quarter_label": "2024-12 (Q4)",
      "revenue": 326700000,
      "gross_profit": null,
      "operating_income": 34900000,
      "net_income": 22100000,
      "opex": 291800000,
      "cogs": null,
      "rd": null,
      "sga": null,
      "fcf": 69200000,
      "ocf": 69200000,
      "capex": null,
      "gross_margin": null,
      "op_margin": 0.10682583409856138,
      "fcf_margin": 0.21181512090603,
      "incr_op_margin_yoy": 0.35784685367702807,
      "rev_growth_yoy": 0.6771047227926078,
      "rev_growth_yoy_accel": -0.9742395963747815,
      "op_leverage_ratio": 0.9091170205126978,
      "fcf_margin_change": 0.050218784628633856
    },
    {
      "date": "2025-03-31T00:00:00",
      "quarter_label": "2025-03 (Q1)",
      "revenue": 349400000,
      "gross_profit": null,
      "operating_income": 23700000,
      "net_income": 18400000,
      "opex": 325700000,
      "cogs": null,
      "rd": null,
      "sga": null,
      "fcf": 26800000,
      "ocf": 26800000,
      "capex": null,
      "gross_margin": null,
      "op_margin": 0.067830566685747,
      "fcf_margin": 0.0767029192902118,
      "incr_op_margin_yoy": 0.19365079365079366,
      "rev_growth_yoy": 0.37073362102785407,
      "rev_growth_yoy_accel": -0.30637110176475374,
      "op_leverage_ratio": 0.598084175987099,
      "fcf_margin_change": -0.13511220161581822
    },
    {
      "date": "2025-06-30T00:00:00",
      "quarter_label": "2025-06 (Q2)",
      "revenue": 382900000,
      "gross_profit": null,
      "operating_income": 27300000,
      "net_income": 22000000,
      "opex": 355600000,
      "cogs": null,
      "rd": null,
      "sga": null,
      "fcf": 52000000,
      "ocf": 52000000,
      "capex": null,
      "gross_margin": null,
      "op_margin": 0.0712979890310786,
      "fcf_margin": 0.13580569339253068,
      "incr_op_margin_yoy": 0.2508004268943437,
      "rev_growth_yoy": 0.3239972337482711,
      "rev_growth_yoy_accel": -0.04673638727958296,
      "op_leverage_ratio": 1.0444038801346982,
      "fcf_margin_change": 0.059102774102318886
    },
    {
      "date": "2025-09-30T00:00:00",
      "quarter_label": "2025-09 (Q3)",
      "revenue": 387800000,
      "gross_profit": null,
      "operating_income": 300000,
      "net_income": -5400000,
      "opex": 387500000,
      "cogs": null,
      "rd": null,
      "sga": null,
      "fcf": 57600000,
      "ocf": 57600000,
      "capex": null,
      "gross_margin": null,
      "op_margin": 0.0007735946364105209,
      "fcf_margin": 0.14853017019082002,
      "incr_op_margin_yoy": -0.415347137637028,
      "rev_growth_yoy": 0.26856395158652274,
      "rev_growth_yoy_accel": -0.055433282161748365,
      "op_leverage_ratio": 0.14265328695133903,
      "fcf_margin_change": 0.012724476798289336
    }
  ],
  "signals": [
    {
      "quarter": "2025-09 (Q3)",
      "signal": "YoY REVENUE GROWTH DECELERATION",
      "detail": "YoY growth: +26.9% vs prior quarter YoY: +32.4% (decel: -5.5%)",
      "severity": "WARNING"
    },
    {
      "quarter": "2025-06 (Q2)",
      "signal": "FCF MARGIN EXPANSION",
      "detail": "FCF margin: +7.7% -> +13.6% (+5.9%)",
      "severity": "MEDIUM"
    },
    {
      "quarter": "2025-06 (Q2)",
      "signal": "INCREMENTAL MARGIN (YoY)",
      "detail": "YoY Incr OPM: +25.1% vs year-ago OPM: +1.3%",
      "severity": "HIGH"
    },
    {
      "quarter": "2025-03 (Q1)",
      "signal": "YoY REVENUE GROWTH DECELERATION",
      "detail": "YoY growth: +37.1% vs prior quarter YoY: +67.7% (decel: -30.6%)",
      "severity": "WARNING"
    },
    {
      "quarter": "2025-03 (Q1)",
      "signal": "INCREMENTAL MARGIN (YoY)",
      "detail": "YoY Incr OPM: +19.4% vs year-ago OPM: +2.1%",
      "severity": "MEDIUM"
    },
    {
      "quarter": "2024-12 (Q4)",
      "signal": "FCF MARGIN EXPANSION",
      "detail": "FCF margin: +16.2% -> +21.2% (+5.0%)",
      "severity": "MEDIUM"
    },
    {
      "quarter": "2024-12 (Q4)",
      "signal": "YoY REVENUE GROWTH DECELERATION",
      "detail": "YoY growth: +67.7% vs prior quarter YoY: +165.1% (decel: -97.4%)",
      "severity": "WARNING"
    },
    {
      "quarter": "2024-12 (Q4)",
      "signal": "OP MARGIN TURNED POSITIVE (YoY)",
      "detail": "Op margin: -6.3% (year-ago) -> +10.7%",
      "severity": "HIGH"
    },
    {
      "quarter": "2024-09 (Q3)",
      "signal": "YoY REVENUE GROWTH DECELERATION",
      "detail": "YoY growth: +165.1% vs prior quarter YoY: +286.6% (decel: -121.5%)",
      "severity": "WARNING"
    },
    {
      "quarter": "2024-09 (Q3)",
      "signal": "OP MARGIN TURNED POSITIVE (YoY)",
      "detail": "Op margin: -29.5% (year-ago) -> +11.3%",
      "severity": "HIGH"
    },
    {
      "quarter": "2024-06 (Q2)",
      "signal": "FCF MARGIN EXPANSION",
      "detail": "FCF margin: +5.6% -> +21.6% (+16.0%)",
      "severity": "MEDIUM"
    },
    {
      "quarter": "2024-06 (Q2)",
      "signal": "YoY REVENUE GROWTH ACCELERATION",
      "detail": "YoY growth: +286.6% vs prior quarter YoY: +263.6% (accel: +23.0%)",
      "severity": "HIGH"
    },
    {
      "quarter": "2024-06 (Q2)",
      "signal": "OP MARGIN TURNED POSITIVE (YoY)",
      "detail": "Op margin: -33.7% (year-ago) -> +1.3%",
      "severity": "HIGH"
    },
    {
      "quarter": "2024-03 (Q1)",
      "signal": "OPERATING LEVERAGE",
      "detail": "Rev growth +30.9% vs OpEx growth +20.5% (leverage: 1.5x)",
      "severity": "MEDIUM"
    },
    {
      "quarter": "2024-03 (Q1)",
      "signal": "YoY REVENUE GROWTH ACCELERATION",
      "detail": "YoY growth: +263.6% vs prior quarter YoY: +173.2% (accel: +90.4%)",
      "severity": "HIGH"
    },
    {
      "quarter": "2024-03 (Q1)",
      "signal": "OP MARGIN TURNED POSITIVE (YoY)",
      "detail": "Op margin: -42.5% (year-ago) -> +2.1%",
      "severity": "HIGH"
    },
    {
      "quarter": "2024-03 (Q1)",
      "signal": "OP MARGIN TURNED POSITIVE (QoQ)",
      "detail": "Op margin: -6.3% -> +2.1%",
      "severity": "HIGH"
    },
    {
      "quarter": "2023-12 (Q4)",
      "signal": "FCF MARGIN EXPANSION",
      "detail": "FCF margin: +12.7% -> +23.7% (+11.0%)",
      "severity": "MEDIUM"
    },
    {
      "quarter": "2023-12 (Q4)",
      "signal": "OPERATING LEVERAGE",
      "detail": "Rev growth +69.0% vs OpEx growth +38.7% (leverage: 1.8x)",
      "severity": "MEDIUM"
    },
    {
      "quarter": "2023-12 (Q4)",
      "signal": "YoY REVENUE GROWTH ACCELERATION",
      "detail": "YoY growth: +173.2% vs prior quarter YoY: +56.4% (accel: +116.8%)",
      "severity": "HIGH"
    },
    {
      "quarter": "2023-09 (Q3)",
      "signal": "FCF TURNED POSITIVE",
      "detail": "FCF margin: -14.4% -> +12.7%",
      "severity": "HIGH"
    },
    {
      "quarter": "2023-09 (Q3)",
      "signal": "YoY REVENUE GROWTH ACCELERATION",
      "detail": "YoY growth: +56.4% vs prior quarter YoY: -7.0% (accel: +63.4%)",
      "severity": "HIGH"
    },
    {
      "quarter": "2023-06 (Q2)",
      "signal": "FCF MARGIN EXPANSION",
      "detail": "FCF margin: -119.4% -> -14.4% (+105.0%)",
      "severity": "MEDIUM"
    },
    {
      "quarter": "2023-06 (Q2)",
      "signal": "OPERATING LEVERAGE",
      "detail": "Rev growth +6.7% vs OpEx growth +0.1% (leverage: 67.0x)",
      "severity": "MEDIUM"
    },
    {
      "quarter": "2023-06 (Q2)",
      "signal": "YoY REVENUE GROWTH ACCELERATION",
      "detail": "YoY growth: -7.0% vs prior quarter YoY: -17.9% (accel: +11.0%)",
      "severity": "MEDIUM"
    },
    {
      "quarter": "2023-03 (Q1)",
      "signal": "YoY REVENUE GROWTH ACCELERATION",
      "detail": "YoY growth: -17.9% vs prior quarter YoY: -23.5% (accel: +5.6%)",
      "severity": "MEDIUM"
    },
    {
      "quarter": "2022-12 (Q4)",
      "signal": "FCF MARGIN EXPANSION",
      "detail": "FCF margin: -80.1% -> -65.5% (+14.6%)",
      "severity": "MEDIUM"
    },
    {
      "quarter": "2022-09 (Q3)",
      "signal": "YoY REVENUE GROWTH DECELERATION",
      "detail": "YoY growth: -21.4% vs prior quarter YoY: -10.5% (decel: -11.0%)",
      "severity": "WARNING"
    },
    {
      "quarter": "2022-06 (Q2)",
      "signal": "YoY REVENUE GROWTH DECELERATION",
      "detail": "YoY growth: -10.5% vs prior quarter YoY: +24.5% (decel: -35.0%)",
      "severity": "WARNING"
    },
    {
      "quarter": "2022-03 (Q1)",
      "signal": "YoY REVENUE GROWTH DECELERATION",
      "detail": "YoY growth: +24.5% vs prior quarter YoY: +83.1% (decel: -58.6%)",
      "severity": "WARNING"
    },
    {
      "quarter": "2021-12 (Q4)",
      "signal": "FCF MARGIN EXPANSION",
      "detail": "FCF margin: -147.8% -> -44.4% (+103.3%)",
      "severity": "MEDIUM"
    },
    {
      "quarter": "2021-03 (Q1)",
      "signal": "FCF MARGIN EXPANSION",
      "detail": "FCF margin: -378.2% -> -133.1% (+245.1%)",
      "severity": "MEDIUM"
    },
    {
      "quarter": "2021-03 (Q1)",
      "signal": "OPERATING LEVERAGE",
      "detail": "Rev growth +34.8% vs OpEx growth +16.9% (leverage: 2.1x)",
      "severity": "MEDIUM"
    }
  ],
  "data_quality": {
    "n_quarters": 20,
    "coverage": {
      "revenue": [
        20,
        20
      ],
      "gross_profit": [
        0,
        20
      ],
      "op_income": [
        20,
        20
      ],
      "fcf": [
        20,
        20
      ]
    },
    "gaps": [],
    "warnings": [
      "gross_profit: no data"
    ]
  },
  "market_cap": null,
  "source": "SEC EDGAR",
  "last_updated": "2026-02-02T21:58:53.626129"
}