{
  "ticker": "ROP",
  "name": "ROPER TECHNOLOGIES, INC.",
  "quarters": [
    {
      "date": "2020-12-31T00:00:00",
      "quarter_label": "2020-12 (Q4)",
      "revenue": 1505300000,
      "gross_profit": 966600000,
      "operating_income": 380700000,
      "net_income": 255800000,
      "opex": 585900000,
      "cogs": 538700000,
      "rd": null,
      "sga": 585900000,
      "fcf": 574200000,
      "ocf": 574200000,
      "capex": null,
      "gross_margin": 0.6421311366505016,
      "op_margin": 0.25290639739586795,
      "fcf_margin": 0.3814522022188268
    },
    {
      "date": "2021-03-31T00:00:00",
      "quarter_label": "2021-03 (Q1)",
      "revenue": 1528600000,
      "gross_profit": 993800000,
      "operating_income": 400500000,
      "net_income": 289000000,
      "opex": 593300000,
      "cogs": 534800000,
      "rd": null,
      "sga": 593300000,
      "fcf": 559600000,
      "ocf": 559600000,
      "capex": null,
      "gross_margin": 0.6501373806097083,
      "op_margin": 0.262004448514981,
      "fcf_margin": 0.36608661520345415,
      "op_leverage_ratio": 1.225531949274725,
      "fcf_margin_change": -0.015365587015372661
    },
    {
      "date": "2021-06-30T00:00:00",
      "quarter_label": "2021-06 (Q2)",
      "revenue": 1587600000,
      "gross_profit": 1034100000,
      "operating_income": 418000000,
      "net_income": 286300000,
      "opex": 616100000,
      "cogs": 553500000,
      "rd": null,
      "sga": 616100000,
      "fcf": 425500000,
      "ocf": 425500000,
      "capex": null,
      "gross_margin": 0.6513605442176871,
      "op_margin": 0.2632905013857395,
      "fcf_margin": 0.2680146132527085,
      "op_leverage_ratio": 1.00437907866618,
      "fcf_margin_change": -0.09807200195074567
    },
    {
      "date": "2021-09-30T00:00:00",
      "quarter_label": "2021-09 (Q3)",
      "revenue": 1462800000,
      "gross_profit": 996100000,
      "operating_income": 403500000,
      "net_income": 289500000,
      "opex": 592600000,
      "cogs": 466700000,
      "rd": null,
      "sga": 592600000,
      "fcf": 447300000,
      "ocf": 447300000,
      "capex": null,
      "gross_margin": 0.6809543341536779,
      "op_margin": 0.2758408531583265,
      "fcf_margin": 0.3057834290401969,
      "fcf_margin_change": 0.03776881578748842
    },
    {
      "date": "2021-12-31T00:00:00",
      "quarter_label": "2021-12 (Q4)",
      "revenue": 1512300000,
      "gross_profit": 1018000000,
      "operating_income": 320600000,
      "net_income": 287800000,
      "opex": 697400000,
      "cogs": 494300000,
      "rd": null,
      "sga": 597900000,
      "fcf": 579500000,
      "ocf": 579500000,
      "capex": null,
      "gross_margin": 0.6731468623950274,
      "op_margin": 0.2119949745420882,
      "fcf_margin": 0.38319116577398665,
      "incr_op_margin_yoy": -8.585714285714285,
      "rev_growth_yoy": 0.004650235833388693,
      "op_leverage_ratio": 0.19134653921059058,
      "fcf_margin_change": 0.07740773673378976
    },
    {
      "date": "2022-03-31T00:00:00",
      "quarter_label": "2022-03 (Q1)",
      "revenue": 1526600000,
      "gross_profit": 1030100000,
      "operating_income": 421100000,
      "net_income": 2020500000,
      "opex": 609000000,
      "cogs": 496500000,
      "rd": null,
      "sga": 609000000,
      "fcf": 475300000,
      "ocf": 475300000,
      "capex": null,
      "gross_margin": 0.6747674570941963,
      "op_margin": 0.2758417398139657,
      "fcf_margin": 0.3113454736014673,
      "incr_op_margin_yoy": -10.3,
      "rev_growth_yoy": -0.0013083867591259977,
      "rev_growth_yoy_accel": -0.00595862259251469,
      "fcf_margin_change": -0.07184569217251935
    },
    {
      "date": "2022-06-30T00:00:00",
      "quarter_label": "2022-06 (Q2)",
      "revenue": 1310800000,
      "gross_profit": 911500000,
      "operating_income": 362900000,
      "net_income": 268800000,
      "opex": 548600000,
      "cogs": 399300000,
      "rd": null,
      "sga": 548600000,
      "fcf": -64200000,
      "ocf": -64200000,
      "capex": null,
      "gross_margin": 0.6953768690875801,
      "op_margin": 0.276853829722307,
      "fcf_margin": -0.04897772352761672,
      "incr_op_margin_yoy": 0.1990606936416185,
      "rev_growth_yoy": -0.1743512219702696,
      "rev_growth_yoy_accel": -0.17304283521114358,
      "fcf_margin_change": -0.360323197129084
    },
    {
      "date": "2022-09-30T00:00:00",
      "quarter_label": "2022-09 (Q3)",
      "revenue": 1350300000,
      "gross_profit": 941800000,
      "operating_income": 393200000,
      "net_income": 327000000,
      "opex": 548600000,
      "cogs": 408500000,
      "rd": null,
      "sga": 548600000,
      "fcf": 251800000,
      "ocf": 251800000,
      "capex": null,
      "gross_margin": 0.6974746352662371,
      "op_margin": 0.2911945493594016,
      "fcf_margin": 0.18647707916759237,
      "incr_op_margin_yoy": 0.09155555555555556,
      "rev_growth_yoy": -0.07690730106644791,
      "rev_growth_yoy_accel": 0.09744392090382167,
      "op_leverage_ratio": Infinity,
      "fcf_margin_change": 0.2354548026952091
    },
    {
      "date": "2022-12-31T00:00:00",
      "quarter_label": "2022-12 (Q4)",
      "revenue": 1430900000,
      "gross_profit": 1002300000,
      "operating_income": 412500000,
      "net_income": 1928400000,
      "opex": 589800000,
      "cogs": 428600000,
      "rd": null,
      "sga": 589800000,
      "fcf": 71700000,
      "ocf": 71700000,
      "capex": null,
      "gross_margin": 0.7004682367740583,
      "op_margin": 0.2882801034314068,
      "fcf_margin": 0.05010832343280453,
      "incr_op_margin_yoy": -1.128992628992629,
      "rev_growth_yoy": -0.05382529921311909,
      "rev_growth_yoy_accel": 0.023082001853328822,
      "op_leverage_ratio": 0.794810070973081,
      "fcf_margin_change": -0.13636875573478785
    },
    {
      "date": "2023-03-31T00:00:00",
      "quarter_label": "2023-03 (Q1)",
      "revenue": 1469700000,
      "gross_profit": 1018600000,
      "operating_income": 401000000,
      "net_income": 283100000,
      "opex": 617600000,
      "cogs": 451100000,
      "rd": null,
      "sga": 617600000,
      "fcf": 463700000,
      "ocf": 463700000,
      "capex": null,
      "gross_margin": 0.6930666122337892,
      "op_margin": 0.27284479825814795,
      "fcf_margin": 0.31550656596584337,
      "incr_op_margin_yoy": 0.3532513181019332,
      "rev_growth_yoy": -0.03727236997248788,
      "rev_growth_yoy_accel": 0.01655292924063121,
      "op_leverage_ratio": 0.5752841573271539,
      "fcf_margin_change": 0.26539824253303884
    },
    {
      "date": "2023-06-30T00:00:00",
      "quarter_label": "2023-06 (Q2)",
      "revenue": 1531200000,
      "gross_profit": 1067100000,
      "operating_income": 435300000,
      "net_income": 364900000,
      "opex": 631800000,
      "cogs": 464100000,
      "rd": null,
      "sga": 631800000,
      "fcf": 319600000,
      "ocf": 319600000,
      "capex": null,
      "gross_margin": 0.6969043887147336,
      "op_margin": 0.2842868338557994,
      "fcf_margin": 0.2087251828631139,
      "incr_op_margin_yoy": 0.32849364791288566,
      "rev_growth_yoy": 0.168141592920354,
      "rev_growth_yoy_accel": 0.20541396289284186,
      "op_leverage_ratio": 1.8199747577114043,
      "fcf_margin_change": -0.10678138310272947
    },
    {
      "date": "2023-09-30T00:00:00",
      "quarter_label": "2023-09 (Q3)",
      "revenue": 1563400000,
      "gross_profit": 1096300000,
      "operating_income": 446100000,
      "net_income": 347200000,
      "opex": 650200000,
      "cogs": 467100000,
      "rd": null,
      "sga": 650200000,
      "fcf": 630000000,
      "ocf": 630000000,
      "capex": null,
      "gross_margin": 0.7012280926186517,
      "op_margin": 0.2853396443648458,
      "fcf_margin": 0.4029678904950748,
      "incr_op_margin_yoy": 0.24824026278742375,
      "rev_growth_yoy": 0.15781678145597275,
      "rev_growth_yoy_accel": -0.010324811464381245,
      "op_leverage_ratio": 0.7220807210031348,
      "fcf_margin_change": 0.19424270763196091
    },
    {
      "date": "2023-12-31T00:00:00",
      "quarter_label": "2023-12 (Q4)",
      "revenue": 1613500000,
      "gross_profit": 1125200000,
      "operating_income": 462800000,
      "net_income": 389000000,
      "opex": 662400000,
      "cogs": 488300000,
      "rd": null,
      "sga": 662400000,
      "fcf": 621800000,
      "ocf": 621800000,
      "capex": null,
      "gross_margin": 0.697365974589402,
      "op_margin": 0.2868298729470096,
      "fcf_margin": 0.3853734118376201,
      "incr_op_margin_yoy": 0.27546549835706463,
      "rev_growth_yoy": 0.12761199245230276,
      "rev_growth_yoy_accel": -0.03020478900366999,
      "op_leverage_ratio": 1.7078697752062024,
      "fcf_margin_change": -0.017594478657454726
    },
    {
      "date": "2024-03-31T00:00:00",
      "quarter_label": "2024-03 (Q1)",
      "revenue": 1680700000,
      "gross_profit": 1181000000,
      "operating_income": 481300000,
      "net_income": 382000000,
      "opex": 699700000,
      "cogs": 499700000,
      "rd": null,
      "sga": 699700000,
      "fcf": 531500000,
      "ocf": 531500000,
      "capex": null,
      "gross_margin": 0.7026834057238056,
      "op_margin": 0.2863687749152139,
      "fcf_margin": 0.3162372820848456,
      "incr_op_margin_yoy": 0.3805687203791469,
      "rev_growth_yoy": 0.14356671429543444,
      "rev_growth_yoy_accel": 0.01595472184313168,
      "op_leverage_ratio": 0.7396253627444709,
      "fcf_margin_change": -0.0691361297527745
    },
    {
      "date": "2024-06-30T00:00:00",
      "quarter_label": "2024-06 (Q2)",
      "revenue": 1716800000,
      "gross_profit": 1193300000,
      "operating_income": 494200000,
      "net_income": 337100000,
      "opex": 699100000,
      "cogs": 523500000,
      "rd": null,
      "sga": 699100000,
      "fcf": 384100000,
      "ocf": 384100000,
      "capex": null,
      "gross_margin": 0.6950722273998136,
      "op_margin": 0.287861136999068,
      "fcf_margin": 0.22373019571295433,
      "incr_op_margin_yoy": 0.3173491379310345,
      "rev_growth_yoy": 0.12121212121212122,
      "rev_growth_yoy_accel": -0.022354593083313223,
      "op_leverage_ratio": Infinity,
      "fcf_margin_change": -0.09250708637189126
    },
    {
      "date": "2024-09-30T00:00:00",
      "quarter_label": "2024-09 (Q3)",
      "revenue": 1764600000,
      "gross_profit": 1221700000,
      "operating_income": 496600000,
      "net_income": 367900000,
      "opex": 725100000,
      "cogs": 542900000,
      "rd": null,
      "sga": 725100000,
      "fcf": 755400000,
      "ocf": 755400000,
      "capex": null,
      "gross_margin": 0.6923382069590842,
      "op_margin": 0.2814235520797915,
      "fcf_margin": 0.42808568514110845,
      "incr_op_margin_yoy": 0.2509940357852883,
      "rev_growth_yoy": 0.1286938723295382,
      "rev_growth_yoy_accel": 0.007481751117416974,
      "op_leverage_ratio": 0.7486419277367554,
      "fcf_margin_change": 0.20435548942815412
    },
    {
      "date": "2024-12-31T00:00:00",
      "quarter_label": "2024-12 (Q4)",
      "revenue": 1877100000,
      "gross_profit": 1282300000,
      "operating_income": 524700000,
      "net_income": 462300000,
      "opex": 757600000,
      "cogs": 594800000,
      "rd": null,
      "sga": 757600000,
      "fcf": 722200000,
      "ocf": 722200000,
      "capex": null,
      "gross_margin": 0.6831282297160514,
      "op_margin": 0.2795269298385808,
      "fcf_margin": 0.3847424218208939,
      "incr_op_margin_yoy": 0.23482549317147192,
      "rev_growth_yoy": 0.16337155252556554,
      "rev_growth_yoy_accel": 0.03467768019602735,
      "op_leverage_ratio": 1.4223968822744748,
      "fcf_margin_change": -0.04334326332021454
    },
    {
      "date": "2025-03-31T00:00:00",
      "quarter_label": "2025-03 (Q1)",
      "revenue": 1882800000,
      "gross_profit": 1293700000,
      "operating_income": 525800000,
      "net_income": 331100000,
      "opex": 767900000,
      "cogs": 589100000,
      "rd": null,
      "sga": 767900000,
      "fcf": 528700000,
      "ocf": 528700000,
      "capex": null,
      "gross_margin": 0.6871149352028894,
      "op_margin": 0.27926492458041213,
      "fcf_margin": 0.2808051837688549,
      "incr_op_margin_yoy": 0.22018802572983673,
      "rev_growth_yoy": 0.12024751591598738,
      "rev_growth_yoy_accel": -0.043124036609578156,
      "fcf_margin_change": -0.10393723805203903
    },
    {
      "date": "2025-06-30T00:00:00",
      "quarter_label": "2025-06 (Q2)",
      "revenue": 1943600000,
      "gross_profit": 1345400000,
      "operating_income": 548300000,
      "net_income": 378300000,
      "opex": 797100000,
      "cogs": 598200000,
      "rd": null,
      "sga": 797100000,
      "fcf": 404100000,
      "ocf": 404100000,
      "capex": null,
      "gross_margin": 0.6922206215270632,
      "op_margin": 0.28210537147561227,
      "fcf_margin": 0.2079131508540852,
      "incr_op_margin_yoy": 0.23853615520282187,
      "rev_growth_yoy": 0.1321062441752097,
      "rev_growth_yoy_accel": 0.01185872825922231,
      "op_leverage_ratio": 0.8492219399262539,
      "fcf_margin_change": -0.07289203291476967
    },
    {
      "date": "2025-09-30T00:00:00",
      "quarter_label": "2025-09 (Q3)",
      "revenue": 2017500000,
      "gross_profit": 1403000000,
      "operating_income": 573000000,
      "net_income": 398500000,
      "opex": 830000000,
      "cogs": 614500000,
      "rd": null,
      "sga": 830000000,
      "fcf": 869500000,
      "ocf": 869500000,
      "capex": null,
      "gross_margin": 0.6954151177199505,
      "op_margin": 0.28401486988847585,
      "fcf_margin": 0.4309789343246592,
      "incr_op_margin_yoy": 0.30209568999604586,
      "rev_growth_yoy": 0.14331859911594697,
      "rev_growth_yoy_accel": 0.011212354940737274,
      "op_leverage_ratio": 0.9212011239757515,
      "fcf_margin_change": 0.22306578347057401
    }
  ],
  "signals": [
    {
      "quarter": "2025-09 (Q3)",
      "signal": "FCF MARGIN EXPANSION",
      "detail": "FCF margin: +20.8% -> +43.1% (+22.3%)",
      "severity": "MEDIUM"
    },
    {
      "quarter": "2024-09 (Q3)",
      "signal": "FCF MARGIN EXPANSION",
      "detail": "FCF margin: +22.4% -> +42.8% (+20.4%)",
      "severity": "MEDIUM"
    },
    {
      "quarter": "2024-03 (Q1)",
      "signal": "INCREMENTAL MARGIN (YoY)",
      "detail": "YoY Incr OPM: +38.1% vs year-ago OPM: +27.3%",
      "severity": "MEDIUM"
    },
    {
      "quarter": "2023-12 (Q4)",
      "signal": "OPERATING LEVERAGE",
      "detail": "Rev growth +3.2% vs OpEx growth +1.9% (leverage: 1.7x)",
      "severity": "MEDIUM"
    },
    {
      "quarter": "2023-09 (Q3)",
      "signal": "FCF MARGIN EXPANSION",
      "detail": "FCF margin: +20.9% -> +40.3% (+19.4%)",
      "severity": "MEDIUM"
    },
    {
      "quarter": "2023-06 (Q2)",
      "signal": "OPERATING LEVERAGE",
      "detail": "Rev growth +4.2% vs OpEx growth +2.3% (leverage: 1.8x)",
      "severity": "MEDIUM"
    },
    {
      "quarter": "2023-06 (Q2)",
      "signal": "YoY REVENUE GROWTH ACCELERATION",
      "detail": "YoY growth: +16.8% vs prior quarter YoY: -3.7% (accel: +20.5%)",
      "severity": "HIGH"
    },
    {
      "quarter": "2023-03 (Q1)",
      "signal": "FCF MARGIN EXPANSION",
      "detail": "FCF margin: +5.0% -> +31.6% (+26.5%)",
      "severity": "MEDIUM"
    },
    {
      "quarter": "2022-09 (Q3)",
      "signal": "FCF TURNED POSITIVE",
      "detail": "FCF margin: -4.9% -> +18.6%",
      "severity": "HIGH"
    },
    {
      "quarter": "2022-09 (Q3)",
      "signal": "YoY REVENUE GROWTH ACCELERATION",
      "detail": "YoY growth: -7.7% vs prior quarter YoY: -17.4% (accel: +9.7%)",
      "severity": "MEDIUM"
    },
    {
      "quarter": "2022-06 (Q2)",
      "signal": "YoY REVENUE GROWTH DECELERATION",
      "detail": "YoY growth: -17.4% vs prior quarter YoY: -0.1% (decel: -17.3%)",
      "severity": "WARNING"
    },
    {
      "quarter": "2021-12 (Q4)",
      "signal": "FCF MARGIN EXPANSION",
      "detail": "FCF margin: +30.6% -> +38.3% (+7.7%)",
      "severity": "MEDIUM"
    }
  ],
  "data_quality": {
    "n_quarters": 20,
    "coverage": {
      "revenue": [
        20,
        20
      ],
      "gross_profit": [
        20,
        20
      ],
      "op_income": [
        20,
        20
      ],
      "fcf": [
        20,
        20
      ]
    },
    "gaps": [],
    "warnings": []
  },
  "market_cap": null,
  "source": "SEC EDGAR",
  "last_updated": "2026-02-02T20:03:24.057433"
}