{
  "ticker": "ROST",
  "name": "Ross Stores, Inc.",
  "quarters": [
    {
      "date": "2021-01-30T00:00:00",
      "quarter_label": "2021-01 (Q1)",
      "revenue": 4249671000,
      "gross_profit": 1092627000,
      "operating_income": null,
      "net_income": 237980000,
      "opex": 3866820000,
      "cogs": 3157044000,
      "rd": null,
      "sga": 690624000,
      "fcf": 396922000,
      "ocf": 462810000,
      "capex": -65888000,
      "gross_margin": 0.25710860911350547,
      "op_margin": null,
      "fcf_margin": 0.09340064207323344
    },
    {
      "date": "2021-05-01T00:00:00",
      "quarter_label": "2021-05 (Q2)",
      "revenue": 4516080000,
      "gross_profit": 1317684000,
      "operating_income": null,
      "net_income": 476479000,
      "opex": 3892498000,
      "cogs": 3198396000,
      "rd": null,
      "sga": 675053000,
      "fcf": 615883000,
      "ocf": 752820000,
      "capex": -136937000,
      "gross_margin": 0.2917760535685816,
      "op_margin": null,
      "fcf_margin": 0.13637557350622664,
      "op_leverage_ratio": 9.440311933039586,
      "fcf_margin_change": 0.042974931432993205
    },
    {
      "date": "2021-07-31T00:00:00",
      "quarter_label": "2021-07 (Q3)",
      "revenue": 4804974000,
      "gross_profit": 1394103000,
      "operating_income": null,
      "net_income": 494258000,
      "opex": 4147366000,
      "cogs": 3410871000,
      "rd": null,
      "sga": 717788000,
      "fcf": 475075000,
      "ocf": 592575000,
      "capex": -117500000,
      "gross_margin": 0.2901374700466641,
      "op_margin": null,
      "fcf_margin": 0.09887150273862044,
      "op_leverage_ratio": 0.9769896943503056,
      "fcf_margin_change": -0.0375040707676062
    },
    {
      "date": "2021-10-30T00:00:00",
      "quarter_label": "2021-10 (Q4)",
      "revenue": 4574541000,
      "gross_profit": 1248537000,
      "operating_income": null,
      "net_income": 385030000,
      "opex": 4070509000,
      "cogs": 3326004000,
      "rd": null,
      "sga": 725761000,
      "fcf": 34779000,
      "ocf": 158258000,
      "capex": -123479000,
      "gross_margin": 0.2729316449453617,
      "op_margin": null,
      "fcf_margin": 0.007602729978810989,
      "fcf_margin_change": -0.09126877275980945
    },
    {
      "date": "2022-01-29T00:00:00",
      "quarter_label": "2022-01 (Q1)",
      "revenue": 5020649000,
      "gross_profit": 1247013000,
      "operating_income": null,
      "net_income": 366822000,
      "opex": 4547331000,
      "cogs": 3773636000,
      "rd": null,
      "sga": 755867000,
      "fcf": 55272000,
      "ocf": 235196000,
      "capex": -179924000,
      "gross_margin": 0.24837685327135994,
      "op_margin": null,
      "fcf_margin": 0.011008935299002182,
      "rev_growth_yoy": 0.18142063232659658,
      "op_leverage_ratio": 0.8325013019545103,
      "fcf_margin_change": 0.003406205320191193
    },
    {
      "date": "2022-04-30T00:00:00",
      "quarter_label": "2022-04 (Q2)",
      "revenue": 4333100000,
      "gross_profit": 1136654000,
      "operating_income": null,
      "net_income": 338445000,
      "opex": 3883638000,
      "cogs": 3196446000,
      "rd": null,
      "sga": 669496000,
      "fcf": -526115000,
      "ocf": -416267000,
      "capex": -109848000,
      "gross_margin": 0.2623188940942974,
      "op_margin": null,
      "fcf_margin": -0.12141769172186194,
      "rev_growth_yoy": -0.04051743990363324,
      "rev_growth_yoy_accel": -0.22193807223022982,
      "fcf_margin_change": -0.1324266270208641
    },
    {
      "date": "2022-07-30T00:00:00",
      "quarter_label": "2022-07 (Q3)",
      "revenue": 4583009000,
      "gross_profit": 1183474000,
      "operating_income": null,
      "net_income": 384517000,
      "opex": 4077265000,
      "cogs": 3399535000,
      "rd": null,
      "sga": 667063000,
      "fcf": 226504000,
      "ocf": 360002000,
      "capex": -133498000,
      "gross_margin": 0.25823078244009556,
      "op_margin": null,
      "fcf_margin": 0.049422551864942876,
      "rev_growth_yoy": -0.046194838931490574,
      "rev_growth_yoy_accel": -0.005677399027857334,
      "op_leverage_ratio": 1.156793953722289,
      "fcf_margin_change": 0.17084024358680483
    },
    {
      "date": "2022-10-29T00:00:00",
      "quarter_label": "2022-10 (Q4)",
      "revenue": 4565489000,
      "gross_profit": 1141443000,
      "operating_income": null,
      "net_income": 342036000,
      "opex": 4114611000,
      "cogs": 3424046000,
      "rd": null,
      "sga": 693367000,
      "fcf": 354377000,
      "ocf": 528932000,
      "capex": -174555000,
      "gross_margin": 0.25001549669706796,
      "op_margin": null,
      "fcf_margin": 0.0776208200260695,
      "rev_growth_yoy": -0.0019787777615284242,
      "rev_growth_yoy_accel": 0.04421606116996215,
      "fcf_margin_change": 0.028198268161126624
    },
    {
      "date": "2023-01-28T00:00:00",
      "quarter_label": "2023-01 (Q1)",
      "revenue": 5214231000,
      "gross_profit": 1288028000,
      "operating_income": null,
      "net_income": 447043000,
      "opex": 4632826000,
      "cogs": 3926203000,
      "rd": null,
      "sga": 729342000,
      "fcf": 980537000,
      "ocf": 1216706000,
      "capex": -236169000,
      "gross_margin": 0.24702166052865707,
      "op_margin": null,
      "fcf_margin": 0.1880501650195398,
      "rev_growth_yoy": 0.03855716661332031,
      "rev_growth_yoy_accel": 0.04053594437484873,
      "op_leverage_ratio": 1.128245260203866,
      "fcf_margin_change": 0.1104293449934703
    },
    {
      "date": "2023-04-29T00:00:00",
      "quarter_label": "2023-04 (Q2)",
      "revenue": 4494686000,
      "gross_profit": 1202080000,
      "operating_income": null,
      "net_income": 371191000,
      "opex": 4007431000,
      "cogs": 3292606000,
      "rd": null,
      "sga": 746222000,
      "fcf": 245899000,
      "ocf": 413152000,
      "capex": -167253000,
      "gross_margin": 0.26744471137694603,
      "op_margin": null,
      "fcf_margin": 0.054708827268467694,
      "rev_growth_yoy": 0.03729108490457179,
      "rev_growth_yoy_accel": -0.0012660817087485204,
      "fcf_margin_change": -0.1333413377510721
    },
    {
      "date": "2023-07-29T00:00:00",
      "quarter_label": "2023-07 (Q3)",
      "revenue": 4934905000,
      "gross_profit": 1365538000,
      "operating_income": null,
      "net_income": 446319000,
      "opex": 4340051000,
      "cogs": 3569367000,
      "rd": null,
      "sga": 807898000,
      "fcf": 506923000,
      "ocf": 703129000,
      "capex": -196206000,
      "gross_margin": 0.276710088644057,
      "op_margin": null,
      "fcf_margin": 0.10272193689645495,
      "rev_growth_yoy": 0.07678274251697957,
      "rev_growth_yoy_accel": 0.039491657612407784,
      "op_leverage_ratio": 1.1800138912638392,
      "fcf_margin_change": 0.04801310962798726
    },
    {
      "date": "2023-10-28T00:00:00",
      "quarter_label": "2023-10 (Q4)",
      "revenue": 4924849000,
      "gross_profit": 1360581000,
      "operating_income": null,
      "net_income": 447327000,
      "opex": 4331419000,
      "cogs": 3564268000,
      "rd": null,
      "sga": 810470000,
      "fcf": 272455000,
      "ocf": 449454000,
      "capex": -176999000,
      "gross_margin": 0.27626857188920917,
      "op_margin": null,
      "fcf_margin": 0.055322508365231095,
      "rev_growth_yoy": 0.07871226937574485,
      "rev_growth_yoy_accel": 0.001929526858765282,
      "fcf_margin_change": -0.04739942853122386
    },
    {
      "date": "2024-02-03T00:00:00",
      "quarter_label": "2024-02 (Q1)",
      "revenue": 6022501000,
      "gross_profit": 1647141000,
      "operating_income": null,
      "net_income": 609683000,
      "opex": 5226259000,
      "cogs": 4375360000,
      "rd": null,
      "sga": 903087000,
      "fcf": 726401000,
      "ocf": 948755000,
      "capex": -222354000,
      "gross_margin": 0.27349783752630347,
      "op_margin": null,
      "fcf_margin": 0.12061450882282959,
      "rev_growth_yoy": 0.15501231149904943,
      "rev_growth_yoy_accel": 0.07630004212330457,
      "op_leverage_ratio": 1.0788388116219287,
      "fcf_margin_change": 0.0652920004575985
    },
    {
      "date": "2024-05-04T00:00:00",
      "quarter_label": "2024-05 (Q2)",
      "revenue": 4858067000,
      "gross_profit": 1367395000,
      "operating_income": 591113000,
      "net_income": 487990000,
      "opex": 4221004000,
      "cogs": 3490672000,
      "rd": null,
      "sga": 776282000,
      "fcf": 232672000,
      "ocf": 368921000,
      "capex": -136249000,
      "gross_margin": 0.2814689463936994,
      "op_margin": 0.12167658453454841,
      "fcf_margin": 0.047893946295923875,
      "rev_growth_yoy": 0.08084680442638262,
      "rev_growth_yoy_accel": -0.07416550707266681,
      "fcf_margin_change": -0.07272056252690572
    },
    {
      "date": "2024-08-03T00:00:00",
      "quarter_label": "2024-08 (Q3)",
      "revenue": 5287519000,
      "gross_profit": 1495590000,
      "operating_income": 659233000,
      "net_income": 527148000,
      "opex": 4584936000,
      "cogs": 3791929000,
      "rd": null,
      "sga": 836357000,
      "fcf": 394635000,
      "ocf": 592121000,
      "capex": -197486000,
      "gross_margin": 0.2828528843111486,
      "op_margin": 0.12467718792121599,
      "fcf_margin": 0.07463519280025283,
      "rev_growth_yoy": 0.07145304722178036,
      "rev_growth_yoy_accel": -0.009393757204602254,
      "op_leverage_ratio": 1.025289828974827,
      "fcf_margin_change": 0.02674124650432895
    },
    {
      "date": "2024-11-02T00:00:00",
      "quarter_label": "2024-11 (Q4)",
      "revenue": 5071354000,
      "gross_profit": 1437071000,
      "operating_income": 604216000,
      "net_income": 488808000,
      "opex": 4424611000,
      "cogs": 3634283000,
      "rd": null,
      "sga": 832855000,
      "fcf": 333002000,
      "ocf": 513389000,
      "capex": -180387000,
      "gross_margin": 0.28337027941650295,
      "op_margin": 0.11914293500315695,
      "fcf_margin": 0.06566333172561016,
      "rev_growth_yoy": 0.02974812019617251,
      "rev_growth_yoy_accel": -0.04170492702560785,
      "fcf_margin_change": -0.008971861074642665
    },
    {
      "date": "2025-02-01T00:00:00",
      "quarter_label": "2025-02 (Q1)",
      "revenue": 5912279000,
      "gross_profit": 1568657000,
      "operating_income": 731024000,
      "net_income": 586784000,
      "opex": 837633000,
      "cogs": 4343622000,
      "rd": null,
      "sga": 837633000,
      "fcf": 676575000,
      "ocf": 882557000,
      "capex": -205982000,
      "gross_margin": 0.2653218834902751,
      "op_margin": 0.1236450444913036,
      "fcf_margin": 0.1144355670630564,
      "rev_growth_yoy": -0.018301698912129696,
      "rev_growth_yoy_accel": -0.04804981910830221,
      "op_leverage_ratio": Infinity,
      "fcf_margin_change": 0.048772235337446235
    },
    {
      "date": "2025-05-03T00:00:00",
      "quarter_label": "2025-05 (Q2)",
      "revenue": 4984971000,
      "gross_profit": 1403605000,
      "operating_income": 606470000,
      "net_income": 479249000,
      "opex": 797135000,
      "cogs": 3581366000,
      "rd": null,
      "sga": 797135000,
      "fcf": 202337000,
      "ocf": 409715000,
      "capex": -207378000,
      "gross_margin": 0.28156733509583104,
      "op_margin": 0.12165968468021178,
      "fcf_margin": 0.04058940362942934,
      "incr_op_margin_yoy": 0.12101273403517619,
      "rev_growth_yoy": 0.026122323961361587,
      "rev_growth_yoy_accel": 0.04442402287349129,
      "fcf_margin_change": -0.07384616343362706
    },
    {
      "date": "2025-08-02T00:00:00",
      "quarter_label": "2025-08 (Q3)",
      "revenue": 5529152000,
      "gross_profit": 1526985000,
      "operating_income": 638274000,
      "net_income": 507995000,
      "opex": 888711000,
      "cogs": 4002167000,
      "rd": null,
      "sga": 888711000,
      "fcf": 466635000,
      "ocf": 668362000,
      "capex": -201727000,
      "gross_margin": 0.2761698358084567,
      "op_margin": 0.11543795504265392,
      "fcf_margin": 0.08439540095841098,
      "incr_op_margin_yoy": -0.08673898018896425,
      "rev_growth_yoy": 0.045698748316554516,
      "rev_growth_yoy_accel": 0.01957642435519293,
      "op_leverage_ratio": 0.9502348334806293,
      "fcf_margin_change": 0.04380599732898165
    },
    {
      "date": "2025-11-01T00:00:00",
      "quarter_label": "2025-11 (Q4)",
      "revenue": 5600946000,
      "gross_profit": 1568500000,
      "operating_income": 648498000,
      "net_income": 511935000,
      "opex": 920002000,
      "cogs": 4032446000,
      "rd": null,
      "sga": 920002000,
      "fcf": 617827000,
      "ocf": 827088000,
      "capex": -209261000,
      "gross_margin": 0.2800419786228969,
      "op_margin": 0.11578365511826037,
      "fcf_margin": 0.11030761589202967,
      "incr_op_margin_yoy": 0.08361531140953792,
      "rev_growth_yoy": 0.10442812708400952,
      "rev_growth_yoy_accel": 0.058729378767455,
      "op_leverage_ratio": 0.3687828656067254,
      "fcf_margin_change": 0.025912214933618685
    }
  ],
  "signals": [
    {
      "quarter": "2025-11 (Q4)",
      "signal": "YoY REVENUE GROWTH ACCELERATION",
      "detail": "YoY growth: +10.4% vs prior quarter YoY: +4.6% (accel: +5.9%)",
      "severity": "MEDIUM"
    },
    {
      "quarter": "2024-05 (Q2)",
      "signal": "YoY REVENUE GROWTH DECELERATION",
      "detail": "YoY growth: +8.1% vs prior quarter YoY: +15.5% (decel: -7.4%)",
      "severity": "WARNING"
    },
    {
      "quarter": "2024-02 (Q1)",
      "signal": "FCF MARGIN EXPANSION",
      "detail": "FCF margin: +5.5% -> +12.1% (+6.5%)",
      "severity": "MEDIUM"
    },
    {
      "quarter": "2024-02 (Q1)",
      "signal": "YoY REVENUE GROWTH ACCELERATION",
      "detail": "YoY growth: +15.5% vs prior quarter YoY: +7.9% (accel: +7.6%)",
      "severity": "MEDIUM"
    },
    {
      "quarter": "2023-04 (Q2)",
      "signal": "GROSS MARGIN INFLECTION",
      "detail": "GM: +25.0% -> +24.7% -> +26.7% (reversal +2.0%)",
      "severity": "MEDIUM"
    },
    {
      "quarter": "2023-01 (Q1)",
      "signal": "FCF MARGIN EXPANSION",
      "detail": "FCF margin: +7.8% -> +18.8% (+11.0%)",
      "severity": "MEDIUM"
    },
    {
      "quarter": "2022-07 (Q3)",
      "signal": "FCF TURNED POSITIVE",
      "detail": "FCF margin: -12.1% -> +4.9%",
      "severity": "HIGH"
    },
    {
      "quarter": "2022-04 (Q2)",
      "signal": "YoY REVENUE GROWTH DECELERATION",
      "detail": "YoY growth: -4.1% vs prior quarter YoY: +18.1% (decel: -22.2%)",
      "severity": "WARNING"
    },
    {
      "quarter": "2021-05 (Q2)",
      "signal": "OPERATING LEVERAGE",
      "detail": "Rev growth +6.3% vs OpEx growth +0.7% (leverage: 9.4x)",
      "severity": "MEDIUM"
    }
  ],
  "data_quality": {
    "n_quarters": 20,
    "coverage": {
      "revenue": [
        20,
        20
      ],
      "gross_profit": [
        20,
        20
      ],
      "op_income": [
        7,
        20
      ],
      "fcf": [
        20,
        20
      ]
    },
    "gaps": [],
    "warnings": [
      "op_income: 7/20Q"
    ]
  },
  "market_cap": null,
  "source": "SEC EDGAR",
  "last_updated": "2026-02-02T19:56:57.618304"
}