{
  "ticker": "RPID",
  "name": "RAPID MICRO BIOSYSTEMS, INC.",
  "quarters": [
    {
      "date": "2020-12-31T00:00:00",
      "quarter_label": "2020-12 (Q4)",
      "revenue": 5238000,
      "gross_profit": null,
      "operating_income": -9715000,
      "net_income": -11339000,
      "opex": 14953000,
      "cogs": null,
      "rd": 1625000,
      "sga": null,
      "fcf": -5295000,
      "ocf": -5171000,
      "capex": -124000,
      "gross_margin": null,
      "op_margin": -1.8547155402825506,
      "fcf_margin": -1.0108820160366552
    },
    {
      "date": "2021-03-31T00:00:00",
      "quarter_label": "2021-03 (Q1)",
      "revenue": 4995000,
      "gross_profit": null,
      "operating_income": -9691000,
      "net_income": -22101000,
      "opex": 14686000,
      "cogs": null,
      "rd": 2147000,
      "sga": null,
      "fcf": -11513000,
      "ocf": -11262000,
      "capex": -251000,
      "gross_margin": null,
      "op_margin": -1.9401401401401401,
      "fcf_margin": -2.304904904904905,
      "fcf_margin_change": -1.2940228888682497
    },
    {
      "date": "2021-06-30T00:00:00",
      "quarter_label": "2021-06 (Q2)",
      "revenue": 6130000,
      "gross_profit": null,
      "operating_income": -10862000,
      "net_income": -11831000,
      "opex": 16992000,
      "cogs": null,
      "rd": 2337000,
      "sga": null,
      "fcf": -12047000,
      "ocf": -11506000,
      "capex": -541000,
      "gross_margin": null,
      "op_margin": -1.771941272430669,
      "fcf_margin": -1.965252854812398,
      "op_leverage_ratio": 1.4471201470334167,
      "fcf_margin_change": 0.3396520500925069
    },
    {
      "date": "2021-09-30T00:00:00",
      "quarter_label": "2021-09 (Q3)",
      "revenue": 6899000,
      "gross_profit": null,
      "operating_income": -12123000,
      "net_income": -24987000,
      "opex": 19022000,
      "cogs": null,
      "rd": 2441000,
      "sga": null,
      "fcf": -19768000,
      "ocf": -19309000,
      "capex": -459000,
      "gross_margin": null,
      "op_margin": -1.7572111900275402,
      "fcf_margin": -2.8653428033048267,
      "op_leverage_ratio": 1.050060511575953,
      "fcf_margin_change": -0.9000899484924287
    },
    {
      "date": "2021-12-31T00:00:00",
      "quarter_label": "2021-12 (Q4)",
      "revenue": 5208000,
      "gross_profit": null,
      "operating_income": -14556000,
      "net_income": -14605000,
      "opex": 19764000,
      "cogs": null,
      "rd": 2855000,
      "sga": null,
      "fcf": -14853000,
      "ocf": -12887000,
      "capex": -1966000,
      "gross_margin": null,
      "op_margin": -2.794930875576037,
      "fcf_margin": -2.8519585253456223,
      "rev_growth_yoy": -0.0057273768613974796,
      "fcf_margin_change": 0.013384277959204383
    },
    {
      "date": "2022-03-31T00:00:00",
      "quarter_label": "2022-03 (Q1)",
      "revenue": 4160000,
      "gross_profit": null,
      "operating_income": -14999000,
      "net_income": -14930000,
      "opex": 19159000,
      "cogs": null,
      "rd": 3525000,
      "sga": null,
      "fcf": -19154000,
      "ocf": -16801000,
      "capex": -2353000,
      "gross_margin": null,
      "op_margin": -3.605528846153846,
      "fcf_margin": -4.604326923076923,
      "rev_growth_yoy": -0.16716716716716717,
      "rev_growth_yoy_accel": -0.1614397903057697,
      "fcf_margin_change": -1.7523683977313005
    },
    {
      "date": "2022-06-30T00:00:00",
      "quarter_label": "2022-06 (Q2)",
      "revenue": 3860000,
      "gross_profit": null,
      "operating_income": -14074000,
      "net_income": -13090000,
      "opex": 17934000,
      "cogs": null,
      "rd": 2965000,
      "sga": null,
      "fcf": -16975000,
      "ocf": -14986000,
      "capex": -1989000,
      "gross_margin": null,
      "op_margin": -3.6461139896373056,
      "fcf_margin": -4.397668393782383,
      "incr_op_margin_yoy": 1.414977973568282,
      "rev_growth_yoy": -0.3703099510603589,
      "rev_growth_yoy_accel": -0.20314278389319174,
      "fcf_margin_change": 0.20665852929453976
    },
    {
      "date": "2022-09-30T00:00:00",
      "quarter_label": "2022-09 (Q3)",
      "revenue": 4739000,
      "gross_profit": null,
      "operating_income": -16886000,
      "net_income": -16339000,
      "opex": 21625000,
      "cogs": null,
      "rd": 2973000,
      "sga": null,
      "fcf": -16692000,
      "ocf": -15105000,
      "capex": -1587000,
      "gross_margin": null,
      "op_margin": -3.5631989871280862,
      "fcf_margin": -3.522262080607723,
      "incr_op_margin_yoy": 2.2050925925925924,
      "rev_growth_yoy": -0.31308885345702275,
      "rev_growth_yoy_accel": 0.05722109760333616,
      "op_leverage_ratio": 1.106457381980816,
      "fcf_margin_change": 0.8754063131746599
    },
    {
      "date": "2022-12-31T00:00:00",
      "quarter_label": "2022-12 (Q4)",
      "revenue": 4374000,
      "gross_profit": null,
      "operating_income": -17260000,
      "net_income": -16447000,
      "opex": 21634000,
      "cogs": null,
      "rd": 3403000,
      "sga": null,
      "fcf": -12466000,
      "ocf": -11655000,
      "capex": -811000,
      "gross_margin": null,
      "op_margin": -3.9460448102423413,
      "fcf_margin": -2.8500228623685415,
      "rev_growth_yoy": -0.16013824884792627,
      "rev_growth_yoy_accel": 0.15295060460909649,
      "fcf_margin_change": 0.6722392182391816
    },
    {
      "date": "2023-03-31T00:00:00",
      "quarter_label": "2023-03 (Q1)",
      "revenue": 5035000,
      "gross_profit": null,
      "operating_income": -14872000,
      "net_income": -13887000,
      "opex": 19907000,
      "cogs": null,
      "rd": 3153000,
      "sga": null,
      "fcf": -17445000,
      "ocf": -16686000,
      "capex": -759000,
      "gross_margin": null,
      "op_margin": -2.953723932472691,
      "fcf_margin": -3.464746772591857,
      "rev_growth_yoy": 0.21033653846153846,
      "rev_growth_yoy_accel": 0.3704747873094647,
      "op_leverage_ratio": Infinity,
      "fcf_margin_change": -0.6147239102233155
    },
    {
      "date": "2023-06-30T00:00:00",
      "quarter_label": "2023-06 (Q2)",
      "revenue": 5002000,
      "gross_profit": null,
      "operating_income": -15054000,
      "net_income": -14016000,
      "opex": 20056000,
      "cogs": null,
      "rd": 3233000,
      "sga": null,
      "fcf": -9405000,
      "ocf": -9190000,
      "capex": -215000,
      "gross_margin": null,
      "op_margin": -3.0095961615353857,
      "fcf_margin": -1.8802479008396642,
      "incr_op_margin_yoy": -0.8581436077057794,
      "rev_growth_yoy": 0.29585492227979276,
      "rev_growth_yoy_accel": 0.0855183838182543,
      "fcf_margin_change": 1.5844988717521928
    },
    {
      "date": "2023-09-30T00:00:00",
      "quarter_label": "2023-09 (Q3)",
      "revenue": 6145000,
      "gross_profit": null,
      "operating_income": -14449000,
      "net_income": -13392000,
      "opex": 20594000,
      "cogs": null,
      "rd": 3116000,
      "sga": null,
      "fcf": -10161000,
      "ocf": -9708000,
      "capex": -453000,
      "gross_margin": null,
      "op_margin": -2.3513425549227014,
      "fcf_margin": -1.653539462978031,
      "incr_op_margin_yoy": 1.733285917496444,
      "rev_growth_yoy": 0.2966870647815995,
      "rev_growth_yoy_accel": 0.000832142501806743,
      "op_leverage_ratio": 8.518528648020347,
      "fcf_margin_change": 0.2267084378616333
    },
    {
      "date": "2023-12-31T00:00:00",
      "quarter_label": "2023-12 (Q4)",
      "revenue": 6337000,
      "gross_profit": null,
      "operating_income": -12188000,
      "net_income": -11172000,
      "opex": 18525000,
      "cogs": null,
      "rd": 3318000,
      "sga": null,
      "fcf": -9915000,
      "ocf": -9497000,
      "capex": -418000,
      "gross_margin": null,
      "op_margin": -1.9233075587817579,
      "fcf_margin": -1.5646204828783337,
      "incr_op_margin_yoy": 2.58380030565461,
      "rev_growth_yoy": 0.44878829446730684,
      "rev_growth_yoy_accel": 0.15210122968570733,
      "op_leverage_ratio": Infinity,
      "fcf_margin_change": 0.08891898009969723
    },
    {
      "date": "2024-03-31T00:00:00",
      "quarter_label": "2024-03 (Q1)",
      "revenue": 5611000,
      "gross_profit": null,
      "operating_income": -14273000,
      "net_income": -13322000,
      "opex": 19884000,
      "cogs": null,
      "rd": 3842000,
      "sga": null,
      "fcf": -16110000,
      "ocf": -15525000,
      "capex": -585000,
      "gross_margin": null,
      "op_margin": -2.5437533416503295,
      "fcf_margin": -2.8711459632864016,
      "rev_growth_yoy": 0.1143992055610725,
      "rev_growth_yoy_accel": -0.3343890889062343,
      "fcf_margin_change": -1.306525480408068
    },
    {
      "date": "2024-06-30T00:00:00",
      "quarter_label": "2024-06 (Q2)",
      "revenue": 6618000,
      "gross_profit": null,
      "operating_income": -13378000,
      "net_income": -12578000,
      "opex": 19996000,
      "cogs": null,
      "rd": 3744000,
      "sga": null,
      "fcf": -10578000,
      "ocf": -10119000,
      "capex": -459000,
      "gross_margin": null,
      "op_margin": -2.021456633423995,
      "fcf_margin": -1.598368087035358,
      "incr_op_margin_yoy": 1.0371287128712872,
      "rev_growth_yoy": 0.3230707716913235,
      "rev_growth_yoy_accel": 0.20867156613025098,
      "op_leverage_ratio": 31.862139420016803,
      "fcf_margin_change": 1.2727778762510435
    },
    {
      "date": "2024-09-30T00:00:00",
      "quarter_label": "2024-09 (Q3)",
      "revenue": 7604000,
      "gross_profit": null,
      "operating_income": -12039000,
      "net_income": -11323000,
      "opex": 19643000,
      "cogs": null,
      "rd": 3609000,
      "sga": null,
      "fcf": -8823000,
      "ocf": -8600000,
      "capex": -223000,
      "gross_margin": null,
      "op_margin": -1.5832456601788532,
      "fcf_margin": -1.1603103629668596,
      "incr_op_margin_yoy": 1.6518163125428376,
      "rev_growth_yoy": 0.23742880390561433,
      "rev_growth_yoy_accel": -0.08564196778570915,
      "op_leverage_ratio": Infinity,
      "fcf_margin_change": 0.4380577240684984
    },
    {
      "date": "2024-12-31T00:00:00",
      "quarter_label": "2024-12 (Q4)",
      "revenue": 8218000,
      "gross_profit": null,
      "operating_income": -10229000,
      "net_income": -9666000,
      "opex": 18447000,
      "cogs": null,
      "rd": 3402000,
      "sga": null,
      "fcf": -10007000,
      "ocf": -9909000,
      "capex": -98000,
      "gross_margin": null,
      "op_margin": -1.2447067412995863,
      "fcf_margin": -1.2176928693112679,
      "incr_op_margin_yoy": 1.0414673046251994,
      "rev_growth_yoy": 0.29682815212245545,
      "rev_growth_yoy_accel": 0.05939934821684112,
      "op_leverage_ratio": Infinity,
      "fcf_margin_change": -0.057382506344408224
    },
    {
      "date": "2025-03-31T00:00:00",
      "quarter_label": "2025-03 (Q1)",
      "revenue": 7205000,
      "gross_profit": null,
      "operating_income": -11661000,
      "net_income": -11263000,
      "opex": 18866000,
      "cogs": null,
      "rd": 3624000,
      "sga": null,
      "fcf": -9384000,
      "ocf": -9065000,
      "capex": -319000,
      "gross_margin": null,
      "op_margin": -1.6184594031922277,
      "fcf_margin": -1.3024288688410826,
      "incr_op_margin_yoy": 1.6386449184441656,
      "rev_growth_yoy": 0.2840848333630369,
      "rev_growth_yoy_accel": -0.012743318759418532,
      "fcf_margin_change": -0.0847359995298147
    },
    {
      "date": "2025-06-30T00:00:00",
      "quarter_label": "2025-06 (Q2)",
      "revenue": 7262000,
      "gross_profit": null,
      "operating_income": -12148000,
      "net_income": -11858000,
      "opex": 19410000,
      "cogs": null,
      "rd": 3230000,
      "sga": null,
      "fcf": -10066000,
      "ocf": -9700000,
      "capex": -366000,
      "gross_margin": null,
      "op_margin": -1.6728174056733682,
      "fcf_margin": -1.3861195263012944,
      "rev_growth_yoy": 0.09731036566938653,
      "rev_growth_yoy_accel": -0.1867744676936504,
      "fcf_margin_change": -0.08369065746021187
    },
    {
      "date": "2025-09-30T00:00:00",
      "quarter_label": "2025-09 (Q3)",
      "revenue": 7838000,
      "gross_profit": null,
      "operating_income": -11372000,
      "net_income": -11505000,
      "opex": 19210000,
      "cogs": null,
      "rd": 3529000,
      "sga": null,
      "fcf": -9124000,
      "ocf": -9051000,
      "capex": -73000,
      "gross_margin": null,
      "op_margin": -1.450880326613932,
      "fcf_margin": -1.1640724674661904,
      "rev_growth_yoy": 0.030773277222514467,
      "rev_growth_yoy_accel": -0.06653708844687206,
      "op_leverage_ratio": Infinity,
      "fcf_margin_change": 0.222047058835104
    }
  ],
  "signals": [
    {
      "quarter": "2025-09 (Q3)",
      "signal": "FCF MARGIN EXPANSION",
      "detail": "FCF margin: -138.6% -> -116.4% (+22.2%)",
      "severity": "MEDIUM"
    },
    {
      "quarter": "2025-09 (Q3)",
      "signal": "YoY REVENUE GROWTH DECELERATION",
      "detail": "YoY growth: +3.1% vs prior quarter YoY: +9.7% (decel: -6.7%)",
      "severity": "WARNING"
    },
    {
      "quarter": "2025-06 (Q2)",
      "signal": "YoY REVENUE GROWTH DECELERATION",
      "detail": "YoY growth: +9.7% vs prior quarter YoY: +28.4% (decel: -18.7%)",
      "severity": "WARNING"
    },
    {
      "quarter": "2024-12 (Q4)",
      "signal": "YoY REVENUE GROWTH ACCELERATION",
      "detail": "YoY growth: +29.7% vs prior quarter YoY: +23.7% (accel: +5.9%)",
      "severity": "MEDIUM"
    },
    {
      "quarter": "2024-09 (Q3)",
      "signal": "FCF MARGIN EXPANSION",
      "detail": "FCF margin: -159.8% -> -116.0% (+43.8%)",
      "severity": "MEDIUM"
    },
    {
      "quarter": "2024-09 (Q3)",
      "signal": "YoY REVENUE GROWTH DECELERATION",
      "detail": "YoY growth: +23.7% vs prior quarter YoY: +32.3% (decel: -8.6%)",
      "severity": "WARNING"
    },
    {
      "quarter": "2024-06 (Q2)",
      "signal": "FCF MARGIN EXPANSION",
      "detail": "FCF margin: -287.1% -> -159.8% (+127.3%)",
      "severity": "MEDIUM"
    },
    {
      "quarter": "2024-06 (Q2)",
      "signal": "OPERATING LEVERAGE",
      "detail": "Rev growth +17.9% vs OpEx growth +0.6% (leverage: 31.9x)",
      "severity": "MEDIUM"
    },
    {
      "quarter": "2024-06 (Q2)",
      "signal": "YoY REVENUE GROWTH ACCELERATION",
      "detail": "YoY growth: +32.3% vs prior quarter YoY: +11.4% (accel: +20.9%)",
      "severity": "HIGH"
    },
    {
      "quarter": "2024-03 (Q1)",
      "signal": "YoY REVENUE GROWTH DECELERATION",
      "detail": "YoY growth: +11.4% vs prior quarter YoY: +44.9% (decel: -33.4%)",
      "severity": "WARNING"
    },
    {
      "quarter": "2023-12 (Q4)",
      "signal": "FCF MARGIN EXPANSION",
      "detail": "FCF margin: -165.4% -> -156.5% (+8.9%)",
      "severity": "MEDIUM"
    },
    {
      "quarter": "2023-12 (Q4)",
      "signal": "YoY REVENUE GROWTH ACCELERATION",
      "detail": "YoY growth: +44.9% vs prior quarter YoY: +29.7% (accel: +15.2%)",
      "severity": "HIGH"
    },
    {
      "quarter": "2023-09 (Q3)",
      "signal": "FCF MARGIN EXPANSION",
      "detail": "FCF margin: -188.0% -> -165.4% (+22.7%)",
      "severity": "MEDIUM"
    },
    {
      "quarter": "2023-09 (Q3)",
      "signal": "OPERATING LEVERAGE",
      "detail": "Rev growth +22.9% vs OpEx growth +2.7% (leverage: 8.5x)",
      "severity": "MEDIUM"
    },
    {
      "quarter": "2023-06 (Q2)",
      "signal": "FCF MARGIN EXPANSION",
      "detail": "FCF margin: -346.5% -> -188.0% (+158.4%)",
      "severity": "MEDIUM"
    },
    {
      "quarter": "2023-06 (Q2)",
      "signal": "YoY REVENUE GROWTH ACCELERATION",
      "detail": "YoY growth: +29.6% vs prior quarter YoY: +21.0% (accel: +8.6%)",
      "severity": "MEDIUM"
    },
    {
      "quarter": "2023-03 (Q1)",
      "signal": "YoY REVENUE GROWTH ACCELERATION",
      "detail": "YoY growth: +21.0% vs prior quarter YoY: -16.0% (accel: +37.0%)",
      "severity": "HIGH"
    },
    {
      "quarter": "2022-12 (Q4)",
      "signal": "FCF MARGIN EXPANSION",
      "detail": "FCF margin: -352.2% -> -285.0% (+67.2%)",
      "severity": "MEDIUM"
    },
    {
      "quarter": "2022-12 (Q4)",
      "signal": "YoY REVENUE GROWTH ACCELERATION",
      "detail": "YoY growth: -16.0% vs prior quarter YoY: -31.3% (accel: +15.3%)",
      "severity": "HIGH"
    },
    {
      "quarter": "2022-09 (Q3)",
      "signal": "FCF MARGIN EXPANSION",
      "detail": "FCF margin: -439.8% -> -352.2% (+87.5%)",
      "severity": "MEDIUM"
    },
    {
      "quarter": "2022-09 (Q3)",
      "signal": "YoY REVENUE GROWTH ACCELERATION",
      "detail": "YoY growth: -31.3% vs prior quarter YoY: -37.0% (accel: +5.7%)",
      "severity": "MEDIUM"
    },
    {
      "quarter": "2022-06 (Q2)",
      "signal": "FCF MARGIN EXPANSION",
      "detail": "FCF margin: -460.4% -> -439.8% (+20.7%)",
      "severity": "MEDIUM"
    },
    {
      "quarter": "2022-06 (Q2)",
      "signal": "YoY REVENUE GROWTH DECELERATION",
      "detail": "YoY growth: -37.0% vs prior quarter YoY: -16.7% (decel: -20.3%)",
      "severity": "WARNING"
    },
    {
      "quarter": "2022-03 (Q1)",
      "signal": "YoY REVENUE GROWTH DECELERATION",
      "detail": "YoY growth: -16.7% vs prior quarter YoY: -0.6% (decel: -16.1%)",
      "severity": "WARNING"
    },
    {
      "quarter": "2021-06 (Q2)",
      "signal": "FCF MARGIN EXPANSION",
      "detail": "FCF margin: -230.5% -> -196.5% (+34.0%)",
      "severity": "MEDIUM"
    }
  ],
  "data_quality": {
    "n_quarters": 20,
    "coverage": {
      "revenue": [
        20,
        20
      ],
      "gross_profit": [
        0,
        20
      ],
      "op_income": [
        20,
        20
      ],
      "fcf": [
        20,
        20
      ]
    },
    "gaps": [],
    "warnings": [
      "gross_profit: no data"
    ]
  },
  "market_cap": null,
  "source": "SEC EDGAR",
  "last_updated": "2026-02-02T23:03:12.477341"
}