{
  "ticker": "RPM",
  "name": "RPM International Inc.",
  "quarters": [
    {
      "date": "2021-02-28T00:00:00",
      "quarter_label": "2021-02 (Q1)",
      "revenue": 1269395000,
      "gross_profit": 471941000,
      "operating_income": null,
      "net_income": 38242000,
      "opex": null,
      "cogs": 797454000,
      "rd": null,
      "sga": 402186000,
      "fcf": 72403000,
      "ocf": 72403000,
      "capex": null,
      "gross_margin": 0.37178419640852534,
      "op_margin": null,
      "fcf_margin": 0.05703740758392778
    },
    {
      "date": "2021-05-31T00:00:00",
      "quarter_label": "2021-05 (Q2)",
      "revenue": 1744307000,
      "gross_profit": 693391000,
      "operating_income": null,
      "net_income": 156147000,
      "opex": null,
      "cogs": 1050916000,
      "rd": null,
      "sga": 466470000,
      "fcf": 114250000,
      "ocf": 114250000,
      "capex": null,
      "gross_margin": 0.39751660688170143,
      "op_margin": null,
      "fcf_margin": 0.0654987912104922,
      "fcf_margin_change": 0.008461383626564414
    },
    {
      "date": "2021-08-31T00:00:00",
      "quarter_label": "2021-08 (Q3)",
      "revenue": 1650420000,
      "gross_profit": 613351000,
      "operating_income": null,
      "net_income": 134582000,
      "opex": null,
      "cogs": 1037069000,
      "rd": null,
      "sga": 418850000,
      "fcf": 76107000,
      "ocf": 76107000,
      "capex": null,
      "gross_margin": 0.371633281225385,
      "op_margin": null,
      "fcf_margin": 0.0461137165085251,
      "fcf_margin_change": -0.01938507470196709
    },
    {
      "date": "2021-11-30T00:00:00",
      "quarter_label": "2021-11 (Q4)",
      "revenue": 1639538000,
      "gross_profit": 582614000,
      "operating_income": null,
      "net_income": 124875000,
      "opex": null,
      "cogs": 1056924000,
      "rd": null,
      "sga": 437709000,
      "fcf": 83248000,
      "ocf": 83248000,
      "capex": null,
      "gross_margin": 0.35535254443629855,
      "op_margin": null,
      "fcf_margin": 0.05077527937748317,
      "fcf_margin_change": 0.004661562868958066
    },
    {
      "date": "2022-02-28T00:00:00",
      "quarter_label": "2022-02 (Q1)",
      "revenue": 1433879000,
      "gross_profit": 498586000,
      "operating_income": null,
      "net_income": 33019000,
      "opex": null,
      "cogs": 935293000,
      "rd": null,
      "sga": 433569000,
      "fcf": -3404000,
      "ocf": -3404000,
      "capex": null,
      "gross_margin": 0.3477183221178356,
      "op_margin": null,
      "fcf_margin": -0.0023739799522832818,
      "rev_growth_yoy": 0.12957668810732673,
      "fcf_margin_change": -0.053149259329766455
    },
    {
      "date": "2022-05-31T00:00:00",
      "quarter_label": "2022-05 (Q2)",
      "revenue": 1983890000,
      "gross_profit": 738502000,
      "operating_income": null,
      "net_income": 199005000,
      "opex": null,
      "cogs": 1245388000,
      "rd": null,
      "sga": 498039000,
      "fcf": 22780000,
      "ocf": 22780000,
      "capex": null,
      "gross_margin": 0.3722494694766343,
      "op_margin": null,
      "fcf_margin": 0.01148249146878103,
      "rev_growth_yoy": 0.13735139513858513,
      "rev_growth_yoy_accel": 0.007774707031258404,
      "fcf_margin_change": 0.013856471421064312
    },
    {
      "date": "2022-08-31T00:00:00",
      "quarter_label": "2022-08 (Q3)",
      "revenue": 1932320000,
      "gross_profit": 744471000,
      "operating_income": null,
      "net_income": 169013000,
      "opex": null,
      "cogs": 1187849000,
      "rd": null,
      "sga": 485205000,
      "fcf": 23555000,
      "ocf": 23555000,
      "capex": null,
      "gross_margin": 0.38527314316469324,
      "op_margin": null,
      "fcf_margin": 0.012190009936242445,
      "rev_growth_yoy": 0.17080500721028585,
      "rev_growth_yoy_accel": 0.03345361207170072,
      "fcf_margin_change": 0.0007075184674614141
    },
    {
      "date": "2022-11-30T00:00:00",
      "quarter_label": "2022-11 (Q4)",
      "revenue": 1791708000,
      "gross_profit": 690391000,
      "operating_income": null,
      "net_income": 131344000,
      "opex": null,
      "cogs": 1101317000,
      "rd": null,
      "sga": 490607000,
      "fcf": 167360000,
      "ocf": 167360000,
      "capex": null,
      "gross_margin": 0.38532562225541217,
      "op_margin": null,
      "fcf_margin": 0.09340807765551083,
      "rev_growth_yoy": 0.09281273139140417,
      "rev_growth_yoy_accel": -0.07799227581888168,
      "fcf_margin_change": 0.08121806771926839
    },
    {
      "date": "2023-02-28T00:00:00",
      "quarter_label": "2023-02 (Q1)",
      "revenue": 1516176000,
      "gross_profit": 538034000,
      "operating_income": null,
      "net_income": 26974000,
      "opex": null,
      "cogs": 978142000,
      "rd": null,
      "sga": 450019000,
      "fcf": 72093000,
      "ocf": 72093000,
      "capex": null,
      "gross_margin": 0.3548624961745866,
      "op_margin": null,
      "fcf_margin": 0.04754922911324279,
      "rev_growth_yoy": 0.0573946616137066,
      "rev_growth_yoy_accel": -0.03541806977769757,
      "fcf_margin_change": -0.045858848542268044
    },
    {
      "date": "2023-05-31T00:00:00",
      "quarter_label": "2023-05 (Q2)",
      "revenue": 2016210000,
      "gross_profit": 775148000,
      "operating_income": null,
      "net_income": 151360000,
      "opex": null,
      "cogs": 1241062000,
      "rd": null,
      "sga": 530071000,
      "fcf": 314097000,
      "ocf": 314097000,
      "capex": null,
      "gross_margin": 0.3844579681679984,
      "op_margin": null,
      "fcf_margin": 0.1557858556400375,
      "rev_growth_yoy": 0.01629122582401242,
      "rev_growth_yoy_accel": -0.04110343578969418,
      "fcf_margin_change": 0.10823662652679471
    },
    {
      "date": "2023-08-31T00:00:00",
      "quarter_label": "2023-08 (Q3)",
      "revenue": 2011857000,
      "gross_profit": 828617000,
      "operating_income": null,
      "net_income": 201082000,
      "opex": null,
      "cogs": 1183240000,
      "rd": null,
      "sga": 531032000,
      "fcf": 359210000,
      "ocf": 359210000,
      "capex": null,
      "gross_margin": 0.41186674798457346,
      "op_margin": null,
      "fcf_margin": 0.17854648715092575,
      "rev_growth_yoy": 0.04116140183820485,
      "rev_growth_yoy_accel": 0.024870176014192433,
      "fcf_margin_change": 0.022760631510888252
    },
    {
      "date": "2023-11-30T00:00:00",
      "quarter_label": "2023-11 (Q4)",
      "revenue": 1792275000,
      "gross_profit": 748228000,
      "operating_income": null,
      "net_income": 145505000,
      "opex": null,
      "cogs": 1044047000,
      "rd": null,
      "sga": 523289000,
      "fcf": 408571000,
      "ocf": 408571000,
      "capex": null,
      "gross_margin": 0.417473880961348,
      "op_margin": null,
      "fcf_margin": 0.22796222677881464,
      "rev_growth_yoy": 0.0003164578156708571,
      "rev_growth_yoy_accel": -0.040844944022534,
      "fcf_margin_change": 0.049415739627888894
    },
    {
      "date": "2024-02-29T00:00:00",
      "quarter_label": "2024-02 (Q1)",
      "revenue": 1522982000,
      "gross_profit": 607164000,
      "operating_income": null,
      "net_income": 61199000,
      "opex": null,
      "cogs": 915818000,
      "rd": null,
      "sga": 504760000,
      "fcf": 173364000,
      "ocf": 173364000,
      "capex": null,
      "gross_margin": 0.3986678765737218,
      "op_margin": null,
      "fcf_margin": 0.11383194285946913,
      "rev_growth_yoy": 0.004488924768628444,
      "rev_growth_yoy_accel": 0.004172466952957587,
      "fcf_margin_change": -0.11413028391934552
    },
    {
      "date": "2024-05-31T00:00:00",
      "quarter_label": "2024-05 (Q2)",
      "revenue": 2008163000,
      "gross_profit": 830580000,
      "operating_income": null,
      "net_income": 180611000,
      "opex": null,
      "cogs": 1177583000,
      "rd": null,
      "sga": 554504000,
      "fcf": 181160000,
      "ocf": 181160000,
      "capex": null,
      "gross_margin": 0.413601883910818,
      "op_margin": null,
      "fcf_margin": 0.09021180053611186,
      "rev_growth_yoy": -0.0039911517153471115,
      "rev_growth_yoy_accel": -0.008480076483975555,
      "fcf_margin_change": -0.02362014232335727
    },
    {
      "date": "2024-08-31T00:00:00",
      "quarter_label": "2024-08 (Q3)",
      "revenue": 1968789000,
      "gross_profit": 836673000,
      "operating_income": null,
      "net_income": 227692000,
      "opex": null,
      "cogs": 1132116000,
      "rd": null,
      "sga": 526146000,
      "fcf": 248059000,
      "ocf": 248059000,
      "capex": null,
      "gross_margin": 0.42496834348424334,
      "op_margin": null,
      "fcf_margin": 0.12599572630688205,
      "rev_growth_yoy": -0.021407088078327634,
      "rev_growth_yoy_accel": -0.01741593636298052,
      "fcf_margin_change": 0.03578392577077019
    },
    {
      "date": "2024-11-30T00:00:00",
      "quarter_label": "2024-11 (Q4)",
      "revenue": 1845318000,
      "gross_profit": 764544000,
      "operating_income": null,
      "net_income": 183204000,
      "opex": null,
      "cogs": 1080774000,
      "rd": null,
      "sga": 529836000,
      "fcf": 279449000,
      "ocf": 279449000,
      "capex": null,
      "gross_margin": 0.41431558137946956,
      "op_margin": null,
      "fcf_margin": 0.1514367713315537,
      "rev_growth_yoy": 0.02959534669623802,
      "rev_growth_yoy_accel": 0.051002434774565654,
      "fcf_margin_change": 0.02544104502467165
    },
    {
      "date": "2025-02-28T00:00:00",
      "quarter_label": "2025-02 (Q1)",
      "revenue": 1476562000,
      "gross_profit": 567490000,
      "operating_income": null,
      "net_income": 52034000,
      "opex": null,
      "cogs": 909072000,
      "rd": null,
      "sga": 501710000,
      "fcf": 91504000,
      "ocf": 91504000,
      "capex": null,
      "gross_margin": 0.3843319819960151,
      "op_margin": null,
      "fcf_margin": 0.06197098394784641,
      "rev_growth_yoy": -0.03047967736979163,
      "rev_growth_yoy_accel": -0.06007502406602965,
      "fcf_margin_change": -0.08946578738370728
    },
    {
      "date": "2025-05-31T00:00:00",
      "quarter_label": "2025-05 (Q2)",
      "revenue": 2081975000,
      "gross_profit": 881771000,
      "operating_income": null,
      "net_income": 225758000,
      "opex": null,
      "cogs": 1200204000,
      "rd": null,
      "sga": 592845000,
      "fcf": 149178000,
      "ocf": 149178000,
      "capex": null,
      "gross_margin": 0.42352621909484983,
      "op_margin": null,
      "fcf_margin": 0.07165215720649863,
      "rev_growth_yoy": 0.03675598046572913,
      "rev_growth_yoy_accel": 0.06723565783552077,
      "fcf_margin_change": 0.009681173258652219
    },
    {
      "date": "2025-08-31T00:00:00",
      "quarter_label": "2025-08 (Q3)",
      "revenue": 2113743000,
      "gross_profit": 893216000,
      "operating_income": null,
      "net_income": 227605000,
      "opex": null,
      "cogs": 1220527000,
      "rd": null,
      "sga": 573534000,
      "fcf": 237510000,
      "ocf": 237510000,
      "capex": null,
      "gross_margin": 0.42257549758887436,
      "op_margin": null,
      "fcf_margin": 0.1123646536026376,
      "rev_growth_yoy": 0.07362597007602135,
      "rev_growth_yoy_accel": 0.036869989610292225,
      "fcf_margin_change": 0.04071249639613897
    },
    {
      "date": "2025-11-30T00:00:00",
      "quarter_label": "2025-11 (Q4)",
      "revenue": 1909895000,
      "gross_profit": 780167000,
      "operating_income": null,
      "net_income": 161207000,
      "opex": null,
      "cogs": 1129728000,
      "rd": null,
      "sga": 549465000,
      "fcf": 345699000,
      "ocf": 345699000,
      "capex": null,
      "gross_margin": 0.4084868539893554,
      "op_margin": null,
      "fcf_margin": 0.18100419132988987,
      "rev_growth_yoy": 0.034995052343281756,
      "rev_growth_yoy_accel": -0.0386309177327396,
      "fcf_margin_change": 0.06863953772725227
    }
  ],
  "signals": [
    {
      "quarter": "2025-11 (Q4)",
      "signal": "FCF MARGIN EXPANSION",
      "detail": "FCF margin: +11.2% -> +18.1% (+6.9%)",
      "severity": "MEDIUM"
    },
    {
      "quarter": "2025-05 (Q2)",
      "signal": "GROSS MARGIN INFLECTION",
      "detail": "GM: +41.4% -> +38.4% -> +42.4% (reversal +3.9%)",
      "severity": "MEDIUM"
    },
    {
      "quarter": "2025-05 (Q2)",
      "signal": "YoY REVENUE GROWTH ACCELERATION",
      "detail": "YoY growth: +3.7% vs prior quarter YoY: -3.0% (accel: +6.7%)",
      "severity": "MEDIUM"
    },
    {
      "quarter": "2025-02 (Q1)",
      "signal": "YoY REVENUE GROWTH DECELERATION",
      "detail": "YoY growth: -3.0% vs prior quarter YoY: +3.0% (decel: -6.0%)",
      "severity": "WARNING"
    },
    {
      "quarter": "2024-11 (Q4)",
      "signal": "YoY REVENUE GROWTH ACCELERATION",
      "detail": "YoY growth: +3.0% vs prior quarter YoY: -2.1% (accel: +5.1%)",
      "severity": "MEDIUM"
    },
    {
      "quarter": "2023-05 (Q2)",
      "signal": "FCF MARGIN EXPANSION",
      "detail": "FCF margin: +4.8% -> +15.6% (+10.8%)",
      "severity": "MEDIUM"
    },
    {
      "quarter": "2023-05 (Q2)",
      "signal": "GROSS MARGIN INFLECTION",
      "detail": "GM: +38.5% -> +35.5% -> +38.4% (reversal +3.0%)",
      "severity": "MEDIUM"
    },
    {
      "quarter": "2022-11 (Q4)",
      "signal": "FCF MARGIN EXPANSION",
      "detail": "FCF margin: +1.2% -> +9.3% (+8.1%)",
      "severity": "MEDIUM"
    },
    {
      "quarter": "2022-11 (Q4)",
      "signal": "YoY REVENUE GROWTH DECELERATION",
      "detail": "YoY growth: +9.3% vs prior quarter YoY: +17.1% (decel: -7.8%)",
      "severity": "WARNING"
    },
    {
      "quarter": "2022-05 (Q2)",
      "signal": "FCF TURNED POSITIVE",
      "detail": "FCF margin: -0.2% -> +1.1%",
      "severity": "HIGH"
    },
    {
      "quarter": "2022-05 (Q2)",
      "signal": "GROSS MARGIN INFLECTION",
      "detail": "GM: +35.5% -> +34.8% -> +37.2% (reversal +2.5%)",
      "severity": "MEDIUM"
    }
  ],
  "data_quality": {
    "n_quarters": 20,
    "coverage": {
      "revenue": [
        20,
        20
      ],
      "gross_profit": [
        20,
        20
      ],
      "op_income": [
        0,
        20
      ],
      "fcf": [
        20,
        20
      ]
    },
    "gaps": [],
    "warnings": [
      "op_income: no data"
    ]
  },
  "market_cap": null,
  "source": "SEC EDGAR",
  "last_updated": "2026-02-02T20:29:05.518397"
}