{
  "ticker": "RPRX",
  "name": "Royalty Pharma plc",
  "quarters": [
    {
      "date": "2020-12-31T00:00:00",
      "quarter_label": "2020-12 (Q4)",
      "revenue": 572143000,
      "gross_profit": null,
      "operating_income": 314055000,
      "net_income": 171094000,
      "opex": 258088000,
      "cogs": null,
      "rd": 7779000,
      "sga": null,
      "fcf": 565673000,
      "ocf": 565673000,
      "capex": null,
      "gross_margin": null,
      "op_margin": 0.5489099753033769,
      "fcf_margin": 0.9886916382792413
    },
    {
      "date": "2021-03-31T00:00:00",
      "quarter_label": "2021-03 (Q1)",
      "revenue": 573027000,
      "gross_profit": null,
      "operating_income": 229297000,
      "net_income": 69119000,
      "opex": 343730000,
      "cogs": null,
      "rd": 2641000,
      "sga": null,
      "fcf": 526100000,
      "ocf": 526100000,
      "capex": null,
      "gross_margin": null,
      "op_margin": 0.40015042921188704,
      "fcf_margin": 0.9181068256818614,
      "fcf_margin_change": -0.07058481259737992
    },
    {
      "date": "2021-06-30T00:00:00",
      "quarter_label": "2021-06 (Q2)",
      "revenue": 554963000,
      "gross_profit": null,
      "operating_income": 744949000,
      "net_income": 440776000,
      "opex": -189986000,
      "cogs": null,
      "rd": 3122000,
      "sga": null,
      "fcf": 531720000,
      "ocf": 531720000,
      "capex": null,
      "gross_margin": null,
      "op_margin": 1.342339939779769,
      "fcf_margin": 0.9581179285826262,
      "fcf_margin_change": 0.04001110290076482
    },
    {
      "date": "2021-09-30T00:00:00",
      "quarter_label": "2021-09 (Q3)",
      "revenue": 585773000,
      "gross_profit": null,
      "operating_income": 303052000,
      "net_income": 101929000,
      "opex": 282721000,
      "cogs": null,
      "rd": 90500000,
      "sga": null,
      "fcf": 469759000,
      "ocf": 469759000,
      "capex": null,
      "gross_margin": null,
      "op_margin": 0.5173539920754285,
      "fcf_margin": 0.8019471706616726,
      "op_leverage_ratio": Infinity,
      "fcf_margin_change": -0.15617075792095358
    },
    {
      "date": "2021-12-31T00:00:00",
      "quarter_label": "2021-12 (Q4)",
      "revenue": 575700000,
      "gross_profit": null,
      "operating_income": 153417000,
      "net_income": 7904000,
      "opex": 422283000,
      "cogs": null,
      "rd": 103821000,
      "sga": null,
      "fcf": 489957000,
      "ocf": 489957000,
      "capex": null,
      "gross_margin": null,
      "op_margin": 0.26648775403856173,
      "fcf_margin": 0.8510630536737884,
      "incr_op_margin_yoy": -45.16109080685971,
      "rev_growth_yoy": 0.006216977224225412,
      "fcf_margin_change": 0.04911588301211578
    },
    {
      "date": "2022-03-31T00:00:00",
      "quarter_label": "2022-03 (Q1)",
      "revenue": 562049000,
      "gross_profit": null,
      "operating_income": 219718000,
      "net_income": 51761000,
      "opex": 342331000,
      "cogs": null,
      "rd": 100500000,
      "sga": null,
      "fcf": 460270000,
      "ocf": 460270000,
      "capex": null,
      "gross_margin": null,
      "op_margin": 0.3909232113214328,
      "fcf_margin": 0.818914365117632,
      "incr_op_margin_yoy": 0.8725633084350519,
      "rev_growth_yoy": -0.019157910534756652,
      "rev_growth_yoy_accel": -0.025374887758982063,
      "fcf_margin_change": -0.03214868855615638
    },
    {
      "date": "2022-06-30T00:00:00",
      "quarter_label": "2022-06 (Q2)",
      "revenue": 535955000,
      "gross_profit": null,
      "operating_income": 377792000,
      "net_income": 304504000,
      "opex": 158163000,
      "cogs": null,
      "rd": 606000,
      "sga": null,
      "fcf": 574952000,
      "ocf": 574952000,
      "capex": null,
      "gross_margin": null,
      "op_margin": 0.7048950005131028,
      "fcf_margin": 1.0727617057402208,
      "incr_op_margin_yoy": 19.315919612794612,
      "rev_growth_yoy": -0.034250932044118255,
      "rev_growth_yoy_accel": -0.015093021509361603,
      "fcf_margin_change": 0.25384734062258874
    },
    {
      "date": "2022-09-30T00:00:00",
      "quarter_label": "2022-09 (Q3)",
      "revenue": 573463000,
      "gross_profit": null,
      "operating_income": 192210000,
      "net_income": 142651000,
      "opex": 381253000,
      "cogs": null,
      "rd": 25500000,
      "sga": null,
      "fcf": 538827000,
      "ocf": 538827000,
      "capex": null,
      "gross_margin": null,
      "op_margin": 0.3351741960684473,
      "fcf_margin": 0.9396020318660488,
      "incr_op_margin_yoy": 9.004224207961007,
      "rev_growth_yoy": -0.02101496654847526,
      "rev_growth_yoy_accel": 0.013235965495642994,
      "op_leverage_ratio": 0.049615842578127844,
      "fcf_margin_change": -0.13315967387417194
    },
    {
      "date": "2022-12-31T00:00:00",
      "quarter_label": "2022-12 (Q4)",
      "revenue": 565748000,
      "gross_profit": null,
      "operating_income": -482655000,
      "net_income": -456084000,
      "opex": 1048403000,
      "cogs": null,
      "rd": 50500000,
      "sga": null,
      "fcf": 569931000,
      "ocf": 569931000,
      "capex": null,
      "gross_margin": null,
      "op_margin": -0.8531271873696417,
      "fcf_margin": 1.0073937512814892,
      "incr_op_margin_yoy": 63.913987138263664,
      "rev_growth_yoy": -0.01728678130970992,
      "rev_growth_yoy_accel": 0.0037281852387653427,
      "fcf_margin_change": 0.06779171941544038
    },
    {
      "date": "2023-03-31T00:00:00",
      "quarter_label": "2023-03 (Q1)",
      "revenue": 683971000,
      "gross_profit": null,
      "operating_income": 478972000,
      "net_income": 340755000,
      "opex": 204999000,
      "cogs": null,
      "rd": 500000,
      "sga": null,
      "fcf": 1033837000,
      "ocf": 1033837000,
      "capex": null,
      "gross_margin": null,
      "op_margin": 0.7002811522710758,
      "fcf_margin": 1.5115216873230006,
      "incr_op_margin_yoy": 2.1263922835911484,
      "rev_growth_yoy": 0.21692414718289688,
      "rev_growth_yoy_accel": 0.2342109284926068,
      "op_leverage_ratio": Infinity,
      "fcf_margin_change": 0.5041279360415114
    },
    {
      "date": "2023-06-30T00:00:00",
      "quarter_label": "2023-06 (Q2)",
      "revenue": 538202000,
      "gross_profit": null,
      "operating_income": 248840000,
      "net_income": 227625000,
      "opex": 289362000,
      "cogs": null,
      "rd": 500000,
      "sga": null,
      "fcf": 607817000,
      "ocf": 607817000,
      "capex": null,
      "gross_margin": null,
      "op_margin": 0.46235428333599654,
      "fcf_margin": 1.1293473454204928,
      "incr_op_margin_yoy": -57.388518024032045,
      "rev_growth_yoy": 0.004192516162737543,
      "rev_growth_yoy_accel": -0.21273163102015932,
      "fcf_margin_change": -0.3821743419025079
    },
    {
      "date": "2023-09-30T00:00:00",
      "quarter_label": "2023-09 (Q3)",
      "revenue": 536313000,
      "gross_profit": null,
      "operating_income": 151442000,
      "net_income": 72114000,
      "opex": 384871000,
      "cogs": null,
      "rd": 50500000,
      "sga": null,
      "fcf": 573520000,
      "ocf": 573520000,
      "capex": null,
      "gross_margin": null,
      "op_margin": 0.28237614974837455,
      "fcf_margin": 1.069375532571465,
      "incr_op_margin_yoy": 1.0973889636608345,
      "rev_growth_yoy": -0.06478186038157649,
      "rev_growth_yoy_accel": -0.06897437654431403,
      "fcf_margin_change": -0.05997181284902786
    },
    {
      "date": "2023-12-31T00:00:00",
      "quarter_label": "2023-12 (Q4)",
      "revenue": 596068000,
      "gross_profit": null,
      "operating_income": 612896000,
      "net_income": 494340000,
      "opex": -16828000,
      "cogs": null,
      "rd": 500000,
      "sga": null,
      "fcf": 772628000,
      "ocf": 772628000,
      "capex": null,
      "gross_margin": null,
      "op_margin": 1.028231678264896,
      "fcf_margin": 1.2962078152157137,
      "incr_op_margin_yoy": 36.132948548812664,
      "rev_growth_yoy": 0.053592765683661274,
      "rev_growth_yoy_accel": 0.11837462606523777,
      "op_leverage_ratio": Infinity,
      "fcf_margin_change": 0.22683228264424882
    },
    {
      "date": "2024-03-31T00:00:00",
      "quarter_label": "2024-03 (Q1)",
      "revenue": 567978000,
      "gross_profit": null,
      "operating_income": -73774000,
      "net_income": 4778000,
      "opex": 641752000,
      "cogs": null,
      "rd": 500000,
      "sga": null,
      "fcf": 664638000,
      "ocf": 664638000,
      "capex": null,
      "gross_margin": null,
      "op_margin": -0.1298888337224329,
      "fcf_margin": 1.1701826479194617,
      "incr_op_margin_yoy": 4.765339287715638,
      "rev_growth_yoy": -0.1695875994742467,
      "rev_growth_yoy_accel": -0.22318036515790798,
      "fcf_margin_change": -0.12602516729625202
    },
    {
      "date": "2024-06-30T00:00:00",
      "quarter_label": "2024-06 (Q2)",
      "revenue": 537267000,
      "gross_profit": null,
      "operating_income": 269630000,
      "net_income": 102004000,
      "opex": 267637000,
      "cogs": null,
      "rd": 500000,
      "sga": null,
      "fcf": 658209000,
      "ocf": 658209000,
      "capex": null,
      "gross_margin": null,
      "op_margin": 0.5018547575041832,
      "fcf_margin": 1.225105952906097,
      "rev_growth_yoy": -0.0017372659336085709,
      "rev_growth_yoy_accel": 0.16785033354063814,
      "fcf_margin_change": 0.054923304986635335
    },
    {
      "date": "2024-09-30T00:00:00",
      "quarter_label": "2024-09 (Q3)",
      "revenue": 564690000,
      "gross_profit": null,
      "operating_income": 735074000,
      "net_income": 543987000,
      "opex": -170384000,
      "cogs": null,
      "rd": 500000,
      "sga": null,
      "fcf": 703614000,
      "ocf": 703614000,
      "capex": null,
      "gross_margin": null,
      "op_margin": 1.301730152827215,
      "fcf_margin": 1.2460181692610104,
      "incr_op_margin_yoy": 20.56707897240723,
      "rev_growth_yoy": 0.052911266368706335,
      "rev_growth_yoy_accel": 0.05464853230231491,
      "op_leverage_ratio": Infinity,
      "fcf_margin_change": 0.02091221635491336
    },
    {
      "date": "2024-12-31T00:00:00",
      "quarter_label": "2024-12 (Q4)",
      "revenue": 593641000,
      "gross_profit": null,
      "operating_income": 361514000,
      "net_income": 208214000,
      "opex": 232127000,
      "cogs": null,
      "rd": 500000,
      "sga": null,
      "fcf": 742525000,
      "ocf": 742525000,
      "capex": null,
      "gross_margin": null,
      "op_margin": 0.6089774796552125,
      "fcf_margin": 1.250798041240413,
      "incr_op_margin_yoy": 103.57725587144623,
      "rev_growth_yoy": -0.004071683096559453,
      "rev_growth_yoy_accel": -0.05698294946526579,
      "op_leverage_ratio": Infinity,
      "fcf_margin_change": 0.00477987197940255
    },
    {
      "date": "2025-03-31T00:00:00",
      "quarter_label": "2025-03 (Q1)",
      "revenue": 568247000,
      "gross_profit": null,
      "operating_income": 534182000,
      "net_income": 238349000,
      "opex": 34065000,
      "cogs": null,
      "rd": 50500000,
      "sga": null,
      "fcf": 596076000,
      "ocf": 596076000,
      "capex": null,
      "gross_margin": null,
      "op_margin": 0.9400524771798179,
      "fcf_margin": 1.0489734217690547,
      "rev_growth_yoy": 0.00047360989334093925,
      "rev_growth_yoy_accel": 0.004545292989900392,
      "fcf_margin_change": -0.2018246194713582
    },
    {
      "date": "2025-06-30T00:00:00",
      "quarter_label": "2025-06 (Q2)",
      "revenue": 578665000,
      "gross_profit": null,
      "operating_income": 209799000,
      "net_income": 30176000,
      "opex": 368866000,
      "cogs": null,
      "rd": 300500000,
      "sga": null,
      "fcf": 363984000,
      "ocf": 363984000,
      "capex": null,
      "gross_margin": null,
      "op_margin": 0.36255691980679666,
      "fcf_margin": 0.6290064199493662,
      "incr_op_margin_yoy": -1.4452630561862891,
      "rev_growth_yoy": 0.07705293643570144,
      "rev_growth_yoy_accel": 0.07657932654236049,
      "op_leverage_ratio": 0.0018653865811053636,
      "fcf_margin_change": -0.4199670018196885
    },
    {
      "date": "2025-09-30T00:00:00",
      "quarter_label": "2025-09 (Q3)",
      "revenue": 609291000,
      "gross_profit": null,
      "operating_income": 427156000,
      "net_income": 288217000,
      "opex": 182135000,
      "cogs": null,
      "rd": 50500000,
      "sga": null,
      "fcf": 702615000,
      "ocf": 702615000,
      "capex": null,
      "gross_margin": null,
      "op_margin": 0.7010705886021622,
      "fcf_margin": 1.1531681905690385,
      "incr_op_margin_yoy": -6.903836236855676,
      "rev_growth_yoy": 0.0789831589013441,
      "rev_growth_yoy_accel": 0.0019302224656426586,
      "op_leverage_ratio": Infinity,
      "fcf_margin_change": 0.5241617706196723
    }
  ],
  "signals": [
    {
      "quarter": "2025-09 (Q3)",
      "signal": "FCF MARGIN EXPANSION",
      "detail": "FCF margin: +62.9% -> +115.3% (+52.4%)",
      "severity": "MEDIUM"
    },
    {
      "quarter": "2025-06 (Q2)",
      "signal": "YoY REVENUE GROWTH ACCELERATION",
      "detail": "YoY growth: +7.7% vs prior quarter YoY: +0.0% (accel: +7.7%)",
      "severity": "MEDIUM"
    },
    {
      "quarter": "2025-03 (Q1)",
      "signal": "OP MARGIN TURNED POSITIVE (YoY)",
      "detail": "Op margin: -13.0% (year-ago) -> +94.0%",
      "severity": "HIGH"
    },
    {
      "quarter": "2024-12 (Q4)",
      "signal": "YoY REVENUE GROWTH DECELERATION",
      "detail": "YoY growth: -0.4% vs prior quarter YoY: +5.3% (decel: -5.7%)",
      "severity": "WARNING"
    },
    {
      "quarter": "2024-12 (Q4)",
      "signal": "INCREMENTAL MARGIN (YoY)",
      "detail": "YoY Incr OPM: +10357.7% vs year-ago OPM: +102.8%",
      "severity": "HIGH"
    },
    {
      "quarter": "2024-09 (Q3)",
      "signal": "YoY REVENUE GROWTH ACCELERATION",
      "detail": "YoY growth: +5.3% vs prior quarter YoY: -0.2% (accel: +5.5%)",
      "severity": "MEDIUM"
    },
    {
      "quarter": "2024-09 (Q3)",
      "signal": "INCREMENTAL MARGIN (YoY)",
      "detail": "YoY Incr OPM: +2056.7% vs year-ago OPM: +28.2%",
      "severity": "HIGH"
    },
    {
      "quarter": "2024-06 (Q2)",
      "signal": "FCF MARGIN EXPANSION",
      "detail": "FCF margin: +117.0% -> +122.5% (+5.5%)",
      "severity": "MEDIUM"
    },
    {
      "quarter": "2024-06 (Q2)",
      "signal": "YoY REVENUE GROWTH ACCELERATION",
      "detail": "YoY growth: -0.2% vs prior quarter YoY: -17.0% (accel: +16.8%)",
      "severity": "HIGH"
    },
    {
      "quarter": "2024-06 (Q2)",
      "signal": "OP MARGIN TURNED POSITIVE (QoQ)",
      "detail": "Op margin: -13.0% -> +50.2%",
      "severity": "HIGH"
    },
    {
      "quarter": "2024-03 (Q1)",
      "signal": "YoY REVENUE GROWTH DECELERATION",
      "detail": "YoY growth: -17.0% vs prior quarter YoY: +5.4% (decel: -22.3%)",
      "severity": "WARNING"
    },
    {
      "quarter": "2023-12 (Q4)",
      "signal": "FCF MARGIN EXPANSION",
      "detail": "FCF margin: +106.9% -> +129.6% (+22.7%)",
      "severity": "MEDIUM"
    },
    {
      "quarter": "2023-12 (Q4)",
      "signal": "YoY REVENUE GROWTH ACCELERATION",
      "detail": "YoY growth: +5.4% vs prior quarter YoY: -6.5% (accel: +11.8%)",
      "severity": "MEDIUM"
    },
    {
      "quarter": "2023-12 (Q4)",
      "signal": "OP MARGIN TURNED POSITIVE (YoY)",
      "detail": "Op margin: -85.3% (year-ago) -> +102.8%",
      "severity": "HIGH"
    },
    {
      "quarter": "2023-09 (Q3)",
      "signal": "YoY REVENUE GROWTH DECELERATION",
      "detail": "YoY growth: -6.5% vs prior quarter YoY: +0.4% (decel: -6.9%)",
      "severity": "WARNING"
    },
    {
      "quarter": "2023-09 (Q3)",
      "signal": "INCREMENTAL MARGIN (YoY)",
      "detail": "YoY Incr OPM: +109.7% vs year-ago OPM: +33.5%",
      "severity": "HIGH"
    },
    {
      "quarter": "2023-06 (Q2)",
      "signal": "YoY REVENUE GROWTH DECELERATION",
      "detail": "YoY growth: +0.4% vs prior quarter YoY: +21.7% (decel: -21.3%)",
      "severity": "WARNING"
    },
    {
      "quarter": "2023-03 (Q1)",
      "signal": "FCF MARGIN EXPANSION",
      "detail": "FCF margin: +100.7% -> +151.2% (+50.4%)",
      "severity": "MEDIUM"
    },
    {
      "quarter": "2023-03 (Q1)",
      "signal": "YoY REVENUE GROWTH ACCELERATION",
      "detail": "YoY growth: +21.7% vs prior quarter YoY: -1.7% (accel: +23.4%)",
      "severity": "HIGH"
    },
    {
      "quarter": "2023-03 (Q1)",
      "signal": "INCREMENTAL MARGIN (YoY)",
      "detail": "YoY Incr OPM: +212.6% vs year-ago OPM: +39.1%",
      "severity": "HIGH"
    },
    {
      "quarter": "2023-03 (Q1)",
      "signal": "OP MARGIN TURNED POSITIVE (QoQ)",
      "detail": "Op margin: -85.3% -> +70.0%",
      "severity": "HIGH"
    },
    {
      "quarter": "2022-12 (Q4)",
      "signal": "FCF MARGIN EXPANSION",
      "detail": "FCF margin: +94.0% -> +100.7% (+6.8%)",
      "severity": "MEDIUM"
    },
    {
      "quarter": "2022-09 (Q3)",
      "signal": "INCREMENTAL MARGIN (YoY)",
      "detail": "YoY Incr OPM: +900.4% vs year-ago OPM: +51.7%",
      "severity": "HIGH"
    },
    {
      "quarter": "2022-06 (Q2)",
      "signal": "FCF MARGIN EXPANSION",
      "detail": "FCF margin: +81.9% -> +107.3% (+25.4%)",
      "severity": "MEDIUM"
    },
    {
      "quarter": "2022-06 (Q2)",
      "signal": "INCREMENTAL MARGIN (YoY)",
      "detail": "YoY Incr OPM: +1931.6% vs year-ago OPM: +134.2%",
      "severity": "HIGH"
    },
    {
      "quarter": "2022-03 (Q1)",
      "signal": "INCREMENTAL MARGIN (YoY)",
      "detail": "YoY Incr OPM: +87.3% vs year-ago OPM: +40.0%",
      "severity": "HIGH"
    }
  ],
  "data_quality": {
    "n_quarters": 20,
    "coverage": {
      "revenue": [
        20,
        20
      ],
      "gross_profit": [
        0,
        20
      ],
      "op_income": [
        20,
        20
      ],
      "fcf": [
        20,
        20
      ]
    },
    "gaps": [],
    "warnings": [
      "gross_profit: no data"
    ]
  },
  "market_cap": null,
  "source": "SEC EDGAR",
  "last_updated": "2026-02-02T20:14:42.129865"
}