{
  "ticker": "RRC",
  "name": "RANGE RESOURCES CORP",
  "quarters": [
    {
      "date": "2020-12-31T00:00:00",
      "quarter_label": "2020-12 (Q4)",
      "revenue": 598886000,
      "gross_profit": 529322000,
      "operating_income": null,
      "net_income": -30135000,
      "opex": 556260000,
      "cogs": 69564000,
      "rd": null,
      "sga": null,
      "fcf": 89706000,
      "ocf": 89706000,
      "capex": null,
      "gross_margin": 0.8838443376535768,
      "op_margin": null,
      "fcf_margin": 0.14978810658455866
    },
    {
      "date": "2021-03-31T00:00:00",
      "quarter_label": "2021-03 (Q1)",
      "revenue": 626032000,
      "gross_profit": 553697000,
      "operating_income": null,
      "net_income": 27151000,
      "opex": 596192000,
      "cogs": 72335000,
      "rd": null,
      "sga": null,
      "fcf": 109252000,
      "ocf": 109252000,
      "capex": null,
      "gross_margin": 0.8844547882536355,
      "op_margin": null,
      "fcf_margin": 0.17451504076468935,
      "op_leverage_ratio": 0.6314201731098208,
      "fcf_margin_change": 0.024726934180130694
    },
    {
      "date": "2021-06-30T00:00:00",
      "quarter_label": "2021-06 (Q2)",
      "revenue": 434722000,
      "gross_profit": 365718000,
      "operating_income": null,
      "net_income": -156472000,
      "opex": 592456000,
      "cogs": 69004000,
      "rd": null,
      "sga": null,
      "fcf": 174183000,
      "ocf": 174183000,
      "capex": null,
      "gross_margin": 0.8412686728529957,
      "op_margin": null,
      "fcf_margin": 0.4006767543395549,
      "fcf_margin_change": 0.22616171357486556
    },
    {
      "date": "2021-09-30T00:00:00",
      "quarter_label": "2021-09 (Q3)",
      "revenue": 302639000,
      "gross_profit": 196801000,
      "operating_income": null,
      "net_income": -350267000,
      "opex": 682589000,
      "cogs": 105838000,
      "rd": null,
      "sga": null,
      "fcf": 191854000,
      "ocf": 191854000,
      "capex": null,
      "gross_margin": 0.6502830104513959,
      "op_margin": null,
      "fcf_margin": 0.6339368025931886,
      "fcf_margin_change": 0.23326004825363372
    },
    {
      "date": "2021-12-31T00:00:00",
      "quarter_label": "2021-12 (Q4)",
      "revenue": 1566830000,
      "gross_profit": 1446719000,
      "operating_income": null,
      "net_income": 891366000,
      "opex": 656951000,
      "cogs": 120111000,
      "rd": null,
      "sga": null,
      "fcf": 317659000,
      "ocf": 317659000,
      "capex": null,
      "gross_margin": 0.9233413963225111,
      "op_margin": null,
      "fcf_margin": 0.20273992711398173,
      "rev_growth_yoy": 1.6162408204566479,
      "op_leverage_ratio": Infinity,
      "fcf_margin_change": -0.43119687547920693
    },
    {
      "date": "2022-03-31T00:00:00",
      "quarter_label": "2022-03 (Q1)",
      "revenue": 180736000,
      "gross_profit": 87613000,
      "operating_income": null,
      "net_income": -456808000,
      "opex": 753625000,
      "cogs": 93123000,
      "rd": null,
      "sga": null,
      "fcf": 406414000,
      "ocf": 406414000,
      "capex": null,
      "gross_margin": 0.4847567723087819,
      "op_margin": null,
      "fcf_margin": 2.248661030453258,
      "rev_growth_yoy": -0.7112991029212564,
      "rev_growth_yoy_accel": -2.327539923377904,
      "fcf_margin_change": 2.045921103339276
    },
    {
      "date": "2022-06-30T00:00:00",
      "quarter_label": "2022-06 (Q2)",
      "revenue": 1225143000,
      "gross_profit": 1115034000,
      "operating_income": null,
      "net_income": 452855000,
      "opex": 668957000,
      "cogs": 110109000,
      "rd": null,
      "sga": null,
      "fcf": 324706000,
      "ocf": 324706000,
      "capex": null,
      "gross_margin": 0.9101255935021463,
      "op_margin": null,
      "fcf_margin": 0.26503518364794965,
      "rev_growth_yoy": 1.81822176011336,
      "rev_growth_yoy_accel": 2.5295208630346164,
      "op_leverage_ratio": Infinity,
      "fcf_margin_change": -1.9836258468053083
    },
    {
      "date": "2022-09-30T00:00:00",
      "quarter_label": "2022-09 (Q3)",
      "revenue": 1110545000,
      "gross_profit": 983260000,
      "operating_income": null,
      "net_income": 373087000,
      "opex": 677835000,
      "cogs": 127285000,
      "rd": null,
      "sga": null,
      "fcf": 520969000,
      "ocf": 520969000,
      "capex": null,
      "gross_margin": 0.8853851037103404,
      "op_margin": null,
      "fcf_margin": 0.4691111121116209,
      "rev_growth_yoy": 2.6695369730933556,
      "rev_growth_yoy_accel": 0.8513152129799957,
      "fcf_margin_change": 0.20407592846367123
    },
    {
      "date": "2022-12-31T00:00:00",
      "quarter_label": "2022-12 (Q4)",
      "revenue": 1630379000,
      "gross_profit": 1533848000,
      "operating_income": null,
      "net_income": 814236000,
      "opex": 632556000,
      "cogs": 96531000,
      "rd": null,
      "sga": null,
      "fcf": 612655000,
      "ocf": 612655000,
      "capex": null,
      "gross_margin": 0.9407922943070293,
      "op_margin": null,
      "fcf_margin": 0.3757745898346335,
      "rev_growth_yoy": 0.040558963001729606,
      "rev_growth_yoy_accel": -2.628978010091626,
      "op_leverage_ratio": Infinity,
      "fcf_margin_change": -0.09333652227698735
    },
    {
      "date": "2023-03-31T00:00:00",
      "quarter_label": "2023-03 (Q1)",
      "revenue": 1186360000,
      "gross_profit": 1119292000,
      "operating_income": null,
      "net_income": 481447000,
      "opex": 583034000,
      "cogs": 67068000,
      "rd": null,
      "sga": null,
      "fcf": 474956000,
      "ocf": 474956000,
      "capex": null,
      "gross_margin": 0.9434674129269361,
      "op_margin": null,
      "fcf_margin": 0.4003472807579487,
      "rev_growth_yoy": 5.564049220963173,
      "rev_growth_yoy_accel": 5.523490257961443,
      "fcf_margin_change": 0.024572690923315155
    },
    {
      "date": "2023-06-30T00:00:00",
      "quarter_label": "2023-06 (Q2)",
      "revenue": 636977000,
      "gross_profit": 592177000,
      "operating_income": null,
      "net_income": 30231000,
      "opex": 592034000,
      "cogs": 44800000,
      "rd": null,
      "sga": null,
      "fcf": 126590000,
      "ocf": 126590000,
      "capex": null,
      "gross_margin": 0.929667790202786,
      "op_margin": null,
      "fcf_margin": 0.1987355901390474,
      "rev_growth_yoy": -0.48007946827431575,
      "rev_growth_yoy_accel": -6.044128689237489,
      "fcf_margin_change": -0.20161169061890127
    },
    {
      "date": "2023-09-30T00:00:00",
      "quarter_label": "2023-09 (Q3)",
      "revenue": 609724000,
      "gross_profit": 563518000,
      "operating_income": null,
      "net_income": 49430000,
      "opex": 544596000,
      "cogs": 46206000,
      "rd": null,
      "sga": null,
      "fcf": 150251000,
      "ocf": 150251000,
      "capex": null,
      "gross_margin": 0.9242181708445133,
      "op_margin": null,
      "fcf_margin": 0.24642461179156472,
      "rev_growth_yoy": -0.45096866853661943,
      "rev_growth_yoy_accel": 0.029110799737696313,
      "fcf_margin_change": 0.047689021652517316
    },
    {
      "date": "2023-12-31T00:00:00",
      "quarter_label": "2023-12 (Q4)",
      "revenue": 941357000,
      "gross_profit": 896547000,
      "operating_income": null,
      "net_income": 310034000,
      "opex": 554411000,
      "cogs": 44810000,
      "rd": null,
      "sga": null,
      "fcf": 226095000,
      "ocf": 226095000,
      "capex": null,
      "gross_margin": 0.952398505561652,
      "op_margin": null,
      "fcf_margin": 0.24017986799906943,
      "rev_growth_yoy": -0.4226146190548333,
      "rev_growth_yoy_accel": 0.02835404948178616,
      "op_leverage_ratio": 30.179260428374906,
      "fcf_margin_change": -0.006244743792495289
    },
    {
      "date": "2024-03-31T00:00:00",
      "quarter_label": "2024-03 (Q1)",
      "revenue": 645369000,
      "gross_profit": 613766000,
      "operating_income": null,
      "net_income": 92138000,
      "opex": 535027000,
      "cogs": 31603000,
      "rd": null,
      "sga": null,
      "fcf": 331930000,
      "ocf": 331930000,
      "capex": null,
      "gross_margin": 0.9510311155323543,
      "op_margin": null,
      "fcf_margin": 0.5143259127723829,
      "rev_growth_yoy": -0.45600913719275765,
      "rev_growth_yoy_accel": -0.03339451813792438,
      "fcf_margin_change": 0.2741460447733135
    },
    {
      "date": "2024-06-30T00:00:00",
      "quarter_label": "2024-06 (Q2)",
      "revenue": 530043000,
      "gross_profit": 495947000,
      "operating_income": null,
      "net_income": 28704000,
      "opex": 520033000,
      "cogs": 34096000,
      "rd": null,
      "sga": null,
      "fcf": 148775000,
      "ocf": 148775000,
      "capex": null,
      "gross_margin": 0.9356731434996783,
      "op_margin": null,
      "fcf_margin": 0.28068477463149216,
      "rev_growth_yoy": -0.16787733309051975,
      "rev_growth_yoy_accel": 0.28813180410223793,
      "fcf_margin_change": -0.23364113814089077
    },
    {
      "date": "2024-09-30T00:00:00",
      "quarter_label": "2024-09 (Q3)",
      "revenue": 615033000,
      "gross_profit": 582445000,
      "operating_income": null,
      "net_income": 50656000,
      "opex": 548804000,
      "cogs": 32588000,
      "rd": null,
      "sga": null,
      "fcf": 245919000,
      "ocf": 245919000,
      "capex": null,
      "gross_margin": 0.9470142252529539,
      "op_margin": null,
      "fcf_margin": 0.399846837486769,
      "rev_growth_yoy": 0.008707218347973838,
      "rev_growth_yoy_accel": 0.17658455143849358,
      "op_leverage_ratio": 2.898228832197093,
      "fcf_margin_change": 0.11916206285527686
    },
    {
      "date": "2024-12-31T00:00:00",
      "quarter_label": "2024-12 (Q4)",
      "revenue": 626639000,
      "gross_profit": 584381000,
      "operating_income": null,
      "net_income": 94842000,
      "opex": 562615000,
      "cogs": 42258000,
      "rd": null,
      "sga": null,
      "fcf": 217890000,
      "ocf": 217890000,
      "capex": null,
      "gross_margin": 0.932564044050881,
      "op_margin": null,
      "fcf_margin": 0.3477121596325795,
      "rev_growth_yoy": -0.33432374752617766,
      "rev_growth_yoy_accel": -0.3430309658741515,
      "op_leverage_ratio": 0.7498532710315903,
      "fcf_margin_change": -0.052134677854189515
    },
    {
      "date": "2025-03-31T00:00:00",
      "quarter_label": "2025-03 (Q1)",
      "revenue": 690554000,
      "gross_profit": 632353000,
      "operating_income": null,
      "net_income": 97052000,
      "opex": 580819000,
      "cogs": 58201000,
      "rd": null,
      "sga": null,
      "fcf": 330083000,
      "ocf": 330083000,
      "capex": null,
      "gross_margin": 0.9157183942168172,
      "op_margin": null,
      "fcf_margin": 0.47799737601983333,
      "rev_growth_yoy": 0.07001420892543646,
      "rev_growth_yoy_accel": 0.40433795645161413,
      "op_leverage_ratio": 3.152316772537885,
      "fcf_margin_change": 0.13028521638725382
    },
    {
      "date": "2025-06-30T00:00:00",
      "quarter_label": "2025-06 (Q2)",
      "revenue": 856275000,
      "gross_profit": 821290000,
      "operating_income": null,
      "net_income": 237578000,
      "opex": 554233000,
      "cogs": 34985000,
      "rd": null,
      "sga": null,
      "fcf": 336190000,
      "ocf": 336190000,
      "capex": null,
      "gross_margin": 0.9591427987504014,
      "op_margin": null,
      "fcf_margin": 0.3926191936001869,
      "rev_growth_yoy": 0.6154821401282538,
      "rev_growth_yoy_accel": 0.5454679312028173,
      "op_leverage_ratio": Infinity,
      "fcf_margin_change": -0.08537818241964645
    },
    {
      "date": "2025-09-30T00:00:00",
      "quarter_label": "2025-09 (Q3)",
      "revenue": 748528000,
      "gross_profit": 699646000,
      "operating_income": null,
      "net_income": 144307000,
      "opex": 565184000,
      "cogs": 48882000,
      "rd": null,
      "sga": null,
      "fcf": 247545000,
      "ocf": 247545000,
      "capex": null,
      "gross_margin": 0.934695829681722,
      "op_margin": null,
      "fcf_margin": 0.3307090716713336,
      "rev_growth_yoy": 0.21705339388292985,
      "rev_growth_yoy_accel": -0.3984287462453239,
      "fcf_margin_change": -0.06191012192885326
    }
  ],
  "signals": [
    {
      "quarter": "2025-09 (Q3)",
      "signal": "YoY REVENUE GROWTH DECELERATION",
      "detail": "YoY growth: +21.7% vs prior quarter YoY: +61.5% (decel: -39.8%)",
      "severity": "WARNING"
    },
    {
      "quarter": "2025-06 (Q2)",
      "signal": "GROSS MARGIN INFLECTION",
      "detail": "GM: +93.3% -> +91.6% -> +95.9% (reversal +4.3%)",
      "severity": "MEDIUM"
    },
    {
      "quarter": "2025-06 (Q2)",
      "signal": "YoY REVENUE GROWTH ACCELERATION",
      "detail": "YoY growth: +61.5% vs prior quarter YoY: +7.0% (accel: +54.5%)",
      "severity": "HIGH"
    },
    {
      "quarter": "2025-03 (Q1)",
      "signal": "FCF MARGIN EXPANSION",
      "detail": "FCF margin: +34.8% -> +47.8% (+13.0%)",
      "severity": "MEDIUM"
    },
    {
      "quarter": "2025-03 (Q1)",
      "signal": "OPERATING LEVERAGE",
      "detail": "Rev growth +10.2% vs OpEx growth +3.2% (leverage: 3.2x)",
      "severity": "MEDIUM"
    },
    {
      "quarter": "2025-03 (Q1)",
      "signal": "YoY REVENUE GROWTH ACCELERATION",
      "detail": "YoY growth: +7.0% vs prior quarter YoY: -33.4% (accel: +40.4%)",
      "severity": "HIGH"
    },
    {
      "quarter": "2024-12 (Q4)",
      "signal": "YoY REVENUE GROWTH DECELERATION",
      "detail": "YoY growth: -33.4% vs prior quarter YoY: +0.9% (decel: -34.3%)",
      "severity": "WARNING"
    },
    {
      "quarter": "2024-09 (Q3)",
      "signal": "FCF MARGIN EXPANSION",
      "detail": "FCF margin: +28.1% -> +40.0% (+11.9%)",
      "severity": "MEDIUM"
    },
    {
      "quarter": "2024-09 (Q3)",
      "signal": "OPERATING LEVERAGE",
      "detail": "Rev growth +16.0% vs OpEx growth +5.5% (leverage: 2.9x)",
      "severity": "MEDIUM"
    },
    {
      "quarter": "2024-09 (Q3)",
      "signal": "YoY REVENUE GROWTH ACCELERATION",
      "detail": "YoY growth: +0.9% vs prior quarter YoY: -16.8% (accel: +17.7%)",
      "severity": "HIGH"
    },
    {
      "quarter": "2024-06 (Q2)",
      "signal": "YoY REVENUE GROWTH ACCELERATION",
      "detail": "YoY growth: -16.8% vs prior quarter YoY: -45.6% (accel: +28.8%)",
      "severity": "HIGH"
    },
    {
      "quarter": "2024-03 (Q1)",
      "signal": "FCF MARGIN EXPANSION",
      "detail": "FCF margin: +24.0% -> +51.4% (+27.4%)",
      "severity": "MEDIUM"
    },
    {
      "quarter": "2023-12 (Q4)",
      "signal": "OPERATING LEVERAGE",
      "detail": "Rev growth +54.4% vs OpEx growth +1.8% (leverage: 30.2x)",
      "severity": "MEDIUM"
    },
    {
      "quarter": "2023-12 (Q4)",
      "signal": "GROSS MARGIN INFLECTION",
      "detail": "GM: +93.0% -> +92.4% -> +95.2% (reversal +2.8%)",
      "severity": "MEDIUM"
    },
    {
      "quarter": "2023-06 (Q2)",
      "signal": "YoY REVENUE GROWTH DECELERATION",
      "detail": "YoY growth: -48.0% vs prior quarter YoY: +556.4% (decel: -604.4%)",
      "severity": "WARNING"
    },
    {
      "quarter": "2023-03 (Q1)",
      "signal": "YoY REVENUE GROWTH ACCELERATION",
      "detail": "YoY growth: +556.4% vs prior quarter YoY: +4.1% (accel: +552.3%)",
      "severity": "HIGH"
    },
    {
      "quarter": "2022-12 (Q4)",
      "signal": "GROSS MARGIN INFLECTION",
      "detail": "GM: +91.0% -> +88.5% -> +94.1% (reversal +5.5%)",
      "severity": "HIGH"
    },
    {
      "quarter": "2022-12 (Q4)",
      "signal": "YoY REVENUE GROWTH DECELERATION",
      "detail": "YoY growth: +4.1% vs prior quarter YoY: +267.0% (decel: -262.9%)",
      "severity": "WARNING"
    },
    {
      "quarter": "2022-09 (Q3)",
      "signal": "FCF MARGIN EXPANSION",
      "detail": "FCF margin: +26.5% -> +46.9% (+20.4%)",
      "severity": "MEDIUM"
    },
    {
      "quarter": "2022-09 (Q3)",
      "signal": "YoY REVENUE GROWTH ACCELERATION",
      "detail": "YoY growth: +267.0% vs prior quarter YoY: +181.8% (accel: +85.1%)",
      "severity": "HIGH"
    },
    {
      "quarter": "2022-06 (Q2)",
      "signal": "GROSS MARGIN INFLECTION",
      "detail": "GM: +92.3% -> +48.5% -> +91.0% (reversal +42.5%)",
      "severity": "HIGH"
    },
    {
      "quarter": "2022-06 (Q2)",
      "signal": "YoY REVENUE GROWTH ACCELERATION",
      "detail": "YoY growth: +181.8% vs prior quarter YoY: -71.1% (accel: +253.0%)",
      "severity": "HIGH"
    },
    {
      "quarter": "2022-03 (Q1)",
      "signal": "FCF MARGIN EXPANSION",
      "detail": "FCF margin: +20.3% -> +224.9% (+204.6%)",
      "severity": "MEDIUM"
    },
    {
      "quarter": "2022-03 (Q1)",
      "signal": "YoY REVENUE GROWTH DECELERATION",
      "detail": "YoY growth: -71.1% vs prior quarter YoY: +161.6% (decel: -232.8%)",
      "severity": "WARNING"
    },
    {
      "quarter": "2021-12 (Q4)",
      "signal": "GROSS MARGIN INFLECTION",
      "detail": "GM: +84.1% -> +65.0% -> +92.3% (reversal +27.3%)",
      "severity": "HIGH"
    },
    {
      "quarter": "2021-09 (Q3)",
      "signal": "FCF MARGIN EXPANSION",
      "detail": "FCF margin: +40.1% -> +63.4% (+23.3%)",
      "severity": "MEDIUM"
    },
    {
      "quarter": "2021-06 (Q2)",
      "signal": "FCF MARGIN EXPANSION",
      "detail": "FCF margin: +17.5% -> +40.1% (+22.6%)",
      "severity": "MEDIUM"
    }
  ],
  "data_quality": {
    "n_quarters": 20,
    "coverage": {
      "revenue": [
        20,
        20
      ],
      "gross_profit": [
        20,
        20
      ],
      "op_income": [
        0,
        20
      ],
      "fcf": [
        20,
        20
      ]
    },
    "gaps": [],
    "warnings": [
      "op_income: no data"
    ]
  },
  "market_cap": null,
  "source": "SEC EDGAR",
  "last_updated": "2026-02-02T20:44:03.424256"
}