{
  "ticker": "RRGB",
  "name": "RED ROBIN GOURMET BURGERS,\u00a0INC.",
  "quarters": [
    {
      "date": "2019-07-14T00:00:00",
      "quarter_label": "2019-07 (Q3)",
      "revenue": 307981000,
      "gross_profit": null,
      "operating_income": -12852000,
      "net_income": 981000,
      "opex": 320833000,
      "cogs": null,
      "rd": null,
      "sga": 35234000,
      "fcf": null,
      "ocf": null,
      "capex": null,
      "gross_margin": null,
      "op_margin": -0.041729846971079385,
      "fcf_margin": null
    },
    {
      "date": "2019-10-06T00:00:00",
      "quarter_label": "2019-10 (Q4)",
      "revenue": 294222000,
      "gross_profit": null,
      "operating_income": -5223000,
      "net_income": -1821000,
      "opex": 299445000,
      "cogs": null,
      "rd": null,
      "sga": 36776000,
      "fcf": -129000,
      "ocf": -129000,
      "capex": null,
      "gross_margin": null,
      "op_margin": -0.01775190162530334,
      "fcf_margin": -0.00043844443991271896
    },
    {
      "date": "2019-12-29T00:00:00",
      "quarter_label": "2019-12 (Q4)",
      "revenue": 302945000,
      "gross_profit": null,
      "operating_income": 1547000,
      "net_income": -7702000,
      "opex": 301398000,
      "cogs": null,
      "rd": null,
      "sga": 35852000,
      "fcf": 16298000,
      "ocf": 16298000,
      "capex": null,
      "gross_margin": null,
      "op_margin": 0.00510653749030352,
      "fcf_margin": 0.053798544290217694,
      "op_leverage_ratio": 4.54575004499617,
      "fcf_margin_change": 0.054236988730130414
    },
    {
      "date": "2020-07-12T00:00:00",
      "quarter_label": "2020-07 (Q3)",
      "revenue": 161122000,
      "gross_profit": null,
      "operating_income": -50582000,
      "net_income": -56261000,
      "opex": 211704000,
      "cogs": null,
      "rd": null,
      "sga": 19697000,
      "fcf": null,
      "ocf": null,
      "capex": null,
      "gross_margin": null,
      "op_margin": -0.3139360236342647,
      "fcf_margin": null,
      "incr_op_margin_yoy": 0.25691309351146335,
      "rev_growth_yoy": -0.4768443507878733
    },
    {
      "date": "2020-10-04T00:00:00",
      "quarter_label": "2020-10 (Q4)",
      "revenue": 200478000,
      "gross_profit": null,
      "operating_income": -24595000,
      "net_income": -6179000,
      "opex": 225073000,
      "cogs": null,
      "rd": null,
      "sga": 21284000,
      "fcf": -3794000,
      "ocf": -3794000,
      "capex": null,
      "gross_margin": null,
      "op_margin": -0.12268179052065563,
      "fcf_margin": -0.018924769800177575,
      "incr_op_margin_yoy": 0.2066478921317631,
      "rev_growth_yoy": -0.3186165548463405,
      "rev_growth_yoy_accel": 0.1582277959415328,
      "op_leverage_ratio": 3.86799806613435
    },
    {
      "date": "2020-12-27T00:00:00",
      "quarter_label": "2020-12 (Q4)",
      "revenue": 201050000,
      "gross_profit": null,
      "operating_income": -41740000,
      "net_income": -39330000,
      "opex": 242790000,
      "cogs": null,
      "rd": null,
      "sga": 24339000,
      "fcf": 42634000,
      "ocf": 42634000,
      "capex": null,
      "gross_margin": null,
      "op_margin": -0.2076100472519274,
      "fcf_margin": 0.2120567023128575,
      "incr_op_margin_yoy": 0.42481966730457826,
      "rev_growth_yoy": -0.33634818201323674,
      "rev_growth_yoy_accel": -0.017731627166896247,
      "fcf_margin_change": 0.23098147211303507
    },
    {
      "date": "2021-07-11T00:00:00",
      "quarter_label": "2021-07 (Q3)",
      "revenue": 276975000,
      "gross_profit": null,
      "operating_income": -2564000,
      "net_income": -4996000,
      "opex": 279539000,
      "cogs": null,
      "rd": null,
      "sga": 28346000,
      "fcf": null,
      "ocf": null,
      "capex": null,
      "gross_margin": null,
      "op_margin": -0.009257153172669013,
      "fcf_margin": null,
      "incr_op_margin_yoy": 0.41447351384944714,
      "rev_growth_yoy": 0.7190389890890133,
      "rev_growth_yoy_accel": 1.05538717110225,
      "op_leverage_ratio": 2.4949738179978387
    },
    {
      "date": "2021-10-03T00:00:00",
      "quarter_label": "2021-10 (Q4)",
      "revenue": 275444000,
      "gross_profit": null,
      "operating_income": -12136000,
      "net_income": -14980000,
      "opex": 287580000,
      "cogs": null,
      "rd": null,
      "sga": 30343000,
      "fcf": 433000,
      "ocf": 433000,
      "capex": null,
      "gross_margin": null,
      "op_margin": -0.0440597725853531,
      "fcf_margin": 0.0015720073771801164,
      "incr_op_margin_yoy": 0.16619534188832272,
      "rev_growth_yoy": 0.37393629226149505,
      "rev_growth_yoy_accel": -0.34510269682751826
    },
    {
      "date": "2021-12-26T00:00:00",
      "quarter_label": "2021-12 (Q4)",
      "revenue": 283384000,
      "gross_profit": null,
      "operating_income": -17666000,
      "net_income": -21313000,
      "opex": 301050000,
      "cogs": null,
      "rd": null,
      "sga": 33444000,
      "fcf": 9675000,
      "ocf": 9675000,
      "capex": null,
      "gross_margin": null,
      "op_margin": -0.06233944047652655,
      "fcf_margin": 0.03414095361770601,
      "incr_op_margin_yoy": 0.29239439356766345,
      "rev_growth_yoy": 0.40952001989554837,
      "rev_growth_yoy_accel": 0.03558372763405332,
      "op_leverage_ratio": 0.615429442786021,
      "fcf_margin_change": 0.0325689462405259
    },
    {
      "date": "2022-07-10T00:00:00",
      "quarter_label": "2022-07 (Q3)",
      "revenue": 294090000,
      "gross_profit": null,
      "operating_income": -13351000,
      "net_income": -17932000,
      "opex": 307441000,
      "cogs": null,
      "rd": null,
      "sga": 32095000,
      "fcf": null,
      "ocf": null,
      "capex": null,
      "gross_margin": null,
      "op_margin": -0.04539766738073379,
      "fcf_margin": null,
      "incr_op_margin_yoy": -0.6302658486707566,
      "rev_growth_yoy": 0.061792580557812074,
      "rev_growth_yoy_accel": -0.3477274393377363,
      "op_leverage_ratio": 1.779597253910451
    },
    {
      "date": "2022-10-02T00:00:00",
      "quarter_label": "2022-10 (Q4)",
      "revenue": 286888000,
      "gross_profit": null,
      "operating_income": -8020000,
      "net_income": -12567000,
      "opex": 294908000,
      "cogs": null,
      "rd": null,
      "sga": 35692000,
      "fcf": 2361000,
      "ocf": 2361000,
      "capex": null,
      "gross_margin": null,
      "op_margin": -0.027955160201890632,
      "fcf_margin": 0.008229692423524162,
      "incr_op_margin_yoy": 0.35966445298846556,
      "rev_growth_yoy": 0.04154746518348557,
      "rev_growth_yoy_accel": -0.0202451153743265
    },
    {
      "date": "2022-12-25T00:00:00",
      "quarter_label": "2022-12 (Q4)",
      "revenue": 290089000,
      "gross_profit": null,
      "operating_income": -39413000,
      "net_income": -44195000,
      "opex": 329502000,
      "cogs": null,
      "rd": null,
      "sga": 34444000,
      "fcf": -3268000,
      "ocf": -3268000,
      "capex": null,
      "gross_margin": null,
      "op_margin": -0.1358651999903478,
      "fcf_margin": -0.011265508171630086,
      "incr_op_margin_yoy": -3.2434004474272933,
      "rev_growth_yoy": 0.023660474832735794,
      "rev_growth_yoy_accel": -0.01788699035074978,
      "op_leverage_ratio": 0.0951172014744248,
      "fcf_margin_change": -0.01949520059515425
    },
    {
      "date": "2023-07-09T00:00:00",
      "quarter_label": "2023-07 (Q3)",
      "revenue": 298648000,
      "gross_profit": null,
      "operating_income": 10257000,
      "net_income": 3922000,
      "opex": 288391000,
      "cogs": null,
      "rd": null,
      "sga": 26864000,
      "fcf": null,
      "ocf": null,
      "capex": null,
      "gross_margin": null,
      "op_margin": 0.03434478047735126,
      "fcf_margin": null,
      "incr_op_margin_yoy": 5.179464677490127,
      "rev_growth_yoy": 0.015498656873746132,
      "rev_growth_yoy_accel": -0.008161817958989662,
      "op_leverage_ratio": Infinity
    },
    {
      "date": "2023-10-01T00:00:00",
      "quarter_label": "2023-10 (Q4)",
      "revenue": 277560000,
      "gross_profit": null,
      "operating_income": -1938000,
      "net_income": -8161000,
      "opex": 279498000,
      "cogs": null,
      "rd": null,
      "sga": 27961000,
      "fcf": -864000,
      "ocf": -864000,
      "capex": null,
      "gross_margin": null,
      "op_margin": -0.006982274102896671,
      "fcf_margin": -0.0031128404669260703,
      "incr_op_margin_yoy": -0.6520154373927959,
      "rev_growth_yoy": -0.03251443071860796,
      "rev_growth_yoy_accel": -0.04801308759235409
    },
    {
      "date": "2023-12-31T00:00:00",
      "quarter_label": "2023-12 (Q4)",
      "revenue": 309026000,
      "gross_profit": null,
      "operating_income": -7956000,
      "net_income": -13732000,
      "opex": 316982000,
      "cogs": null,
      "rd": null,
      "sga": 34782000,
      "fcf": -18518000,
      "ocf": -18518000,
      "capex": null,
      "gross_margin": null,
      "op_margin": -0.02574540653537243,
      "fcf_margin": -0.05992376046028489,
      "incr_op_margin_yoy": 1.6611395680414005,
      "rev_growth_yoy": 0.06527996580359821,
      "rev_growth_yoy_accel": 0.09779439652220617,
      "op_leverage_ratio": 0.8453127797706155,
      "fcf_margin_change": -0.05681091999335882
    },
    {
      "date": "2024-07-14T00:00:00",
      "quarter_label": "2024-07 (Q3)",
      "revenue": 300154000,
      "gross_profit": null,
      "operating_income": -4561000,
      "net_income": -9489000,
      "opex": 304715000,
      "cogs": null,
      "rd": null,
      "sga": 28652000,
      "fcf": null,
      "ocf": null,
      "capex": null,
      "gross_margin": null,
      "op_margin": -0.01519553295974733,
      "fcf_margin": null,
      "incr_op_margin_yoy": -9.839309428950862,
      "rev_growth_yoy": 0.0050427258846535055,
      "rev_growth_yoy_accel": -0.0602372399189447
    },
    {
      "date": "2024-10-06T00:00:00",
      "quarter_label": "2024-10 (Q4)",
      "revenue": 274638000,
      "gross_profit": null,
      "operating_income": -12877000,
      "net_income": -18876000,
      "opex": 287515000,
      "cogs": null,
      "rd": null,
      "sga": 26290000,
      "fcf": -12406000,
      "ocf": -12406000,
      "capex": null,
      "gross_margin": null,
      "op_margin": -0.04688717511779142,
      "fcf_margin": -0.045172190301414956,
      "incr_op_margin_yoy": 3.743668720054757,
      "rev_growth_yoy": -0.010527453523562474,
      "rev_growth_yoy_accel": -0.015570179408215978
    },
    {
      "date": "2024-12-29T00:00:00",
      "quarter_label": "2024-12 (Q4)",
      "revenue": 285227000,
      "gross_profit": null,
      "operating_income": -33530000,
      "net_income": -39716000,
      "opex": 318757000,
      "cogs": null,
      "rd": null,
      "sga": 24111000,
      "fcf": 5207000,
      "ocf": 5207000,
      "capex": null,
      "gross_margin": null,
      "op_margin": -0.1175554908897124,
      "fcf_margin": 0.018255634985467714,
      "incr_op_margin_yoy": 1.0745829656708266,
      "rev_growth_yoy": -0.07701293742274112,
      "rev_growth_yoy_accel": -0.06648548389917865,
      "op_leverage_ratio": 0.35482646108835203,
      "fcf_margin_change": 0.06342782528688268
    },
    {
      "date": "2025-07-13T00:00:00",
      "quarter_label": "2025-07 (Q3)",
      "revenue": 283703000,
      "gross_profit": null,
      "operating_income": 9815000,
      "net_income": 3993000,
      "opex": 273888000,
      "cogs": null,
      "rd": null,
      "sga": null,
      "fcf": null,
      "ocf": null,
      "capex": null,
      "gross_margin": null,
      "op_margin": 0.03459603881523988,
      "fcf_margin": null,
      "incr_op_margin_yoy": -0.8738678499787247,
      "rev_growth_yoy": -0.05480853162043484,
      "rev_growth_yoy_accel": 0.02220440580230628
    },
    {
      "date": "2025-10-05T00:00:00",
      "quarter_label": "2025-10 (Q4)",
      "revenue": 265128000,
      "gross_profit": null,
      "operating_income": -12113000,
      "net_income": -18419000,
      "opex": 277241000,
      "cogs": null,
      "rd": null,
      "sga": null,
      "fcf": -3508000,
      "ocf": -3508000,
      "capex": null,
      "gross_margin": null,
      "op_margin": -0.04568736610241091,
      "fcf_margin": -0.013231344859841284,
      "incr_op_margin_yoy": -0.08033648790746582,
      "rev_growth_yoy": -0.03462740043256942,
      "rev_growth_yoy_accel": 0.020181131187865423
    }
  ],
  "signals": [
    {
      "quarter": "2025-07 (Q3)",
      "signal": "OP MARGIN TURNED POSITIVE (YoY)",
      "detail": "Op margin: -1.5% (year-ago) -> +3.5%",
      "severity": "HIGH"
    },
    {
      "quarter": "2025-07 (Q3)",
      "signal": "OP MARGIN TURNED POSITIVE (QoQ)",
      "detail": "Op margin: -11.8% -> +3.5%",
      "severity": "HIGH"
    },
    {
      "quarter": "2024-12 (Q4)",
      "signal": "FCF TURNED POSITIVE",
      "detail": "FCF margin: -4.5% -> +1.8%",
      "severity": "HIGH"
    },
    {
      "quarter": "2024-12 (Q4)",
      "signal": "YoY REVENUE GROWTH DECELERATION",
      "detail": "YoY growth: -7.7% vs prior quarter YoY: -1.1% (decel: -6.6%)",
      "severity": "WARNING"
    },
    {
      "quarter": "2024-07 (Q3)",
      "signal": "YoY REVENUE GROWTH DECELERATION",
      "detail": "YoY growth: +0.5% vs prior quarter YoY: +6.5% (decel: -6.0%)",
      "severity": "WARNING"
    },
    {
      "quarter": "2023-12 (Q4)",
      "signal": "YoY REVENUE GROWTH ACCELERATION",
      "detail": "YoY growth: +6.5% vs prior quarter YoY: -3.3% (accel: +9.8%)",
      "severity": "MEDIUM"
    },
    {
      "quarter": "2023-07 (Q3)",
      "signal": "OP MARGIN TURNED POSITIVE (YoY)",
      "detail": "Op margin: -4.5% (year-ago) -> +3.4%",
      "severity": "HIGH"
    },
    {
      "quarter": "2023-07 (Q3)",
      "signal": "OP MARGIN TURNED POSITIVE (QoQ)",
      "detail": "Op margin: -13.6% -> +3.4%",
      "severity": "HIGH"
    },
    {
      "quarter": "2022-07 (Q3)",
      "signal": "OPERATING LEVERAGE",
      "detail": "Rev growth +3.8% vs OpEx growth +2.1% (leverage: 1.8x)",
      "severity": "MEDIUM"
    },
    {
      "quarter": "2022-07 (Q3)",
      "signal": "YoY REVENUE GROWTH DECELERATION",
      "detail": "YoY growth: +6.2% vs prior quarter YoY: +41.0% (decel: -34.8%)",
      "severity": "WARNING"
    },
    {
      "quarter": "2021-10 (Q4)",
      "signal": "YoY REVENUE GROWTH DECELERATION",
      "detail": "YoY growth: +37.4% vs prior quarter YoY: +71.9% (decel: -34.5%)",
      "severity": "WARNING"
    },
    {
      "quarter": "2021-07 (Q3)",
      "signal": "OPERATING LEVERAGE",
      "detail": "Rev growth +37.8% vs OpEx growth +15.1% (leverage: 2.5x)",
      "severity": "MEDIUM"
    },
    {
      "quarter": "2021-07 (Q3)",
      "signal": "YoY REVENUE GROWTH ACCELERATION",
      "detail": "YoY growth: +71.9% vs prior quarter YoY: -33.6% (accel: +105.5%)",
      "severity": "HIGH"
    },
    {
      "quarter": "2020-12 (Q4)",
      "signal": "FCF TURNED POSITIVE",
      "detail": "FCF margin: -1.9% -> +21.2%",
      "severity": "HIGH"
    },
    {
      "quarter": "2020-10 (Q4)",
      "signal": "OPERATING LEVERAGE",
      "detail": "Rev growth +24.4% vs OpEx growth +6.3% (leverage: 3.9x)",
      "severity": "MEDIUM"
    },
    {
      "quarter": "2020-10 (Q4)",
      "signal": "YoY REVENUE GROWTH ACCELERATION",
      "detail": "YoY growth: -31.9% vs prior quarter YoY: -47.7% (accel: +15.8%)",
      "severity": "HIGH"
    },
    {
      "quarter": "2019-12 (Q4)",
      "signal": "FCF TURNED POSITIVE",
      "detail": "FCF margin: -0.0% -> +5.4%",
      "severity": "HIGH"
    },
    {
      "quarter": "2019-12 (Q4)",
      "signal": "OPERATING LEVERAGE",
      "detail": "Rev growth +3.0% vs OpEx growth +0.7% (leverage: 4.5x)",
      "severity": "MEDIUM"
    },
    {
      "quarter": "2019-12 (Q4)",
      "signal": "OP MARGIN TURNED POSITIVE (QoQ)",
      "detail": "Op margin: -1.8% -> +0.5%",
      "severity": "HIGH"
    }
  ],
  "data_quality": {
    "n_quarters": 20,
    "coverage": {
      "revenue": [
        20,
        20
      ],
      "gross_profit": [
        0,
        20
      ],
      "op_income": [
        20,
        20
      ],
      "fcf": [
        13,
        20
      ]
    },
    "gaps": [
      [
        "2019-12 (Q4)",
        "2020-07 (Q3)",
        196
      ],
      [
        "2020-12 (Q4)",
        "2021-07 (Q3)",
        196
      ],
      [
        "2021-12 (Q4)",
        "2022-07 (Q3)",
        196
      ],
      [
        "2022-12 (Q4)",
        "2023-07 (Q3)",
        196
      ],
      [
        "2023-12 (Q4)",
        "2024-07 (Q3)",
        196
      ],
      [
        "2024-12 (Q4)",
        "2025-07 (Q3)",
        196
      ]
    ],
    "warnings": [
      "gross_profit: no data",
      "fcf: 13/20Q",
      "gap: 1Q missing between 2019-12 (Q4) and 2020-07 (Q3)",
      "gap: 1Q missing between 2020-12 (Q4) and 2021-07 (Q3)",
      "gap: 1Q missing between 2021-12 (Q4) and 2022-07 (Q3)",
      "gap: 1Q missing between 2022-12 (Q4) and 2023-07 (Q3)",
      "gap: 1Q missing between 2023-12 (Q4) and 2024-07 (Q3)",
      "gap: 1Q missing between 2024-12 (Q4) and 2025-07 (Q3)"
    ]
  },
  "market_cap": null,
  "source": "SEC EDGAR",
  "last_updated": "2026-02-02T23:31:43.944818"
}