{
  "ticker": "RRR",
  "name": "RED ROCK RESORTS, INC.",
  "quarters": [
    {
      "date": "2020-12-31T00:00:00",
      "quarter_label": "2020-12 (Q4)",
      "revenue": 343409000,
      "gross_profit": null,
      "operating_income": 78634000,
      "net_income": 29710000,
      "opex": 264775000,
      "cogs": null,
      "rd": null,
      "sga": 78648000,
      "fcf": 127237000,
      "ocf": 127237000,
      "capex": null,
      "gross_margin": null,
      "op_margin": 0.22898060330393205,
      "fcf_margin": 0.3705115474550754
    },
    {
      "date": "2021-03-31T00:00:00",
      "quarter_label": "2021-03 (Q1)",
      "revenue": 352619000,
      "gross_profit": null,
      "operating_income": -71153000,
      "net_income": -64778000,
      "opex": 423772000,
      "cogs": null,
      "rd": null,
      "sga": 78910000,
      "fcf": 119760000,
      "ocf": 119760000,
      "capex": null,
      "gross_margin": null,
      "op_margin": -0.20178436215859044,
      "fcf_margin": 0.3396300256083762,
      "op_leverage_ratio": 0.04466177754027299,
      "fcf_margin_change": -0.030881521846699234
    },
    {
      "date": "2021-06-30T00:00:00",
      "quarter_label": "2021-06 (Q2)",
      "revenue": 428157000,
      "gross_profit": null,
      "operating_income": 168516000,
      "net_income": 86714000,
      "opex": 259641000,
      "cogs": null,
      "rd": null,
      "sga": 84090000,
      "fcf": 192823000,
      "ocf": 192823000,
      "capex": null,
      "gross_margin": null,
      "op_margin": 0.39358459630462655,
      "fcf_margin": 0.450355827418447,
      "op_leverage_ratio": Infinity,
      "fcf_margin_change": 0.1107258018100708
    },
    {
      "date": "2021-09-30T00:00:00",
      "quarter_label": "2021-09 (Q3)",
      "revenue": 414769000,
      "gross_profit": null,
      "operating_income": 142895000,
      "net_income": 71248000,
      "opex": 271874000,
      "cogs": null,
      "rd": null,
      "sga": 92602000,
      "fcf": 164240000,
      "ocf": 164240000,
      "capex": null,
      "gross_margin": null,
      "op_margin": 0.34451706853694464,
      "fcf_margin": 0.3959794488016221,
      "fcf_margin_change": -0.05437637861682487
    },
    {
      "date": "2021-12-31T00:00:00",
      "quarter_label": "2021-12 (Q4)",
      "revenue": 422354000,
      "gross_profit": null,
      "operating_income": 161284000,
      "net_income": 148666000,
      "opex": 261070000,
      "cogs": null,
      "rd": null,
      "sga": 91488000,
      "fcf": 133140000,
      "ocf": 133140000,
      "capex": null,
      "gross_margin": null,
      "op_margin": 0.38186923765372177,
      "fcf_margin": 0.31523319300870833,
      "incr_op_margin_yoy": 1.0469314079422383,
      "rev_growth_yoy": 0.22988622895730745,
      "op_leverage_ratio": Infinity,
      "fcf_margin_change": -0.08074625579291378
    },
    {
      "date": "2022-03-31T00:00:00",
      "quarter_label": "2022-03 (Q1)",
      "revenue": 401636000,
      "gross_profit": null,
      "operating_income": 130794000,
      "net_income": 48346000,
      "opex": 270842000,
      "cogs": null,
      "rd": null,
      "sga": 86296000,
      "fcf": 157465000,
      "ocf": 157465000,
      "capex": null,
      "gross_margin": null,
      "op_margin": 0.32565307890726924,
      "fcf_margin": 0.3920589787768029,
      "incr_op_margin_yoy": 4.119937980700573,
      "rev_growth_yoy": 0.1390083914933682,
      "rev_growth_yoy_accel": -0.09087783746393926,
      "fcf_margin_change": 0.07682578576809457
    },
    {
      "date": "2022-06-30T00:00:00",
      "quarter_label": "2022-06 (Q2)",
      "revenue": 422241000,
      "gross_profit": null,
      "operating_income": 68244000,
      "net_income": 15748000,
      "opex": 353997000,
      "cogs": null,
      "rd": null,
      "sga": 90193000,
      "fcf": 120195000,
      "ocf": 120195000,
      "capex": null,
      "gross_margin": null,
      "op_margin": 0.1616233383304795,
      "fcf_margin": 0.2846597085550669,
      "incr_op_margin_yoy": 16.949290060851926,
      "rev_growth_yoy": -0.013817361388462644,
      "rev_growth_yoy_accel": -0.15282575288183084,
      "op_leverage_ratio": 0.16709660644718557,
      "fcf_margin_change": -0.10739927022173601
    },
    {
      "date": "2022-09-30T00:00:00",
      "quarter_label": "2022-09 (Q3)",
      "revenue": 414439000,
      "gross_profit": null,
      "operating_income": 140700000,
      "net_income": 49608000,
      "opex": 273739000,
      "cogs": null,
      "rd": null,
      "sga": 91570000,
      "fcf": 139791000,
      "ocf": 139791000,
      "capex": null,
      "gross_margin": null,
      "op_margin": 0.339495076476876,
      "fcf_margin": 0.33730175007660956,
      "rev_growth_yoy": -0.0007956235880695038,
      "rev_growth_yoy_accel": 0.013021737800393141,
      "fcf_margin_change": 0.05264204152154267
    },
    {
      "date": "2022-12-31T00:00:00",
      "quarter_label": "2022-12 (Q4)",
      "revenue": 425470000,
      "gross_profit": null,
      "operating_income": 221564000,
      "net_income": 91755000,
      "opex": 203906000,
      "cogs": null,
      "rd": null,
      "sga": 84984000,
      "fcf": 124773000,
      "ocf": 124773000,
      "capex": null,
      "gross_margin": null,
      "op_margin": 0.5207511692951324,
      "fcf_margin": 0.29325921921639597,
      "incr_op_margin_yoy": 19.34531450577664,
      "rev_growth_yoy": 0.007377697381817149,
      "rev_growth_yoy_accel": 0.008173320969886653,
      "op_leverage_ratio": Infinity,
      "fcf_margin_change": -0.04404253086021359
    },
    {
      "date": "2023-03-31T00:00:00",
      "quarter_label": "2023-03 (Q1)",
      "revenue": 433636000,
      "gross_profit": null,
      "operating_income": 137275000,
      "net_income": 44676000,
      "opex": 296361000,
      "cogs": null,
      "rd": null,
      "sga": 92505000,
      "fcf": 140522000,
      "ocf": 140522000,
      "capex": null,
      "gross_margin": null,
      "op_margin": 0.3165673514191626,
      "fcf_margin": 0.3240551983691391,
      "incr_op_margin_yoy": 0.20253125,
      "rev_growth_yoy": 0.07967413279686084,
      "rev_growth_yoy_accel": 0.07229643541504369,
      "op_leverage_ratio": 0.04232919746401978,
      "fcf_margin_change": 0.030795979152743125
    },
    {
      "date": "2023-06-30T00:00:00",
      "quarter_label": "2023-06 (Q2)",
      "revenue": 416130000,
      "gross_profit": null,
      "operating_income": 126913000,
      "net_income": 39513000,
      "opex": 289217000,
      "cogs": null,
      "rd": null,
      "sga": 93480000,
      "fcf": 94659000,
      "ocf": 94659000,
      "capex": null,
      "gross_margin": null,
      "op_margin": 0.3049840194170091,
      "fcf_margin": 0.2274745872684017,
      "incr_op_margin_yoy": -9.60055637375225,
      "rev_growth_yoy": -0.014472777394900068,
      "rev_growth_yoy_accel": -0.0941469101917609,
      "fcf_margin_change": -0.0965806111007374
    },
    {
      "date": "2023-09-30T00:00:00",
      "quarter_label": "2023-09 (Q3)",
      "revenue": 411606000,
      "gross_profit": null,
      "operating_income": 122537000,
      "net_income": 35516000,
      "opex": 289069000,
      "cogs": null,
      "rd": null,
      "sga": 91850000,
      "fcf": 100220000,
      "ocf": 100220000,
      "capex": null,
      "gross_margin": null,
      "op_margin": 0.297704601001929,
      "fcf_margin": 0.24348527475304052,
      "incr_op_margin_yoy": 6.411224849982351,
      "rev_growth_yoy": -0.006835746635813714,
      "rev_growth_yoy_accel": 0.007637030759086354,
      "fcf_margin_change": 0.016010687484638825
    },
    {
      "date": "2023-12-31T00:00:00",
      "quarter_label": "2023-12 (Q4)",
      "revenue": 462714000,
      "gross_profit": null,
      "operating_income": 171963000,
      "net_income": 56299000,
      "opex": 290751000,
      "cogs": null,
      "rd": null,
      "sga": 96659000,
      "fcf": 158936000,
      "ocf": 158936000,
      "capex": null,
      "gross_margin": null,
      "op_margin": 0.3716399330904187,
      "fcf_margin": 0.3434864732858742,
      "incr_op_margin_yoy": -1.3317849855010202,
      "rev_growth_yoy": 0.08753613650786189,
      "rev_growth_yoy_accel": 0.0943718831436756,
      "op_leverage_ratio": 21.339425238997272,
      "fcf_margin_change": 0.10000119853283371
    },
    {
      "date": "2024-03-31T00:00:00",
      "quarter_label": "2024-03 (Q1)",
      "revenue": 488897000,
      "gross_profit": null,
      "operating_income": 155524000,
      "net_income": 42835000,
      "opex": 333373000,
      "cogs": null,
      "rd": null,
      "sga": 104805000,
      "fcf": 126461000,
      "ocf": 126461000,
      "capex": null,
      "gross_margin": null,
      "op_margin": 0.31811199496008363,
      "fcf_margin": 0.258665935769702,
      "incr_op_margin_yoy": 0.33023289480827345,
      "rev_growth_yoy": 0.12743637520870038,
      "rev_growth_yoy_accel": 0.03990023870083849,
      "op_leverage_ratio": 0.38600609149954407,
      "fcf_margin_change": -0.08482053751617225
    },
    {
      "date": "2024-06-30T00:00:00",
      "quarter_label": "2024-06 (Q2)",
      "revenue": 486403000,
      "gross_profit": null,
      "operating_income": 140234000,
      "net_income": 35676000,
      "opex": 346169000,
      "cogs": null,
      "rd": null,
      "sga": 111318000,
      "fcf": 142542000,
      "ocf": 142542000,
      "capex": null,
      "gross_margin": null,
      "op_margin": 0.28830825467770554,
      "fcf_margin": 0.2930532912009178,
      "incr_op_margin_yoy": 0.18956071321844806,
      "rev_growth_yoy": 0.16887270804796578,
      "rev_growth_yoy_accel": 0.0414363328392654,
      "fcf_margin_change": 0.034387355431215794
    },
    {
      "date": "2024-09-30T00:00:00",
      "quarter_label": "2024-09 (Q3)",
      "revenue": 468016000,
      "gross_profit": null,
      "operating_income": 130643000,
      "net_income": 28952000,
      "opex": 337373000,
      "cogs": null,
      "rd": null,
      "sga": 109041000,
      "fcf": 131035000,
      "ocf": 131035000,
      "capex": null,
      "gross_margin": null,
      "op_margin": 0.27914216607979214,
      "fcf_margin": 0.27997974428224676,
      "incr_op_margin_yoy": 0.14369792589966318,
      "rev_growth_yoy": 0.1370485367074338,
      "rev_growth_yoy_accel": -0.031824171340531976,
      "fcf_margin_change": -0.01307354691867102
    },
    {
      "date": "2024-12-31T00:00:00",
      "quarter_label": "2024-12 (Q4)",
      "revenue": 495695000,
      "gross_profit": null,
      "operating_income": 142290000,
      "net_income": 46588000,
      "opex": 353405000,
      "cogs": null,
      "rd": null,
      "sga": 107112000,
      "fcf": 148225000,
      "ocf": 148225000,
      "capex": null,
      "gross_margin": null,
      "op_margin": 0.28705151353150626,
      "fcf_margin": 0.2990246018216847,
      "incr_op_margin_yoy": -0.899699827173221,
      "rev_growth_yoy": 0.07127729007551101,
      "rev_growth_yoy_accel": -0.0657712466319228,
      "op_leverage_ratio": 1.244549899268802,
      "fcf_margin_change": 0.019044857539437965
    },
    {
      "date": "2025-03-31T00:00:00",
      "quarter_label": "2025-03 (Q1)",
      "revenue": 497861000,
      "gross_profit": null,
      "operating_income": 154353000,
      "net_income": 44749000,
      "opex": 343508000,
      "cogs": null,
      "rd": null,
      "sga": 104711000,
      "fcf": 126227000,
      "ocf": 126227000,
      "capex": null,
      "gross_margin": null,
      "op_margin": 0.3100323182575056,
      "fcf_margin": 0.2535386382946244,
      "incr_op_margin_yoy": -0.13063364569388666,
      "rev_growth_yoy": 0.018335150348641943,
      "rev_growth_yoy_accel": -0.052942139726869064,
      "fcf_margin_change": -0.0454859635270603
    },
    {
      "date": "2025-06-30T00:00:00",
      "quarter_label": "2025-06 (Q2)",
      "revenue": 526273000,
      "gross_profit": null,
      "operating_income": 168028000,
      "net_income": 56404000,
      "opex": 358245000,
      "cogs": null,
      "rd": null,
      "sga": 112031000,
      "fcf": 158440000,
      "ocf": 158440000,
      "capex": null,
      "gross_margin": null,
      "op_margin": 0.3192791573954962,
      "fcf_margin": 0.30106047621671644,
      "incr_op_margin_yoy": 0.6971156257837974,
      "rev_growth_yoy": 0.08196906680263075,
      "rev_growth_yoy_accel": 0.0636339164539888,
      "op_leverage_ratio": 1.3302138680645823,
      "fcf_margin_change": 0.047521837922092025
    },
    {
      "date": "2025-09-30T00:00:00",
      "quarter_label": "2025-09 (Q3)",
      "revenue": 475572000,
      "gross_profit": null,
      "operating_income": 131484000,
      "net_income": 42254000,
      "opex": 344088000,
      "cogs": null,
      "rd": null,
      "sga": 112853000,
      "fcf": 168289000,
      "ocf": 168289000,
      "capex": null,
      "gross_margin": null,
      "op_margin": 0.27647548636168656,
      "fcf_margin": 0.35386650181255414,
      "incr_op_margin_yoy": 0.11130227633668607,
      "rev_growth_yoy": 0.01614474718813032,
      "rev_growth_yoy_accel": -0.06582431961450043,
      "fcf_margin_change": 0.05280602559583769
    }
  ],
  "signals": [
    {
      "quarter": "2025-09 (Q3)",
      "signal": "FCF MARGIN EXPANSION",
      "detail": "FCF margin: +30.1% -> +35.4% (+5.3%)",
      "severity": "MEDIUM"
    },
    {
      "quarter": "2025-09 (Q3)",
      "signal": "YoY REVENUE GROWTH DECELERATION",
      "detail": "YoY growth: +1.6% vs prior quarter YoY: +8.2% (decel: -6.6%)",
      "severity": "WARNING"
    },
    {
      "quarter": "2025-06 (Q2)",
      "signal": "YoY REVENUE GROWTH ACCELERATION",
      "detail": "YoY growth: +8.2% vs prior quarter YoY: +1.8% (accel: +6.4%)",
      "severity": "MEDIUM"
    },
    {
      "quarter": "2025-06 (Q2)",
      "signal": "INCREMENTAL MARGIN (YoY)",
      "detail": "YoY Incr OPM: +69.7% vs year-ago OPM: +28.8%",
      "severity": "HIGH"
    },
    {
      "quarter": "2025-03 (Q1)",
      "signal": "YoY REVENUE GROWTH DECELERATION",
      "detail": "YoY growth: +1.8% vs prior quarter YoY: +7.1% (decel: -5.3%)",
      "severity": "WARNING"
    },
    {
      "quarter": "2024-12 (Q4)",
      "signal": "YoY REVENUE GROWTH DECELERATION",
      "detail": "YoY growth: +7.1% vs prior quarter YoY: +13.7% (decel: -6.6%)",
      "severity": "WARNING"
    },
    {
      "quarter": "2023-12 (Q4)",
      "signal": "FCF MARGIN EXPANSION",
      "detail": "FCF margin: +24.3% -> +34.3% (+10.0%)",
      "severity": "MEDIUM"
    },
    {
      "quarter": "2023-12 (Q4)",
      "signal": "OPERATING LEVERAGE",
      "detail": "Rev growth +12.4% vs OpEx growth +0.6% (leverage: 21.3x)",
      "severity": "MEDIUM"
    },
    {
      "quarter": "2023-12 (Q4)",
      "signal": "YoY REVENUE GROWTH ACCELERATION",
      "detail": "YoY growth: +8.8% vs prior quarter YoY: -0.7% (accel: +9.4%)",
      "severity": "MEDIUM"
    },
    {
      "quarter": "2023-09 (Q3)",
      "signal": "INCREMENTAL MARGIN (YoY)",
      "detail": "YoY Incr OPM: +641.1% vs year-ago OPM: +33.9%",
      "severity": "HIGH"
    },
    {
      "quarter": "2023-06 (Q2)",
      "signal": "YoY REVENUE GROWTH DECELERATION",
      "detail": "YoY growth: -1.4% vs prior quarter YoY: +8.0% (decel: -9.4%)",
      "severity": "WARNING"
    },
    {
      "quarter": "2023-03 (Q1)",
      "signal": "YoY REVENUE GROWTH ACCELERATION",
      "detail": "YoY growth: +8.0% vs prior quarter YoY: +0.7% (accel: +7.2%)",
      "severity": "MEDIUM"
    },
    {
      "quarter": "2022-12 (Q4)",
      "signal": "INCREMENTAL MARGIN (YoY)",
      "detail": "YoY Incr OPM: +1934.5% vs year-ago OPM: +38.2%",
      "severity": "HIGH"
    },
    {
      "quarter": "2022-09 (Q3)",
      "signal": "FCF MARGIN EXPANSION",
      "detail": "FCF margin: +28.5% -> +33.7% (+5.3%)",
      "severity": "MEDIUM"
    },
    {
      "quarter": "2022-06 (Q2)",
      "signal": "YoY REVENUE GROWTH DECELERATION",
      "detail": "YoY growth: -1.4% vs prior quarter YoY: +13.9% (decel: -15.3%)",
      "severity": "WARNING"
    },
    {
      "quarter": "2022-06 (Q2)",
      "signal": "INCREMENTAL MARGIN (YoY)",
      "detail": "YoY Incr OPM: +1694.9% vs year-ago OPM: +39.4%",
      "severity": "HIGH"
    },
    {
      "quarter": "2022-03 (Q1)",
      "signal": "FCF MARGIN EXPANSION",
      "detail": "FCF margin: +31.5% -> +39.2% (+7.7%)",
      "severity": "MEDIUM"
    },
    {
      "quarter": "2022-03 (Q1)",
      "signal": "YoY REVENUE GROWTH DECELERATION",
      "detail": "YoY growth: +13.9% vs prior quarter YoY: +23.0% (decel: -9.1%)",
      "severity": "WARNING"
    },
    {
      "quarter": "2022-03 (Q1)",
      "signal": "OP MARGIN TURNED POSITIVE (YoY)",
      "detail": "Op margin: -20.2% (year-ago) -> +32.6%",
      "severity": "HIGH"
    },
    {
      "quarter": "2021-12 (Q4)",
      "signal": "INCREMENTAL MARGIN (YoY)",
      "detail": "YoY Incr OPM: +104.7% vs year-ago OPM: +22.9%",
      "severity": "HIGH"
    },
    {
      "quarter": "2021-06 (Q2)",
      "signal": "FCF MARGIN EXPANSION",
      "detail": "FCF margin: +34.0% -> +45.0% (+11.1%)",
      "severity": "MEDIUM"
    },
    {
      "quarter": "2021-06 (Q2)",
      "signal": "OP MARGIN TURNED POSITIVE (QoQ)",
      "detail": "Op margin: -20.2% -> +39.4%",
      "severity": "HIGH"
    }
  ],
  "data_quality": {
    "n_quarters": 20,
    "coverage": {
      "revenue": [
        20,
        20
      ],
      "gross_profit": [
        0,
        20
      ],
      "op_income": [
        20,
        20
      ],
      "fcf": [
        20,
        20
      ]
    },
    "gaps": [],
    "warnings": [
      "gross_profit: no data"
    ]
  },
  "market_cap": null,
  "source": "SEC EDGAR",
  "last_updated": "2026-02-02T20:55:16.211659"
}