{
  "ticker": "RRX",
  "name": "REGAL REXNORD CORPORATION",
  "sector": "Industrials",
  "industry": "Specialty Industrial Machinery",
  "quarters": [
    {
      "date": "2021-04-03T00:00:00",
      "quarter_label": "2021-04 (Q2)",
      "revenue": 814100000,
      "gross_profit": 245400000,
      "operating_income": 97100000,
      "net_income": 65600000,
      "opex": 148300000,
      "cogs": 568700000,
      "rd": null,
      "sga": 148300000,
      "fcf": 38800000,
      "ocf": 49500000,
      "capex": -10700000,
      "gross_margin": 0.30143716988085,
      "op_margin": 0.1192728166072964,
      "fcf_margin": 0.04765999262989805
    },
    {
      "date": "2021-07-03T00:00:00",
      "quarter_label": "2021-07 (Q3)",
      "revenue": 886900000,
      "gross_profit": 251500000,
      "operating_income": 109000000,
      "net_income": 79600000,
      "opex": 142500000,
      "cogs": 635400000,
      "rd": null,
      "sga": 140200000,
      "fcf": 73500000,
      "ocf": 87100000,
      "capex": -13600000,
      "gross_margin": 0.28357199233284475,
      "op_margin": 0.12289998872477167,
      "fcf_margin": 0.08287292817679558,
      "op_leverage_ratio": null,
      "fcf_margin_change": 0.03521293554689753
    },
    {
      "date": "2021-10-02T00:00:00",
      "quarter_label": "2021-10 (Q4)",
      "revenue": 892700000,
      "gross_profit": 254600000,
      "operating_income": 107400000,
      "net_income": 69500000,
      "opex": 147200000,
      "cogs": 638100000,
      "rd": null,
      "sga": 144400000,
      "fcf": 108300000,
      "ocf": 121500000,
      "capex": -13200000,
      "gross_margin": 0.28520219558642323,
      "op_margin": 0.12030917441469699,
      "fcf_margin": 0.1213173518539263,
      "fcf_margin_change": 0.03844442367713072
    },
    {
      "date": "2022-01-01T00:00:00",
      "quarter_label": "2022-01 (Q1)",
      "revenue": 1216600000,
      "gross_profit": 334200000,
      "operating_income": 18900000,
      "net_income": -4800000,
      "opex": 276700000,
      "cogs": 882400000,
      "rd": null,
      "sga": null,
      "fcf": 82600000,
      "ocf": 99600000,
      "capex": -17000000,
      "gross_margin": 0.27469998356074304,
      "op_margin": 0.015535097813578827,
      "fcf_margin": 0.06789413118527042,
      "op_leverage_ratio": 0.4124235487067346,
      "fcf_margin_change": -0.053423220668655874
    },
    {
      "date": "2022-03-31T00:00:00",
      "quarter_label": "2022-03 (Q1)",
      "revenue": 1298500000,
      "gross_profit": 421900000,
      "operating_income": 169900000,
      "net_income": 125600000,
      "opex": 252000000,
      "cogs": 876600000,
      "rd": null,
      "sga": 252000000,
      "fcf": -19300000,
      "ocf": -5900000,
      "capex": -13400000,
      "gross_margin": 0.3249133615710435,
      "op_margin": 0.1308432807085098,
      "fcf_margin": -0.014863303812090873,
      "incr_op_margin_yoy": 0.15028901734104047,
      "rev_growth_yoy": 0.5950128976784179,
      "op_leverage_ratio": null,
      "fcf_margin_change": -0.0827574349973613
    },
    {
      "date": "2022-06-30T00:00:00",
      "quarter_label": "2022-06 (Q2)",
      "revenue": 1349400000,
      "gross_profit": 433500000,
      "operating_income": 194900000,
      "net_income": 142000000,
      "opex": 238600000,
      "cogs": 915900000,
      "rd": null,
      "sga": 238600000,
      "fcf": 91600000,
      "ocf": 110800000,
      "capex": -19200000,
      "gross_margin": 0.3212538906180525,
      "op_margin": 0.144434563509708,
      "fcf_margin": 0.06788202163924707,
      "incr_op_margin_yoy": 0.18572972972972973,
      "rev_growth_yoy": 0.5214793099560266,
      "rev_growth_yoy_accel": -0.07353358772239127,
      "op_leverage_ratio": null,
      "fcf_margin_change": 0.08274532545133795
    },
    {
      "date": "2022-09-30T00:00:00",
      "quarter_label": "2022-09 (Q3)",
      "revenue": 1325300000,
      "gross_profit": 407700000,
      "operating_income": 173900000,
      "net_income": 119800000,
      "opex": 233800000,
      "cogs": 917600000,
      "rd": null,
      "sga": 233800000,
      "fcf": 111100000,
      "ocf": 133100000,
      "capex": -22000000,
      "gross_margin": 0.3076284614804195,
      "op_margin": 0.13121557383233984,
      "fcf_margin": 0.08383007620916019,
      "incr_op_margin_yoy": 0.15372168284789645,
      "rev_growth_yoy": 0.48459728912288563,
      "rev_growth_yoy_accel": -0.036882020833141016,
      "fcf_margin_change": 0.01594805456991312
    },
    {
      "date": "2022-12-31T00:00:00",
      "quarter_label": "2022-12 (Q4)",
      "revenue": 1244700000,
      "gross_profit": 406600000,
      "operating_income": 151700000,
      "net_income": 101500000,
      "opex": 254900000,
      "cogs": 838100000,
      "rd": null,
      "sga": null,
      "fcf": 169000000,
      "ocf": 198200000,
      "capex": -29200000,
      "gross_margin": 0.32666505985378,
      "op_margin": 0.12187675745159476,
      "fcf_margin": 0.13577568892102515,
      "incr_op_margin_yoy": 4.725978647686833,
      "rev_growth_yoy": 0.023097156008548413,
      "rev_growth_yoy_accel": -0.46150013311433724,
      "fcf_margin_change": 0.05194561271186496
    },
    {
      "date": "2023-03-31T00:00:00",
      "quarter_label": "2023-03 (Q1)",
      "revenue": 1224100000,
      "gross_profit": 398100000,
      "operating_income": 68900000,
      "net_income": -5900000,
      "opex": 329200000,
      "cogs": 826000000,
      "rd": null,
      "sga": null,
      "fcf": 87500000,
      "ocf": 106200000,
      "capex": -18700000,
      "gross_margin": 0.32521852789804756,
      "op_margin": 0.05628625112327424,
      "fcf_margin": 0.07148108814639327,
      "incr_op_margin_yoy": 1.35752688172043,
      "rev_growth_yoy": -0.05729688101655757,
      "rev_growth_yoy_accel": -0.08039403702510597,
      "fcf_margin_change": -0.06429460077463188
    },
    {
      "date": "2023-06-30T00:00:00",
      "quarter_label": "2023-06 (Q2)",
      "revenue": 1768600000,
      "gross_profit": 563800000,
      "operating_income": 151600000,
      "net_income": 32100000,
      "opex": 412200000,
      "cogs": 1204800000,
      "rd": null,
      "sga": null,
      "fcf": 176300000,
      "ocf": 221100000,
      "capex": -44800000,
      "gross_margin": 0.31878321836480833,
      "op_margin": 0.08571751667985977,
      "fcf_margin": 0.09968336537374194,
      "incr_op_margin_yoy": -0.10329198473282443,
      "rev_growth_yoy": 0.3106565881132355,
      "rev_growth_yoy_accel": 0.36795346912979304,
      "op_leverage_ratio": 1.7642605386007717,
      "fcf_margin_change": 0.028202277227348665
    },
    {
      "date": "2023-09-30T00:00:00",
      "quarter_label": "2023-09 (Q3)",
      "revenue": 1649800000,
      "gross_profit": 542200000,
      "operating_income": -20400000,
      "net_income": -139500000,
      "opex": 388900000,
      "cogs": 1107600000,
      "rd": null,
      "sga": null,
      "fcf": 161500000,
      "ocf": 186700000,
      "capex": -25200000,
      "gross_margin": 0.3286458964722997,
      "op_margin": -0.01236513516789914,
      "fcf_margin": 0.09789065341253485,
      "incr_op_margin_yoy": -0.5987673343605547,
      "rev_growth_yoy": 0.24485022259111144,
      "rev_growth_yoy_accel": -0.06580636552212404,
      "fcf_margin_change": -0.0017927119612070885
    },
    {
      "date": "2023-12-31T00:00:00",
      "quarter_label": "2023-12 (Q4)",
      "revenue": 1608200000,
      "gross_profit": 563200000,
      "operating_income": 177000000,
      "net_income": 55900000,
      "opex": 562300000,
      "cogs": 1045000000,
      "rd": null,
      "sga": null,
      "fcf": 170900000,
      "ocf": 201300000,
      "capex": -30400000,
      "gross_margin": 0.35020519835841313,
      "op_margin": 0.11006093769431663,
      "fcf_margin": 0.10626787712971024,
      "incr_op_margin_yoy": 0.06960110041265474,
      "rev_growth_yoy": 0.29203824214670204,
      "rev_growth_yoy_accel": 0.0471880195555906,
      "fcf_margin_change": 0.008377223717175392
    },
    {
      "date": "2024-03-31T00:00:00",
      "quarter_label": "2024-03 (Q1)",
      "revenue": 1547700000,
      "gross_profit": 553100000,
      "operating_income": 133900000,
      "net_income": 19800000,
      "opex": 397700000,
      "cogs": 994600000,
      "rd": null,
      "sga": null,
      "fcf": 64600000,
      "ocf": 83100000,
      "capex": -18500000,
      "gross_margin": 0.35736899916004394,
      "op_margin": 0.08651547457517607,
      "fcf_margin": 0.041739355172190996,
      "incr_op_margin_yoy": 0.20086526576019778,
      "rev_growth_yoy": 0.2643574871334041,
      "rev_growth_yoy_accel": -0.02768075501329792,
      "fcf_margin_change": -0.06452852195751924
    },
    {
      "date": "2024-06-30T00:00:00",
      "quarter_label": "2024-06 (Q2)",
      "revenue": 1547600000,
      "gross_profit": 571000000,
      "operating_income": 193900000,
      "net_income": 62500000,
      "opex": 394300000,
      "cogs": 976600000,
      "rd": null,
      "sga": null,
      "fcf": 125900000,
      "ocf": 158300000,
      "capex": -32400000,
      "gross_margin": 0.3689583871801499,
      "op_margin": 0.1252907728095115,
      "fcf_margin": 0.08135177048332902,
      "incr_op_margin_yoy": -0.19140271493212668,
      "rev_growth_yoy": -0.12495759357684044,
      "rev_growth_yoy_accel": -0.38931508071024457,
      "fcf_margin_change": 0.03961241531113802
    },
    {
      "date": "2024-09-30T00:00:00",
      "quarter_label": "2024-09 (Q3)",
      "revenue": 1477400000,
      "gross_profit": 556300000,
      "operating_income": 174100000,
      "net_income": 72700000,
      "opex": 382200000,
      "cogs": 921100000,
      "rd": null,
      "sga": null,
      "fcf": 125500000,
      "ocf": 154800000,
      "capex": -29300000,
      "gross_margin": 0.37653986733450656,
      "op_margin": 0.11784215513740355,
      "fcf_margin": 0.08494652768376879,
      "incr_op_margin_yoy": -1.1281902552204177,
      "rev_growth_yoy": -0.10449751485028488,
      "rev_growth_yoy_accel": 0.02046007872655556,
      "fcf_margin_change": 0.003594757200439766
    },
    {
      "date": "2024-12-31T00:00:00",
      "quarter_label": "2024-12 (Q4)",
      "revenue": 1461100000,
      "gross_profit": 510600000,
      "operating_income": 128100000,
      "net_income": 41200000,
      "opex": 388300000,
      "cogs": 950500000,
      "rd": null,
      "sga": null,
      "fcf": 183900000,
      "ocf": 213200000,
      "capex": -29300000,
      "gross_margin": 0.34946273355690916,
      "op_margin": 0.0876736705222093,
      "fcf_margin": 0.12586407501197727,
      "incr_op_margin_yoy": 0.33242692046227057,
      "rev_growth_yoy": -0.09146872279567218,
      "rev_growth_yoy_accel": 0.0130287920546127,
      "fcf_margin_change": 0.04091754732820849
    },
    {
      "date": "2025-03-31T00:00:00",
      "quarter_label": "2025-03 (Q1)",
      "revenue": 1418100000,
      "gross_profit": 527600000,
      "operating_income": 159700000,
      "net_income": 57300000,
      "opex": 367900000,
      "cogs": 890500000,
      "rd": null,
      "sga": null,
      "fcf": 85500000,
      "ocf": 102300000,
      "capex": -16800000,
      "gross_margin": 0.372047105281715,
      "op_margin": 0.1126154714054016,
      "fcf_margin": 0.060291939919610744,
      "incr_op_margin_yoy": -0.19907407407407407,
      "rev_growth_yoy": -0.08373715836402404,
      "rev_growth_yoy_accel": 0.007731564431648144,
      "fcf_margin_change": -0.06557213509236653
    },
    {
      "date": "2025-06-30T00:00:00",
      "quarter_label": "2025-06 (Q2)",
      "revenue": 1496100000,
      "gross_profit": 564700000,
      "operating_income": 182300000,
      "net_income": 79200000,
      "opex": 382400000,
      "cogs": 931400000,
      "rd": null,
      "sga": null,
      "fcf": 493000000,
      "ocf": 523200000,
      "capex": -30200000,
      "gross_margin": 0.3774480315486933,
      "op_margin": 0.12185014370697146,
      "fcf_margin": 0.32952342757837044,
      "incr_op_margin_yoy": 0.22524271844660193,
      "rev_growth_yoy": -0.03327733264409408,
      "rev_growth_yoy_accel": 0.050459825719929956,
      "op_leverage_ratio": 1.3955632718863755,
      "fcf_margin_change": 0.2692314876587597
    },
    {
      "date": "2025-09-30T00:00:00",
      "quarter_label": "2025-09 (Q3)",
      "revenue": 1497000000,
      "gross_profit": 554200000,
      "operating_income": 174400000,
      "net_income": 79600000,
      "opex": 379800000,
      "cogs": 942800000,
      "rd": null,
      "sga": null,
      "fcf": 174000000,
      "ocf": 197500000,
      "capex": -23500000,
      "gross_margin": 0.3702070808283233,
      "op_margin": 0.116499665998664,
      "fcf_margin": 0.11623246492985972,
      "incr_op_margin_yoy": 0.015306122448979591,
      "rev_growth_yoy": 0.01326654934344118,
      "rev_growth_yoy_accel": 0.046543881987535264,
      "fcf_margin_change": -0.21329096264851072
    },
    {
      "date": "2025-12-31T00:00:00",
      "quarter_label": "2025-12 (Q4)",
      "revenue": 1523300000,
      "gross_profit": 571300000,
      "operating_income": 164500000,
      "net_income": 63600000,
      "opex": 406800000,
      "cogs": 952000000,
      "rd": null,
      "sga": null,
      "fcf": 140600000,
      "ocf": 167800000,
      "capex": -27200000,
      "gross_margin": 0.375041029344187,
      "op_margin": 0.10798923390008534,
      "fcf_margin": 0.09229961268299088,
      "incr_op_margin_yoy": 0.5852090032154341,
      "rev_growth_yoy": 0.04257066593662309,
      "rev_growth_yoy_accel": 0.02930411659318191,
      "op_leverage_ratio": 0.2471298151859274,
      "fcf_margin_change": -0.02393285224686885
    }
  ],
  "signals": [
    {
      "quarter": "2025-12 (Q4)",
      "signal": "INCREMENTAL MARGIN (YoY)",
      "detail": "YoY Incr OPM: +58.5% vs year-ago OPM: +8.8%",
      "severity": "HIGH"
    },
    {
      "quarter": "2025-06 (Q2)",
      "signal": "FCF MARGIN EXPANSION",
      "detail": "FCF margin: +6.0% -> +33.0% (+26.9%)",
      "severity": "MEDIUM"
    },
    {
      "quarter": "2025-06 (Q2)",
      "signal": "YoY REVENUE GROWTH ACCELERATION",
      "detail": "YoY growth: -3.3% vs prior quarter YoY: -8.4% (accel: +5.0%)",
      "severity": "MEDIUM"
    },
    {
      "quarter": "2025-03 (Q1)",
      "signal": "GROSS MARGIN INFLECTION",
      "detail": "GM: +37.7% -> +34.9% -> +37.2% (reversal +2.3%)",
      "severity": "MEDIUM"
    },
    {
      "quarter": "2024-12 (Q4)",
      "signal": "INCREMENTAL MARGIN (YoY)",
      "detail": "YoY Incr OPM: +33.2% vs year-ago OPM: +11.0%",
      "severity": "HIGH"
    },
    {
      "quarter": "2024-09 (Q3)",
      "signal": "OP MARGIN TURNED POSITIVE (YoY)",
      "detail": "Op margin: -1.2% (year-ago) -> +11.8%",
      "severity": "HIGH"
    },
    {
      "quarter": "2024-06 (Q2)",
      "signal": "YoY REVENUE GROWTH DECELERATION",
      "detail": "YoY growth: -12.5% vs prior quarter YoY: +26.4% (decel: -38.9%)",
      "severity": "WARNING"
    },
    {
      "quarter": "2024-03 (Q1)",
      "signal": "INCREMENTAL MARGIN (YoY)",
      "detail": "YoY Incr OPM: +20.1% vs year-ago OPM: +5.6%",
      "severity": "MEDIUM"
    },
    {
      "quarter": "2023-12 (Q4)",
      "signal": "OP MARGIN TURNED POSITIVE (QoQ)",
      "detail": "Op margin: -1.2% -> +11.0%",
      "severity": "HIGH"
    },
    {
      "quarter": "2023-09 (Q3)",
      "signal": "YoY REVENUE GROWTH DECELERATION",
      "detail": "YoY growth: +24.5% vs prior quarter YoY: +31.1% (decel: -6.6%)",
      "severity": "WARNING"
    },
    {
      "quarter": "2023-06 (Q2)",
      "signal": "OPERATING LEVERAGE",
      "detail": "Rev growth +44.5% vs OpEx growth +25.2% (leverage: 1.8x)",
      "severity": "MEDIUM"
    },
    {
      "quarter": "2023-06 (Q2)",
      "signal": "YoY REVENUE GROWTH ACCELERATION",
      "detail": "YoY growth: +31.1% vs prior quarter YoY: -5.7% (accel: +36.8%)",
      "severity": "HIGH"
    },
    {
      "quarter": "2023-03 (Q1)",
      "signal": "YoY REVENUE GROWTH DECELERATION",
      "detail": "YoY growth: -5.7% vs prior quarter YoY: +2.3% (decel: -8.0%)",
      "severity": "WARNING"
    },
    {
      "quarter": "2023-03 (Q1)",
      "signal": "INCREMENTAL MARGIN (YoY)",
      "detail": "YoY Incr OPM: +135.8% vs year-ago OPM: +13.1%",
      "severity": "HIGH"
    },
    {
      "quarter": "2022-12 (Q4)",
      "signal": "FCF MARGIN EXPANSION",
      "detail": "FCF margin: +8.4% -> +13.6% (+5.2%)",
      "severity": "MEDIUM"
    },
    {
      "quarter": "2022-12 (Q4)",
      "signal": "YoY REVENUE GROWTH DECELERATION",
      "detail": "YoY growth: +2.3% vs prior quarter YoY: +48.5% (decel: -46.2%)",
      "severity": "WARNING"
    },
    {
      "quarter": "2022-12 (Q4)",
      "signal": "INCREMENTAL MARGIN (YoY)",
      "detail": "YoY Incr OPM: +472.6% vs year-ago OPM: +1.6%",
      "severity": "HIGH"
    },
    {
      "quarter": "2022-06 (Q2)",
      "signal": "FCF TURNED POSITIVE",
      "detail": "FCF margin: -1.5% -> +6.8%",
      "severity": "HIGH"
    },
    {
      "quarter": "2022-06 (Q2)",
      "signal": "YoY REVENUE GROWTH DECELERATION",
      "detail": "YoY growth: +52.1% vs prior quarter YoY: +59.5% (decel: -7.4%)",
      "severity": "WARNING"
    },
    {
      "quarter": "2022-03 (Q1)",
      "signal": "GROSS MARGIN INFLECTION",
      "detail": "GM: +28.5% -> +27.5% -> +32.5% (reversal +5.0%)",
      "severity": "HIGH"
    }
  ],
  "data_quality": {
    "n_quarters": 20,
    "coverage": {
      "revenue": [
        20,
        20
      ],
      "gross_profit": [
        20,
        20
      ],
      "op_income": [
        20,
        20
      ],
      "fcf": [
        20,
        20
      ]
    },
    "gaps": [],
    "warnings": []
  },
  "market_cap": null,
  "source": "SEC EDGAR",
  "last_updated": "2026-02-24T10:15:08.568093"
}