{
  "ticker": "RSG",
  "name": "REPUBLIC SERVICES, INC.",
  "sector": "Industrials",
  "industry": "Waste Management",
  "quarters": [
    {
      "date": "2021-03-31T00:00:00",
      "quarter_label": "2021-03 (Q1)",
      "revenue": 3057600000,
      "gross_profit": 1523300000,
      "operating_income": 492400000,
      "net_income": 295900000,
      "opex": 1030900000,
      "cogs": 1534300000,
      "rd": null,
      "sga": 265400000,
      "fcf": 330000000,
      "ocf": 661000000,
      "capex": -331000000,
      "gross_margin": 0.4982012035583464,
      "op_margin": 0.16104133961276818,
      "fcf_margin": 0.10792778649921507
    },
    {
      "date": "2021-06-30T00:00:00",
      "quarter_label": "2021-06 (Q2)",
      "revenue": 3334000000,
      "gross_profit": 1683300000,
      "operating_income": 517900000,
      "net_income": 331065000,
      "opex": 1165400000,
      "cogs": 1650700000,
      "rd": null,
      "sga": 315800000,
      "fcf": 544200000,
      "ocf": 821800000,
      "capex": -277600000,
      "gross_margin": 0.5048890221955609,
      "op_margin": 0.1553389322135573,
      "fcf_margin": 0.16322735452909418,
      "op_leverage_ratio": 0.6928697873201325,
      "fcf_margin_change": 0.055299568029879106
    },
    {
      "date": "2021-09-30T00:00:00",
      "quarter_label": "2021-09 (Q3)",
      "revenue": 3461300000,
      "gross_profit": 1717300000,
      "operating_income": 564200000,
      "net_income": 350336000,
      "opex": 1153100000,
      "cogs": 1744000000,
      "rd": null,
      "sga": 299000000,
      "fcf": 359400000,
      "ocf": 655000000,
      "capex": -295600000,
      "gross_margin": 0.4961430676335481,
      "op_margin": 0.1630023401612111,
      "fcf_margin": 0.10383381966313235,
      "op_leverage_ratio": null,
      "fcf_margin_change": -0.05939353486596183
    },
    {
      "date": "2021-12-31T00:00:00",
      "quarter_label": "2021-12 (Q4)",
      "revenue": 3469900000,
      "gross_profit": 1660200000,
      "operating_income": 501700000,
      "net_income": 313061000,
      "opex": 1158500000,
      "cogs": 1809700000,
      "rd": null,
      "sga": 315500000,
      "fcf": 236800000,
      "ocf": 648900000,
      "capex": -412100000,
      "gross_margin": 0.47845759243782243,
      "op_margin": 0.1445862993169832,
      "fcf_margin": 0.06824404161503213,
      "fcf_margin_change": -0.03558977804810022
    },
    {
      "date": "2022-03-31T00:00:00",
      "quarter_label": "2022-03 (Q1)",
      "revenue": 3466300000,
      "gross_profit": 1704000000,
      "operating_income": 560600000,
      "net_income": 352000000,
      "opex": 1143400000,
      "cogs": 1762300000,
      "rd": null,
      "sga": 307800000,
      "fcf": 371500000,
      "ocf": 705600000,
      "capex": -334100000,
      "gross_margin": 0.4915904566829184,
      "op_margin": 0.16172864437584744,
      "fcf_margin": 0.10717479733433344,
      "incr_op_margin_yoy": 0.1668705652067531,
      "rev_growth_yoy": 0.13366692830978547,
      "fcf_margin_change": 0.03893075571930131
    },
    {
      "date": "2022-06-30T00:00:00",
      "quarter_label": "2022-06 (Q2)",
      "revenue": 3957300000,
      "gross_profit": 1892900000,
      "operating_income": 589600000,
      "net_income": 371888000,
      "opex": 1303300000,
      "cogs": 2064400000,
      "rd": null,
      "sga": 391500000,
      "fcf": 544400000,
      "ocf": 857600000,
      "capex": -313200000,
      "gross_margin": 0.47833118540418973,
      "op_margin": 0.14899047330250423,
      "fcf_margin": 0.13756854420943573,
      "incr_op_margin_yoy": 0.11503288945932938,
      "rev_growth_yoy": 0.18695260947810438,
      "rev_growth_yoy_accel": 0.053285681168318916,
      "op_leverage_ratio": 1.012896496827841,
      "fcf_margin_change": 0.030393746875102295
    },
    {
      "date": "2022-09-30T00:00:00",
      "quarter_label": "2022-09 (Q3)",
      "revenue": 4153200000,
      "gross_profit": 1960800000,
      "operating_income": 664300000,
      "net_income": 416924000,
      "opex": 1296500000,
      "cogs": 2192400000,
      "rd": null,
      "sga": 362800000,
      "fcf": 539300000,
      "ocf": 816800000,
      "capex": -277500000,
      "gross_margin": 0.472117885004334,
      "op_margin": 0.15994895502263315,
      "fcf_margin": 0.129851680631802,
      "incr_op_margin_yoy": 0.14467408585055644,
      "rev_growth_yoy": 0.19989599283506196,
      "rev_growth_yoy_accel": 0.012943383356957577,
      "op_leverage_ratio": null,
      "fcf_margin_change": -0.007716863577633737
    },
    {
      "date": "2022-12-31T00:00:00",
      "quarter_label": "2022-12 (Q4)",
      "revenue": 4068500000,
      "gross_profit": 1883900000,
      "operating_income": 577200000,
      "net_income": 346750000,
      "opex": 1306700000,
      "cogs": 2184600000,
      "rd": null,
      "sga": 392100000,
      "fcf": 280800000,
      "ocf": 810000000,
      "capex": -529200000,
      "gross_margin": 0.46304534840850436,
      "op_margin": 0.14187046823153496,
      "fcf_margin": 0.06901806562615215,
      "incr_op_margin_yoy": 0.1261276311393251,
      "rev_growth_yoy": 0.17251217614340472,
      "rev_growth_yoy_accel": -0.027383816691657237,
      "fcf_margin_change": -0.06083361500564985
    },
    {
      "date": "2023-03-31T00:00:00",
      "quarter_label": "2023-03 (Q1)",
      "revenue": 4147200000,
      "gross_profit": 1977700000,
      "operating_income": 644100000,
      "net_income": 383852000,
      "opex": 1333600000,
      "cogs": 2169500000,
      "rd": null,
      "sga": 379200000,
      "fcf": 309100000,
      "ocf": 687700000,
      "capex": -378600000,
      "gross_margin": 0.47687596450617287,
      "op_margin": 0.15530960648148148,
      "fcf_margin": 0.07453221450617284,
      "incr_op_margin_yoy": 0.12263181083859598,
      "rev_growth_yoy": 0.19643423823673659,
      "rev_growth_yoy_accel": 0.023922062093331864,
      "op_leverage_ratio": 0.9396454672835499,
      "fcf_margin_change": 0.005514148880020692
    },
    {
      "date": "2023-06-30T00:00:00",
      "quarter_label": "2023-06 (Q2)",
      "revenue": 4321200000,
      "gross_profit": 2096800000,
      "operating_income": 707200000,
      "net_income": 427398000,
      "opex": 1389600000,
      "cogs": 2224400000,
      "rd": null,
      "sga": 396000000,
      "fcf": 742800000,
      "ocf": 1078500000,
      "capex": -335700000,
      "gross_margin": 0.4852355827085069,
      "op_margin": 0.16365824308062576,
      "fcf_margin": 0.17189669536239932,
      "incr_op_margin_yoy": 0.3231657048639736,
      "rev_growth_yoy": 0.09195663710105374,
      "rev_growth_yoy_accel": -0.10447760113568284,
      "op_leverage_ratio": 0.9991526124338624,
      "fcf_margin_change": 0.09736448085622648
    },
    {
      "date": "2023-09-30T00:00:00",
      "quarter_label": "2023-09 (Q3)",
      "revenue": 4414200000,
      "gross_profit": 2129900000,
      "operating_income": 727800000,
      "net_income": 480169000,
      "opex": 1402100000,
      "cogs": 2284300000,
      "rd": null,
      "sga": 402100000,
      "fcf": 584200000,
      "ocf": 953100000,
      "capex": -368900000,
      "gross_margin": 0.4825109872683612,
      "op_margin": 0.1648769879026777,
      "fcf_margin": 0.13234561188890398,
      "incr_op_margin_yoy": 0.24329501915708812,
      "rev_growth_yoy": 0.06284310892805547,
      "rev_growth_yoy_accel": -0.029113528172998268,
      "op_leverage_ratio": 2.392535406831436,
      "fcf_margin_change": -0.03955108347349534
    },
    {
      "date": "2023-12-31T00:00:00",
      "quarter_label": "2023-12 (Q4)",
      "revenue": 4396000000,
      "gross_profit": 2131800000,
      "operating_income": 701000000,
      "net_income": 439566000,
      "opex": 1430800000,
      "cogs": 2264200000,
      "rd": null,
      "sga": 431400000,
      "fcf": 350900000,
      "ocf": 898700000,
      "capex": -547800000,
      "gross_margin": 0.48494085532302095,
      "op_margin": 0.1594631483166515,
      "fcf_margin": 0.07982256596906279,
      "incr_op_margin_yoy": 0.37801526717557254,
      "rev_growth_yoy": 0.08049649748064397,
      "rev_growth_yoy_accel": 0.017653388552588495,
      "fcf_margin_change": -0.052523045919841194
    },
    {
      "date": "2024-03-31T00:00:00",
      "quarter_label": "2024-03 (Q1)",
      "revenue": 4439200000,
      "gross_profit": 2156000000,
      "operating_income": 732800000,
      "net_income": 453794000,
      "opex": 1423200000,
      "cogs": 2283200000,
      "rd": null,
      "sga": 414000000,
      "fcf": 296000000,
      "ocf": 811000000,
      "capex": -515000000,
      "gross_margin": 0.4856730942512164,
      "op_margin": 0.16507478825013516,
      "fcf_margin": 0.0666786808433952,
      "incr_op_margin_yoy": 0.30376712328767125,
      "rev_growth_yoy": 0.07040895061728394,
      "rev_growth_yoy_accel": -0.010087546863360025,
      "fcf_margin_change": -0.013143885125667581
    },
    {
      "date": "2024-06-30T00:00:00",
      "quarter_label": "2024-06 (Q2)",
      "revenue": 4663200000,
      "gross_profit": 2280600000,
      "operating_income": 813800000,
      "net_income": 511536000,
      "opex": 1466800000,
      "cogs": 2382600000,
      "rd": null,
      "sga": 407600000,
      "fcf": 697000000,
      "ocf": 1100000000,
      "capex": -403000000,
      "gross_margin": 0.4890633041688111,
      "op_margin": 0.17451535426316692,
      "fcf_margin": 0.1494681763595814,
      "incr_op_margin_yoy": 0.3116959064327485,
      "rev_growth_yoy": 0.07914468203276867,
      "rev_growth_yoy_accel": 0.008735731415484727,
      "op_leverage_ratio": 1.647110562941335,
      "fcf_margin_change": 0.0827894955161862
    },
    {
      "date": "2024-09-30T00:00:00",
      "quarter_label": "2024-09 (Q3)",
      "revenue": 4680200000,
      "gross_profit": 2313300000,
      "operating_income": 845900000,
      "net_income": 565669000,
      "opex": 1467400000,
      "cogs": 2366900000,
      "rd": null,
      "sga": 406000000,
      "fcf": 564000000,
      "ocf": 1003000000,
      "capex": -439000000,
      "gross_margin": 0.4942737489850861,
      "op_margin": 0.18074013931028587,
      "fcf_margin": 0.12050767061236699,
      "incr_op_margin_yoy": 0.44398496240601504,
      "rev_growth_yoy": 0.06026006977481763,
      "rev_growth_yoy_accel": -0.018884612257951038,
      "fcf_margin_change": -0.028960505747214413
    },
    {
      "date": "2024-12-31T00:00:00",
      "quarter_label": "2024-12 (Q4)",
      "revenue": 4635300000,
      "gross_profit": 2318000000,
      "operating_income": 803400000,
      "net_income": 512174000,
      "opex": 1514600000,
      "cogs": 2317300000,
      "rd": null,
      "sga": 446400000,
      "fcf": 524000000,
      "ocf": 1022000000,
      "capex": -498000000,
      "gross_margin": 0.5000755075183915,
      "op_margin": 0.17332211507345802,
      "fcf_margin": 0.1130455418203784,
      "incr_op_margin_yoy": 0.4279147513581279,
      "rev_growth_yoy": 0.05443585077343039,
      "rev_growth_yoy_accel": -0.005824219001387243,
      "fcf_margin_change": -0.007462128791988584
    },
    {
      "date": "2025-03-31T00:00:00",
      "quarter_label": "2025-03 (Q1)",
      "revenue": 4593000000,
      "gross_profit": 2279000000,
      "operating_income": 804000000,
      "net_income": 494996000,
      "opex": 1475000000,
      "cogs": 2314000000,
      "rd": null,
      "sga": 427000000,
      "fcf": 566000000,
      "ocf": 1025000000,
      "capex": -459000000,
      "gross_margin": 0.49618985412584365,
      "op_margin": 0.17504898758981058,
      "fcf_margin": 0.12323100370128456,
      "incr_op_margin_yoy": 0.46293888166449937,
      "rev_growth_yoy": 0.034645882140926294,
      "rev_growth_yoy_accel": -0.019789968632504096,
      "fcf_margin_change": 0.01018546188090616
    },
    {
      "date": "2025-06-30T00:00:00",
      "quarter_label": "2025-06 (Q2)",
      "revenue": 4882000000,
      "gross_profit": 2433000000,
      "operating_income": 861000000,
      "net_income": 549905000,
      "opex": 1572000000,
      "cogs": 2449000000,
      "rd": null,
      "sga": 425000000,
      "fcf": 702000000,
      "ocf": 1109000000,
      "capex": -407000000,
      "gross_margin": 0.4983613273248669,
      "op_margin": 0.17636214666120442,
      "fcf_margin": 0.14379352724293323,
      "incr_op_margin_yoy": 0.21572212065813529,
      "rev_growth_yoy": 0.046920569565963285,
      "rev_growth_yoy_accel": 0.012274687425036991,
      "op_leverage_ratio": 0.9568011384424078,
      "fcf_margin_change": 0.02056252354164867
    },
    {
      "date": "2025-09-30T00:00:00",
      "quarter_label": "2025-09 (Q3)",
      "revenue": 4827000000,
      "gross_profit": 2364000000,
      "operating_income": 836000000,
      "net_income": 549672000,
      "opex": 1528000000,
      "cogs": 2463000000,
      "rd": null,
      "sga": 422000000,
      "fcf": 737000000,
      "ocf": 1181000000,
      "capex": -444000000,
      "gross_margin": 0.4897451833436917,
      "op_margin": 0.17319245908431738,
      "fcf_margin": 0.15268282577170084,
      "incr_op_margin_yoy": -0.06743869209809264,
      "rev_growth_yoy": 0.031366180932438786,
      "rev_growth_yoy_accel": -0.015554388633524499,
      "fcf_margin_change": 0.008889298528767603
    },
    {
      "date": "2025-12-31T00:00:00",
      "quarter_label": "2025-12 (Q4)",
      "revenue": 4727000000,
      "gross_profit": 2323000000,
      "operating_income": 800000000,
      "net_income": 544676000,
      "opex": 1523000000,
      "cogs": 2404000000,
      "rd": null,
      "sga": 436000000,
      "fcf": 404000000,
      "ocf": 981000000,
      "capex": -577000000,
      "gross_margin": 0.49143219801142374,
      "op_margin": 0.16924053310767928,
      "fcf_margin": 0.08546646921937805,
      "incr_op_margin_yoy": -0.03707742639040349,
      "rev_growth_yoy": 0.01978296981856622,
      "rev_growth_yoy_accel": -0.011583211113872567,
      "fcf_margin_change": -0.06721635655232279
    }
  ],
  "signals": [
    {
      "quarter": "2025-03 (Q1)",
      "signal": "INCREMENTAL MARGIN (YoY)",
      "detail": "YoY Incr OPM: +46.3% vs year-ago OPM: +16.5%",
      "severity": "HIGH"
    },
    {
      "quarter": "2024-12 (Q4)",
      "signal": "INCREMENTAL MARGIN (YoY)",
      "detail": "YoY Incr OPM: +42.8% vs year-ago OPM: +15.9%",
      "severity": "HIGH"
    },
    {
      "quarter": "2024-09 (Q3)",
      "signal": "INCREMENTAL MARGIN (YoY)",
      "detail": "YoY Incr OPM: +44.4% vs year-ago OPM: +16.5%",
      "severity": "HIGH"
    },
    {
      "quarter": "2024-06 (Q2)",
      "signal": "FCF MARGIN EXPANSION",
      "detail": "FCF margin: +6.7% -> +14.9% (+8.3%)",
      "severity": "MEDIUM"
    },
    {
      "quarter": "2024-06 (Q2)",
      "signal": "OPERATING LEVERAGE",
      "detail": "Rev growth +5.0% vs OpEx growth +3.1% (leverage: 1.6x)",
      "severity": "MEDIUM"
    },
    {
      "quarter": "2024-06 (Q2)",
      "signal": "INCREMENTAL MARGIN (YoY)",
      "detail": "YoY Incr OPM: +31.2% vs year-ago OPM: +16.4%",
      "severity": "MEDIUM"
    },
    {
      "quarter": "2024-03 (Q1)",
      "signal": "INCREMENTAL MARGIN (YoY)",
      "detail": "YoY Incr OPM: +30.4% vs year-ago OPM: +15.5%",
      "severity": "MEDIUM"
    },
    {
      "quarter": "2023-12 (Q4)",
      "signal": "INCREMENTAL MARGIN (YoY)",
      "detail": "YoY Incr OPM: +37.8% vs year-ago OPM: +14.2%",
      "severity": "HIGH"
    },
    {
      "quarter": "2023-09 (Q3)",
      "signal": "OPERATING LEVERAGE",
      "detail": "Rev growth +2.2% vs OpEx growth +0.9% (leverage: 2.4x)",
      "severity": "MEDIUM"
    },
    {
      "quarter": "2023-06 (Q2)",
      "signal": "FCF MARGIN EXPANSION",
      "detail": "FCF margin: +7.5% -> +17.2% (+9.7%)",
      "severity": "MEDIUM"
    },
    {
      "quarter": "2023-06 (Q2)",
      "signal": "YoY REVENUE GROWTH DECELERATION",
      "detail": "YoY growth: +9.2% vs prior quarter YoY: +19.6% (decel: -10.4%)",
      "severity": "WARNING"
    },
    {
      "quarter": "2023-06 (Q2)",
      "signal": "INCREMENTAL MARGIN (YoY)",
      "detail": "YoY Incr OPM: +32.3% vs year-ago OPM: +14.9%",
      "severity": "MEDIUM"
    },
    {
      "quarter": "2022-06 (Q2)",
      "signal": "YoY REVENUE GROWTH ACCELERATION",
      "detail": "YoY growth: +18.7% vs prior quarter YoY: +13.4% (accel: +5.3%)",
      "severity": "MEDIUM"
    },
    {
      "quarter": "2021-06 (Q2)",
      "signal": "FCF MARGIN EXPANSION",
      "detail": "FCF margin: +10.8% -> +16.3% (+5.5%)",
      "severity": "MEDIUM"
    }
  ],
  "data_quality": {
    "n_quarters": 20,
    "coverage": {
      "revenue": [
        20,
        20
      ],
      "gross_profit": [
        20,
        20
      ],
      "op_income": [
        20,
        20
      ],
      "fcf": [
        20,
        20
      ]
    },
    "gaps": [],
    "warnings": []
  },
  "market_cap": null,
  "source": "SEC EDGAR",
  "last_updated": "2026-02-24T10:31:20.913674"
}