{
  "ticker": "RSKIA",
  "name": "GEORGE RISK INDUSTRIES, INC.",
  "quarters": [
    {
      "date": "2021-01-31T00:00:00",
      "quarter_label": "2021-01 (Q1)",
      "revenue": 4633000,
      "gross_profit": 2248000,
      "operating_income": 1216000,
      "net_income": 4447000,
      "opex": 1032000,
      "cogs": 2385000,
      "rd": null,
      "sga": null,
      "fcf": 1362000,
      "ocf": 1427000,
      "capex": -65000,
      "gross_margin": 0.4852147636520613,
      "op_margin": 0.2624649255342111,
      "fcf_margin": 0.29397798402762787
    },
    {
      "date": "2021-04-30T00:00:00",
      "quarter_label": "2021-04 (Q2)",
      "revenue": 5178000,
      "gross_profit": 2633000,
      "operating_income": 1540000,
      "net_income": 3023000,
      "opex": 1093000,
      "cogs": 2545000,
      "rd": null,
      "sga": null,
      "fcf": 459000,
      "ocf": 550000,
      "capex": -91000,
      "gross_margin": 0.5084974893781383,
      "op_margin": 0.2974121282348397,
      "fcf_margin": 0.08864426419466975,
      "op_leverage_ratio": 1.9901419962988256,
      "fcf_margin_change": -0.20533371983295812
    },
    {
      "date": "2021-07-31T00:00:00",
      "quarter_label": "2021-07 (Q3)",
      "revenue": 4955000,
      "gross_profit": 2637000,
      "operating_income": 1530000,
      "net_income": 1746000,
      "opex": 1107000,
      "cogs": 2318000,
      "rd": null,
      "sga": null,
      "fcf": 1108000,
      "ocf": 1148000,
      "capex": -40000,
      "gross_margin": 0.5321897073662967,
      "op_margin": 0.3087790110998991,
      "fcf_margin": 0.2236125126135217,
      "fcf_margin_change": 0.13496824841885194
    },
    {
      "date": "2021-10-31T00:00:00",
      "quarter_label": "2021-10 (Q4)",
      "revenue": 5244000,
      "gross_profit": 2515000,
      "operating_income": 1424000,
      "net_income": 1688000,
      "opex": 1091000,
      "cogs": 2729000,
      "rd": null,
      "sga": null,
      "fcf": -242000,
      "ocf": -242000,
      "capex": null,
      "gross_margin": 0.4795957284515637,
      "op_margin": 0.2715484363081617,
      "fcf_margin": -0.046147978642257816,
      "op_leverage_ratio": Infinity,
      "fcf_margin_change": -0.2697604912557795
    },
    {
      "date": "2022-01-31T00:00:00",
      "quarter_label": "2022-01 (Q1)",
      "revenue": 5054000,
      "gross_profit": 2193000,
      "operating_income": 1144000,
      "net_income": 161000,
      "opex": 1049000,
      "cogs": 2861000,
      "rd": null,
      "sga": null,
      "fcf": 768000,
      "ocf": 892000,
      "capex": -124000,
      "gross_margin": 0.43391373169766523,
      "op_margin": 0.2263553620894341,
      "fcf_margin": 0.1519588444796201,
      "rev_growth_yoy": 0.09086984675156486,
      "fcf_margin_change": 0.1981068231218779
    },
    {
      "date": "2022-04-30T00:00:00",
      "quarter_label": "2022-04 (Q2)",
      "revenue": 5482000,
      "gross_profit": 2671000,
      "operating_income": 1550000,
      "net_income": -29000,
      "opex": 1121000,
      "cogs": 2812000,
      "rd": null,
      "sga": null,
      "fcf": -55000,
      "ocf": 171000,
      "capex": -226000,
      "gross_margin": 0.4872309376140095,
      "op_margin": 0.2827435242612185,
      "fcf_margin": -0.01003283473184969,
      "rev_growth_yoy": 0.05870992661259174,
      "rev_growth_yoy_accel": -0.03215992013897312,
      "op_leverage_ratio": 1.233819197115596,
      "fcf_margin_change": -0.16199167921146979
    },
    {
      "date": "2022-07-31T00:00:00",
      "quarter_label": "2022-07 (Q3)",
      "revenue": 5210000,
      "gross_profit": 2553000,
      "operating_income": 1466000,
      "net_income": 1051000,
      "opex": 1087000,
      "cogs": 2657000,
      "rd": null,
      "sga": null,
      "fcf": 1682000,
      "ocf": 1756000,
      "capex": -74000,
      "gross_margin": 0.49001919385796544,
      "op_margin": 0.2813819577735125,
      "fcf_margin": 0.32284069097888674,
      "rev_growth_yoy": 0.05146316851664985,
      "rev_growth_yoy_accel": -0.007246758095941885,
      "fcf_margin_change": 0.3328735257107364
    },
    {
      "date": "2022-10-31T00:00:00",
      "quarter_label": "2022-10 (Q4)",
      "revenue": 5617000,
      "gross_profit": 2643000,
      "operating_income": 1513000,
      "net_income": 607000,
      "opex": 1130000,
      "cogs": 2974000,
      "rd": null,
      "sga": null,
      "fcf": -265000,
      "ocf": -130000,
      "capex": -135000,
      "gross_margin": 0.4705358732419441,
      "op_margin": 0.26936086879116966,
      "fcf_margin": -0.04717820900836746,
      "rev_growth_yoy": 0.07112890922959574,
      "rev_growth_yoy_accel": 0.019665740712945884,
      "op_leverage_ratio": 1.9747756996830783,
      "fcf_margin_change": -0.3700188999872542
    },
    {
      "date": "2023-01-31T00:00:00",
      "quarter_label": "2023-01 (Q1)",
      "revenue": 4366000,
      "gross_profit": 1922000,
      "operating_income": 900000,
      "net_income": 2009000,
      "opex": 1022000,
      "cogs": 2444000,
      "rd": null,
      "sga": null,
      "fcf": 1095000,
      "ocf": 1107000,
      "capex": -12000,
      "gross_margin": 0.440219880897847,
      "op_margin": 0.20613834173156206,
      "fcf_margin": 0.25080164910673386,
      "rev_growth_yoy": -0.13612979817965967,
      "rev_growth_yoy_accel": -0.2072587074092554,
      "fcf_margin_change": 0.2979798581151013
    },
    {
      "date": "2023-04-30T00:00:00",
      "quarter_label": "2023-04 (Q2)",
      "revenue": 4785000,
      "gross_profit": 2256000,
      "operating_income": 1182000,
      "net_income": 1090000,
      "opex": 1074000,
      "cogs": 2529000,
      "rd": null,
      "sga": null,
      "fcf": -224000,
      "ocf": 103000,
      "capex": -327000,
      "gross_margin": 0.4714733542319749,
      "op_margin": 0.24702194357366772,
      "fcf_margin": -0.046812957157784746,
      "rev_growth_yoy": -0.127143378329077,
      "rev_growth_yoy_accel": 0.008986419850582683,
      "op_leverage_ratio": 1.8861570175129496,
      "fcf_margin_change": -0.29761460626451863
    },
    {
      "date": "2023-07-31T00:00:00",
      "quarter_label": "2023-07 (Q3)",
      "revenue": 4728000,
      "gross_profit": 2266000,
      "operating_income": 1187000,
      "net_income": 2374000,
      "opex": 1079000,
      "cogs": 2462000,
      "rd": null,
      "sga": null,
      "fcf": 770000,
      "ocf": 971000,
      "capex": -201000,
      "gross_margin": 0.4792724196277496,
      "op_margin": 0.2510575296108291,
      "fcf_margin": 0.1628595600676819,
      "rev_growth_yoy": -0.09251439539347409,
      "rev_growth_yoy_accel": 0.0346289829356029,
      "fcf_margin_change": 0.20967251722546665
    },
    {
      "date": "2023-10-31T00:00:00",
      "quarter_label": "2023-10 (Q4)",
      "revenue": 6053000,
      "gross_profit": 3104000,
      "operating_income": 1968000,
      "net_income": -55000,
      "opex": 1136000,
      "cogs": 2949000,
      "rd": null,
      "sga": null,
      "fcf": 545000,
      "ocf": 587000,
      "capex": -42000,
      "gross_margin": 0.5128035684784404,
      "op_margin": 0.3251280356847844,
      "fcf_margin": 0.0900379976870973,
      "rev_growth_yoy": 0.07762150614206872,
      "rev_growth_yoy_accel": 0.1701359015355428,
      "op_leverage_ratio": 5.304995250393326,
      "fcf_margin_change": -0.0728215623805846
    },
    {
      "date": "2024-01-31T00:00:00",
      "quarter_label": "2024-01 (Q1)",
      "revenue": 5394000,
      "gross_profit": 2660000,
      "operating_income": 1518000,
      "net_income": 3239000,
      "opex": 1142000,
      "cogs": 2734000,
      "rd": null,
      "sga": null,
      "fcf": 2407000,
      "ocf": 2427000,
      "capex": -20000,
      "gross_margin": 0.4931405265109381,
      "op_margin": 0.2814238042269188,
      "fcf_margin": 0.44623655913978494,
      "incr_op_margin_yoy": 0.6011673151750972,
      "rev_growth_yoy": 0.2354557947778287,
      "rev_growth_yoy_accel": 0.15783428863575996,
      "fcf_margin_change": 0.35619856145268763
    },
    {
      "date": "2024-04-30T00:00:00",
      "quarter_label": "2024-04 (Q2)",
      "revenue": 5592000,
      "gross_profit": 2811000,
      "operating_income": 1615000,
      "net_income": 2000000,
      "opex": 1196000,
      "cogs": 2781000,
      "rd": null,
      "sga": null,
      "fcf": 1905000,
      "ocf": 2020000,
      "capex": -115000,
      "gross_margin": 0.5026824034334764,
      "op_margin": 0.2888054363376252,
      "fcf_margin": 0.3406652360515021,
      "rev_growth_yoy": 0.16865203761755485,
      "rev_growth_yoy_accel": -0.06680375716027384,
      "op_leverage_ratio": 0.7762946483747374,
      "fcf_margin_change": -0.10557132308828282
    },
    {
      "date": "2024-07-31T00:00:00",
      "quarter_label": "2024-07 (Q3)",
      "revenue": 5780000,
      "gross_profit": 2945000,
      "operating_income": 1774000,
      "net_income": 2705000,
      "opex": 1171000,
      "cogs": 2835000,
      "rd": null,
      "sga": null,
      "fcf": 2190000,
      "ocf": 2295000,
      "capex": -105000,
      "gross_margin": 0.509515570934256,
      "op_margin": 0.3069204152249135,
      "fcf_margin": 0.3788927335640138,
      "incr_op_margin_yoy": 0.5579847908745247,
      "rev_growth_yoy": 0.2225042301184433,
      "rev_growth_yoy_accel": 0.05385219250088846,
      "op_leverage_ratio": Infinity,
      "fcf_margin_change": 0.0382274975125117
    },
    {
      "date": "2024-10-31T00:00:00",
      "quarter_label": "2024-10 (Q4)",
      "revenue": 5613000,
      "gross_profit": 2714000,
      "operating_income": 1483000,
      "net_income": 2215000,
      "opex": 1231000,
      "cogs": 2899000,
      "rd": null,
      "sga": null,
      "fcf": 27000,
      "ocf": 230000,
      "capex": -203000,
      "gross_margin": 0.4835203990735792,
      "op_margin": 0.26420808836629256,
      "fcf_margin": 0.004810261892036344,
      "rev_growth_yoy": -0.07269122749050058,
      "rev_growth_yoy_accel": -0.2951954576089439,
      "fcf_margin_change": -0.3740824716719775
    },
    {
      "date": "2025-01-31T00:00:00",
      "quarter_label": "2025-01 (Q1)",
      "revenue": 4912000,
      "gross_profit": 2298000,
      "operating_income": 1196000,
      "net_income": 1607000,
      "opex": 1102000,
      "cogs": 2614000,
      "rd": null,
      "sga": null,
      "fcf": 598000,
      "ocf": 649000,
      "capex": -51000,
      "gross_margin": 0.46783387622149836,
      "op_margin": 0.24348534201954397,
      "fcf_margin": 0.12174267100977199,
      "rev_growth_yoy": -0.08935854653318502,
      "rev_growth_yoy_accel": -0.01666731904268444,
      "fcf_margin_change": 0.11693240911773564
    },
    {
      "date": "2025-04-30T00:00:00",
      "quarter_label": "2025-04 (Q2)",
      "revenue": 6232000,
      "gross_profit": 2953000,
      "operating_income": 1785000,
      "net_income": 605000,
      "opex": 1168000,
      "cogs": 3279000,
      "rd": null,
      "sga": null,
      "fcf": 1096000,
      "ocf": 1133000,
      "capex": -37000,
      "gross_margin": 0.4738446726572529,
      "op_margin": 0.28642490372272145,
      "fcf_margin": 0.17586649550706032,
      "rev_growth_yoy": 0.11444921316165951,
      "rev_growth_yoy_accel": 0.20380775969484455,
      "op_leverage_ratio": 4.486970684039088,
      "fcf_margin_change": 0.054123824497288336
    },
    {
      "date": "2025-07-31T00:00:00",
      "quarter_label": "2025-07 (Q3)",
      "revenue": 5898000,
      "gross_profit": 3023000,
      "operating_income": 1808000,
      "net_income": 3792000,
      "opex": 1215000,
      "cogs": 2875000,
      "rd": null,
      "sga": null,
      "fcf": 2006000,
      "ocf": 2139000,
      "capex": -133000,
      "gross_margin": 0.5125466259749067,
      "op_margin": 0.3065445913869108,
      "fcf_margin": 0.3401152933197694,
      "rev_growth_yoy": 0.02041522491349481,
      "rev_growth_yoy_accel": -0.0940339882481647,
      "fcf_margin_change": 0.1642487978127091
    },
    {
      "date": "2025-10-31T00:00:00",
      "quarter_label": "2025-10 (Q4)",
      "revenue": 6333000,
      "gross_profit": 2969000,
      "operating_income": 1786000,
      "net_income": 2343000,
      "opex": 1183000,
      "cogs": 3364000,
      "rd": null,
      "sga": null,
      "fcf": 1189000,
      "ocf": 1189000,
      "capex": null,
      "gross_margin": 0.4688141481130586,
      "op_margin": 0.2820148428864677,
      "fcf_margin": 0.18774672351176377,
      "rev_growth_yoy": 0.1282736504543025,
      "rev_growth_yoy_accel": 0.10785842554080768,
      "op_leverage_ratio": Infinity,
      "fcf_margin_change": -0.15236856980800564
    }
  ],
  "signals": [
    {
      "quarter": "2025-10 (Q4)",
      "signal": "YoY REVENUE GROWTH ACCELERATION",
      "detail": "YoY growth: +12.8% vs prior quarter YoY: +2.0% (accel: +10.8%)",
      "severity": "MEDIUM"
    },
    {
      "quarter": "2025-07 (Q3)",
      "signal": "FCF MARGIN EXPANSION",
      "detail": "FCF margin: +17.6% -> +34.0% (+16.4%)",
      "severity": "MEDIUM"
    },
    {
      "quarter": "2025-07 (Q3)",
      "signal": "YoY REVENUE GROWTH DECELERATION",
      "detail": "YoY growth: +2.0% vs prior quarter YoY: +11.4% (decel: -9.4%)",
      "severity": "WARNING"
    },
    {
      "quarter": "2025-04 (Q2)",
      "signal": "FCF MARGIN EXPANSION",
      "detail": "FCF margin: +12.2% -> +17.6% (+5.4%)",
      "severity": "MEDIUM"
    },
    {
      "quarter": "2025-04 (Q2)",
      "signal": "OPERATING LEVERAGE",
      "detail": "Rev growth +26.9% vs OpEx growth +6.0% (leverage: 4.5x)",
      "severity": "MEDIUM"
    },
    {
      "quarter": "2025-04 (Q2)",
      "signal": "YoY REVENUE GROWTH ACCELERATION",
      "detail": "YoY growth: +11.4% vs prior quarter YoY: -8.9% (accel: +20.4%)",
      "severity": "HIGH"
    },
    {
      "quarter": "2025-01 (Q1)",
      "signal": "FCF MARGIN EXPANSION",
      "detail": "FCF margin: +0.5% -> +12.2% (+11.7%)",
      "severity": "MEDIUM"
    },
    {
      "quarter": "2024-10 (Q4)",
      "signal": "YoY REVENUE GROWTH DECELERATION",
      "detail": "YoY growth: -7.3% vs prior quarter YoY: +22.3% (decel: -29.5%)",
      "severity": "WARNING"
    },
    {
      "quarter": "2024-07 (Q3)",
      "signal": "YoY REVENUE GROWTH ACCELERATION",
      "detail": "YoY growth: +22.3% vs prior quarter YoY: +16.9% (accel: +5.4%)",
      "severity": "MEDIUM"
    },
    {
      "quarter": "2024-07 (Q3)",
      "signal": "INCREMENTAL MARGIN (YoY)",
      "detail": "YoY Incr OPM: +55.8% vs year-ago OPM: +25.1%",
      "severity": "HIGH"
    },
    {
      "quarter": "2024-04 (Q2)",
      "signal": "YoY REVENUE GROWTH DECELERATION",
      "detail": "YoY growth: +16.9% vs prior quarter YoY: +23.5% (decel: -6.7%)",
      "severity": "WARNING"
    },
    {
      "quarter": "2024-01 (Q1)",
      "signal": "FCF MARGIN EXPANSION",
      "detail": "FCF margin: +9.0% -> +44.6% (+35.6%)",
      "severity": "MEDIUM"
    },
    {
      "quarter": "2024-01 (Q1)",
      "signal": "YoY REVENUE GROWTH ACCELERATION",
      "detail": "YoY growth: +23.5% vs prior quarter YoY: +7.8% (accel: +15.8%)",
      "severity": "HIGH"
    },
    {
      "quarter": "2024-01 (Q1)",
      "signal": "INCREMENTAL MARGIN (YoY)",
      "detail": "YoY Incr OPM: +60.1% vs year-ago OPM: +20.6%",
      "severity": "HIGH"
    },
    {
      "quarter": "2023-10 (Q4)",
      "signal": "OPERATING LEVERAGE",
      "detail": "Rev growth +28.0% vs OpEx growth +5.3% (leverage: 5.3x)",
      "severity": "MEDIUM"
    },
    {
      "quarter": "2023-10 (Q4)",
      "signal": "YoY REVENUE GROWTH ACCELERATION",
      "detail": "YoY growth: +7.8% vs prior quarter YoY: -9.3% (accel: +17.0%)",
      "severity": "HIGH"
    },
    {
      "quarter": "2023-07 (Q3)",
      "signal": "FCF TURNED POSITIVE",
      "detail": "FCF margin: -4.7% -> +16.3%",
      "severity": "HIGH"
    },
    {
      "quarter": "2023-04 (Q2)",
      "signal": "OPERATING LEVERAGE",
      "detail": "Rev growth +9.6% vs OpEx growth +5.1% (leverage: 1.9x)",
      "severity": "MEDIUM"
    },
    {
      "quarter": "2023-04 (Q2)",
      "signal": "GROSS MARGIN INFLECTION",
      "detail": "GM: +47.1% -> +44.0% -> +47.1% (reversal +3.1%)",
      "severity": "MEDIUM"
    },
    {
      "quarter": "2023-01 (Q1)",
      "signal": "FCF TURNED POSITIVE",
      "detail": "FCF margin: -4.7% -> +25.1%",
      "severity": "HIGH"
    },
    {
      "quarter": "2023-01 (Q1)",
      "signal": "YoY REVENUE GROWTH DECELERATION",
      "detail": "YoY growth: -13.6% vs prior quarter YoY: +7.1% (decel: -20.7%)",
      "severity": "WARNING"
    },
    {
      "quarter": "2022-10 (Q4)",
      "signal": "OPERATING LEVERAGE",
      "detail": "Rev growth +7.8% vs OpEx growth +4.0% (leverage: 2.0x)",
      "severity": "MEDIUM"
    },
    {
      "quarter": "2022-07 (Q3)",
      "signal": "FCF TURNED POSITIVE",
      "detail": "FCF margin: -1.0% -> +32.3%",
      "severity": "HIGH"
    },
    {
      "quarter": "2022-04 (Q2)",
      "signal": "GROSS MARGIN INFLECTION",
      "detail": "GM: +48.0% -> +43.4% -> +48.7% (reversal +5.3%)",
      "severity": "HIGH"
    },
    {
      "quarter": "2022-01 (Q1)",
      "signal": "FCF TURNED POSITIVE",
      "detail": "FCF margin: -4.6% -> +15.2%",
      "severity": "HIGH"
    },
    {
      "quarter": "2021-07 (Q3)",
      "signal": "FCF MARGIN EXPANSION",
      "detail": "FCF margin: +8.9% -> +22.4% (+13.5%)",
      "severity": "MEDIUM"
    },
    {
      "quarter": "2021-04 (Q2)",
      "signal": "OPERATING LEVERAGE",
      "detail": "Rev growth +11.8% vs OpEx growth +5.9% (leverage: 2.0x)",
      "severity": "MEDIUM"
    }
  ],
  "data_quality": {
    "n_quarters": 20,
    "coverage": {
      "revenue": [
        20,
        20
      ],
      "gross_profit": [
        20,
        20
      ],
      "op_income": [
        20,
        20
      ],
      "fcf": [
        20,
        20
      ]
    },
    "gaps": [],
    "warnings": []
  },
  "market_cap": null,
  "source": "SEC EDGAR",
  "last_updated": "2026-02-02T23:25:54.526815"
}