{
  "ticker": "RTCJF",
  "name": "Baijiayun Group Ltd",
  "quarters": [
    {
      "date": "2014-03-31T00:00:00",
      "quarter_label": "2014-03 (Q1)",
      "revenue": 11374000,
      "gross_profit": -11000,
      "operating_income": null,
      "net_income": -2133000,
      "opex": null,
      "cogs": null,
      "rd": null,
      "sga": null,
      "fcf": null,
      "ocf": null,
      "capex": null,
      "gross_margin": -0.0009671179883945841,
      "op_margin": null,
      "fcf_margin": null
    },
    {
      "date": "2014-06-30T00:00:00",
      "quarter_label": "2014-06 (Q2)",
      "revenue": 11281000,
      "gross_profit": -1531000,
      "operating_income": null,
      "net_income": -3705000,
      "opex": null,
      "cogs": null,
      "rd": null,
      "sga": null,
      "fcf": null,
      "ocf": null,
      "capex": null,
      "gross_margin": -0.13571491889016932,
      "op_margin": null,
      "fcf_margin": null
    },
    {
      "date": "2014-09-30T00:00:00",
      "quarter_label": "2014-09 (Q3)",
      "revenue": 11277000,
      "gross_profit": -506000,
      "operating_income": null,
      "net_income": -2893000,
      "opex": null,
      "cogs": null,
      "rd": null,
      "sga": null,
      "fcf": null,
      "ocf": null,
      "capex": null,
      "gross_margin": -0.044870089562826995,
      "op_margin": null,
      "fcf_margin": null
    },
    {
      "date": "2014-12-31T00:00:00",
      "quarter_label": "2014-12 (Q4)",
      "revenue": 12017000,
      "gross_profit": -721000,
      "operating_income": null,
      "net_income": -2791000,
      "opex": null,
      "cogs": null,
      "rd": null,
      "sga": null,
      "fcf": null,
      "ocf": null,
      "capex": null,
      "gross_margin": -0.05999833569110427,
      "op_margin": null,
      "fcf_margin": null
    },
    {
      "date": "2015-03-31T00:00:00",
      "quarter_label": "2015-03 (Q1)",
      "revenue": 8514000,
      "gross_profit": -1262000,
      "operating_income": null,
      "net_income": -2419000,
      "opex": null,
      "cogs": null,
      "rd": null,
      "sga": null,
      "fcf": null,
      "ocf": null,
      "capex": null,
      "gross_margin": -0.14822645055203196,
      "op_margin": null,
      "fcf_margin": null,
      "rev_growth_yoy": -0.2514506769825919
    },
    {
      "date": "2015-06-30T00:00:00",
      "quarter_label": "2015-06 (Q2)",
      "revenue": 10760000,
      "gross_profit": 47000,
      "operating_income": null,
      "net_income": -2362000,
      "opex": null,
      "cogs": null,
      "rd": null,
      "sga": null,
      "fcf": null,
      "ocf": null,
      "capex": null,
      "gross_margin": 0.004368029739776951,
      "op_margin": null,
      "fcf_margin": null,
      "rev_growth_yoy": -0.04618384894956121,
      "rev_growth_yoy_accel": 0.20526682803303067
    },
    {
      "date": "2015-09-30T00:00:00",
      "quarter_label": "2015-09 (Q3)",
      "revenue": 10333000,
      "gross_profit": 597000,
      "operating_income": null,
      "net_income": -1927000,
      "opex": null,
      "cogs": null,
      "rd": null,
      "sga": null,
      "fcf": null,
      "ocf": null,
      "capex": null,
      "gross_margin": 0.05777605729217072,
      "op_margin": null,
      "fcf_margin": null,
      "rev_growth_yoy": -0.08371020661523455,
      "rev_growth_yoy_accel": -0.037526357665673346
    },
    {
      "date": "2015-12-31T00:00:00",
      "quarter_label": "2015-12 (Q4)",
      "revenue": 9835000,
      "gross_profit": 578000,
      "operating_income": null,
      "net_income": -4192000,
      "opex": null,
      "cogs": null,
      "rd": null,
      "sga": null,
      "fcf": null,
      "ocf": null,
      "capex": null,
      "gross_margin": 0.05876970005083884,
      "op_margin": null,
      "fcf_margin": null,
      "rev_growth_yoy": -0.1815761005242573,
      "rev_growth_yoy_accel": -0.09786589390902274
    },
    {
      "date": "2016-03-31T00:00:00",
      "quarter_label": "2016-03 (Q1)",
      "revenue": 9638000,
      "gross_profit": 867000,
      "operating_income": null,
      "net_income": -1868000,
      "opex": null,
      "cogs": null,
      "rd": null,
      "sga": null,
      "fcf": null,
      "ocf": null,
      "capex": null,
      "gross_margin": 0.08995642249429342,
      "op_margin": null,
      "fcf_margin": null,
      "rev_growth_yoy": 0.13201785294808552,
      "rev_growth_yoy_accel": 0.3135939534723428
    },
    {
      "date": "2016-06-30T00:00:00",
      "quarter_label": "2016-06 (Q2)",
      "revenue": 8925000,
      "gross_profit": 846000,
      "operating_income": null,
      "net_income": -1536000,
      "opex": null,
      "cogs": null,
      "rd": null,
      "sga": null,
      "fcf": null,
      "ocf": null,
      "capex": null,
      "gross_margin": 0.09478991596638656,
      "op_margin": null,
      "fcf_margin": null,
      "rev_growth_yoy": -0.17053903345724908,
      "rev_growth_yoy_accel": -0.3025568864053346
    },
    {
      "date": "2016-09-30T00:00:00",
      "quarter_label": "2016-09 (Q3)",
      "revenue": 9231000,
      "gross_profit": 158000,
      "operating_income": null,
      "net_income": -2014000,
      "opex": null,
      "cogs": null,
      "rd": null,
      "sga": null,
      "fcf": null,
      "ocf": null,
      "capex": null,
      "gross_margin": 0.01711623876069765,
      "op_margin": null,
      "fcf_margin": null,
      "rev_growth_yoy": -0.1066486015677925,
      "rev_growth_yoy_accel": 0.06389043188945658
    },
    {
      "date": "2016-12-31T00:00:00",
      "quarter_label": "2016-12 (Q4)",
      "revenue": 10212000,
      "gross_profit": 787000,
      "operating_income": null,
      "net_income": -2709000,
      "opex": null,
      "cogs": null,
      "rd": null,
      "sga": null,
      "fcf": null,
      "ocf": null,
      "capex": null,
      "gross_margin": 0.07706619663141402,
      "op_margin": null,
      "fcf_margin": null,
      "rev_growth_yoy": 0.03833248601931876,
      "rev_growth_yoy_accel": 0.14498108758711126
    },
    {
      "date": "2017-03-31T00:00:00",
      "quarter_label": "2017-03 (Q1)",
      "revenue": 9871000,
      "gross_profit": 546000,
      "operating_income": null,
      "net_income": -1765000,
      "opex": null,
      "cogs": null,
      "rd": null,
      "sga": null,
      "fcf": null,
      "ocf": null,
      "capex": null,
      "gross_margin": 0.05531354472697802,
      "op_margin": null,
      "fcf_margin": null,
      "rev_growth_yoy": 0.024175140070554057,
      "rev_growth_yoy_accel": -0.014157345948764704
    },
    {
      "date": "2017-06-30T00:00:00",
      "quarter_label": "2017-06 (Q2)",
      "revenue": 10335000,
      "gross_profit": 741000,
      "operating_income": null,
      "net_income": -1718000,
      "opex": null,
      "cogs": null,
      "rd": null,
      "sga": null,
      "fcf": null,
      "ocf": null,
      "capex": null,
      "gross_margin": 0.07169811320754717,
      "op_margin": null,
      "fcf_margin": null,
      "rev_growth_yoy": 0.15798319327731092,
      "rev_growth_yoy_accel": 0.13380805320675687
    },
    {
      "date": "2017-09-30T00:00:00",
      "quarter_label": "2017-09 (Q3)",
      "revenue": 11101000,
      "gross_profit": 1009000,
      "operating_income": null,
      "net_income": -1814000,
      "opex": null,
      "cogs": null,
      "rd": null,
      "sga": null,
      "fcf": null,
      "ocf": null,
      "capex": null,
      "gross_margin": 0.09089271236825511,
      "op_margin": null,
      "fcf_margin": null,
      "rev_growth_yoy": 0.20257826887661143,
      "rev_growth_yoy_accel": 0.04459507559930051
    },
    {
      "date": "2017-12-31T00:00:00",
      "quarter_label": "2017-12 (Q4)",
      "revenue": 12117000,
      "gross_profit": 1783000,
      "operating_income": null,
      "net_income": -1557000,
      "opex": null,
      "cogs": null,
      "rd": null,
      "sga": null,
      "fcf": null,
      "ocf": null,
      "capex": null,
      "gross_margin": 0.14714863415036725,
      "op_margin": null,
      "fcf_margin": null,
      "rev_growth_yoy": 0.18654524089306698,
      "rev_growth_yoy_accel": -0.016033027983544446
    },
    {
      "date": "2018-03-31T00:00:00",
      "quarter_label": "2018-03 (Q1)",
      "revenue": 12264000,
      "gross_profit": 1513000,
      "operating_income": null,
      "net_income": -1309000,
      "opex": null,
      "cogs": null,
      "rd": null,
      "sga": null,
      "fcf": null,
      "ocf": null,
      "capex": null,
      "gross_margin": 0.12336921069797782,
      "op_margin": null,
      "fcf_margin": null,
      "rev_growth_yoy": 0.2424273123290447,
      "rev_growth_yoy_accel": 0.055882071435977704
    },
    {
      "date": "2018-06-30T00:00:00",
      "quarter_label": "2018-06 (Q2)",
      "revenue": 12029000,
      "gross_profit": 1027000,
      "operating_income": null,
      "net_income": -1309000,
      "opex": null,
      "cogs": null,
      "rd": null,
      "sga": null,
      "fcf": null,
      "ocf": null,
      "capex": null,
      "gross_margin": 0.08537700556987281,
      "op_margin": null,
      "fcf_margin": null,
      "rev_growth_yoy": 0.16390904692791486,
      "rev_growth_yoy_accel": -0.07851826540112983
    },
    {
      "date": "2018-09-30T00:00:00",
      "quarter_label": "2018-09 (Q3)",
      "revenue": 12649000,
      "gross_profit": 2484000,
      "operating_income": null,
      "net_income": -269000,
      "opex": null,
      "cogs": null,
      "rd": null,
      "sga": null,
      "fcf": null,
      "ocf": null,
      "capex": null,
      "gross_margin": 0.19637916040793738,
      "op_margin": null,
      "fcf_margin": null,
      "rev_growth_yoy": 0.13944689667597512,
      "rev_growth_yoy_accel": -0.024462150251939735
    },
    {
      "date": "2018-12-31T00:00:00",
      "quarter_label": "2018-12 (Q4)",
      "revenue": 13108000,
      "gross_profit": 3104000,
      "operating_income": null,
      "net_income": -502000,
      "opex": null,
      "cogs": null,
      "rd": null,
      "sga": null,
      "fcf": null,
      "ocf": null,
      "capex": null,
      "gross_margin": 0.23680195300579798,
      "op_margin": null,
      "fcf_margin": null,
      "rev_growth_yoy": 0.08178592060741108,
      "rev_growth_yoy_accel": -0.057660976068564046
    }
  ],
  "signals": [
    {
      "quarter": "2018-12 (Q4)",
      "signal": "YoY REVENUE GROWTH DECELERATION",
      "detail": "YoY growth: +8.2% vs prior quarter YoY: +13.9% (decel: -5.8%)",
      "severity": "WARNING"
    },
    {
      "quarter": "2018-09 (Q3)",
      "signal": "GROSS MARGIN INFLECTION",
      "detail": "GM: +12.3% -> +8.5% -> +19.6% (reversal +11.1%)",
      "severity": "HIGH"
    },
    {
      "quarter": "2018-06 (Q2)",
      "signal": "YoY REVENUE GROWTH DECELERATION",
      "detail": "YoY growth: +16.4% vs prior quarter YoY: +24.2% (decel: -7.9%)",
      "severity": "WARNING"
    },
    {
      "quarter": "2018-03 (Q1)",
      "signal": "YoY REVENUE GROWTH ACCELERATION",
      "detail": "YoY growth: +24.2% vs prior quarter YoY: +18.7% (accel: +5.6%)",
      "severity": "MEDIUM"
    },
    {
      "quarter": "2017-06 (Q2)",
      "signal": "YoY REVENUE GROWTH ACCELERATION",
      "detail": "YoY growth: +15.8% vs prior quarter YoY: +2.4% (accel: +13.4%)",
      "severity": "MEDIUM"
    },
    {
      "quarter": "2016-12 (Q4)",
      "signal": "GROSS MARGIN INFLECTION",
      "detail": "GM: +9.5% -> +1.7% -> +7.7% (reversal +6.0%)",
      "severity": "HIGH"
    },
    {
      "quarter": "2016-12 (Q4)",
      "signal": "YoY REVENUE GROWTH ACCELERATION",
      "detail": "YoY growth: +3.8% vs prior quarter YoY: -10.7% (accel: +14.5%)",
      "severity": "MEDIUM"
    },
    {
      "quarter": "2016-09 (Q3)",
      "signal": "YoY REVENUE GROWTH ACCELERATION",
      "detail": "YoY growth: -10.7% vs prior quarter YoY: -17.1% (accel: +6.4%)",
      "severity": "MEDIUM"
    },
    {
      "quarter": "2016-06 (Q2)",
      "signal": "YoY REVENUE GROWTH DECELERATION",
      "detail": "YoY growth: -17.1% vs prior quarter YoY: +13.2% (decel: -30.3%)",
      "severity": "WARNING"
    },
    {
      "quarter": "2016-03 (Q1)",
      "signal": "YoY REVENUE GROWTH ACCELERATION",
      "detail": "YoY growth: +13.2% vs prior quarter YoY: -18.2% (accel: +31.4%)",
      "severity": "HIGH"
    },
    {
      "quarter": "2015-12 (Q4)",
      "signal": "YoY REVENUE GROWTH DECELERATION",
      "detail": "YoY growth: -18.2% vs prior quarter YoY: -8.4% (decel: -9.8%)",
      "severity": "WARNING"
    },
    {
      "quarter": "2015-06 (Q2)",
      "signal": "GROSS MARGIN INFLECTION",
      "detail": "GM: -6.0% -> -14.8% -> +0.4% (reversal +15.3%)",
      "severity": "HIGH"
    },
    {
      "quarter": "2015-06 (Q2)",
      "signal": "YoY REVENUE GROWTH ACCELERATION",
      "detail": "YoY growth: -4.6% vs prior quarter YoY: -25.1% (accel: +20.5%)",
      "severity": "HIGH"
    },
    {
      "quarter": "2014-09 (Q3)",
      "signal": "GROSS MARGIN INFLECTION",
      "detail": "GM: -0.1% -> -13.6% -> -4.5% (reversal +9.1%)",
      "severity": "HIGH"
    }
  ],
  "data_quality": {
    "n_quarters": 20,
    "coverage": {
      "revenue": [
        20,
        20
      ],
      "gross_profit": [
        20,
        20
      ],
      "op_income": [
        0,
        20
      ],
      "fcf": [
        0,
        20
      ]
    },
    "gaps": [],
    "warnings": [
      "op_income: no data",
      "fcf: no data"
    ]
  },
  "market_cap": null,
  "source": "SEC EDGAR",
  "last_updated": "2026-02-03T00:12:33.026784"
}