{
  "ticker": "RTX",
  "name": "RTX Corporation",
  "sector": "Industrials",
  "industry": "Aerospace & Defense",
  "quarters": [
    {
      "date": "2021-03-31T00:00:00",
      "quarter_label": "2021-03 (Q1)",
      "revenue": 15251000000,
      "gross_profit": null,
      "operating_income": 1013000000,
      "net_income": 753000000,
      "opex": 14346000000,
      "cogs": null,
      "rd": 589000000,
      "sga": 1220000000,
      "fcf": null,
      "ocf": null,
      "capex": null,
      "gross_margin": null,
      "op_margin": 0.06642187397547701,
      "fcf_margin": null
    },
    {
      "date": "2021-06-30T00:00:00",
      "quarter_label": "2021-06 (Q2)",
      "revenue": 15880000000,
      "gross_profit": null,
      "operating_income": 1282000000,
      "net_income": 1032000000,
      "opex": 14680000000,
      "cogs": null,
      "rd": 657000000,
      "sga": 1368000000,
      "fcf": null,
      "ocf": null,
      "capex": null,
      "gross_margin": null,
      "op_margin": 0.08073047858942066,
      "fcf_margin": null,
      "op_leverage_ratio": 1.7714817561781557
    },
    {
      "date": "2021-09-30T00:00:00",
      "quarter_label": "2021-09 (Q3)",
      "revenue": 16213000000,
      "gross_profit": null,
      "operating_income": 1343000000,
      "net_income": 1393000000,
      "opex": 14994000000,
      "cogs": null,
      "rd": 676000000,
      "sga": 1229000000,
      "fcf": null,
      "ocf": null,
      "capex": null,
      "gross_margin": null,
      "op_margin": 0.08283476222784185,
      "fcf_margin": null,
      "op_leverage_ratio": 0.9803702931219818
    },
    {
      "date": "2021-12-31T00:00:00",
      "quarter_label": "2021-12 (Q4)",
      "revenue": 17044000000,
      "gross_profit": null,
      "operating_income": 1320000000,
      "net_income": 686000000,
      "opex": 15833000000,
      "cogs": null,
      "rd": 810000000,
      "sga": 1407000000,
      "fcf": null,
      "ocf": null,
      "capex": null,
      "gross_margin": null,
      "op_margin": 0.07744660877728232,
      "fcf_margin": null,
      "op_leverage_ratio": 0.915995176548315
    },
    {
      "date": "2022-03-31T00:00:00",
      "quarter_label": "2022-03 (Q1)",
      "revenue": 15716000000,
      "gross_profit": null,
      "operating_income": 1080000000,
      "net_income": 1084000000,
      "opex": 14664000000,
      "cogs": null,
      "rd": 635000000,
      "sga": 1469000000,
      "fcf": 37000000,
      "ocf": 476000000,
      "capex": -439000000,
      "gross_margin": null,
      "op_margin": 0.0687197760244337,
      "fcf_margin": 0.0023542886230593025,
      "incr_op_margin_yoy": 0.14408602150537633,
      "rev_growth_yoy": 0.030489803947282144
    },
    {
      "date": "2022-06-30T00:00:00",
      "quarter_label": "2022-06 (Q2)",
      "revenue": 16314000000,
      "gross_profit": null,
      "operating_income": 1353000000,
      "net_income": 1304000000,
      "opex": 14978000000,
      "cogs": null,
      "rd": 698000000,
      "sga": 1424000000,
      "fcf": 807000000,
      "ocf": 1286000000,
      "capex": -479000000,
      "gross_margin": null,
      "op_margin": 0.08293490253769768,
      "fcf_margin": 0.049466715704303055,
      "incr_op_margin_yoy": 0.16359447004608296,
      "rev_growth_yoy": 0.027329974811083124,
      "rev_growth_yoy_accel": -0.0031598291361990202,
      "op_leverage_ratio": 1.7769776591829822,
      "fcf_margin_change": 0.04711242708124375
    },
    {
      "date": "2022-09-30T00:00:00",
      "quarter_label": "2022-09 (Q3)",
      "revenue": 16951000000,
      "gross_profit": null,
      "operating_income": 1480000000,
      "net_income": 1387000000,
      "opex": 15517000000,
      "cogs": null,
      "rd": 662000000,
      "sga": 1391000000,
      "fcf": 263000000,
      "ocf": 778000000,
      "capex": -515000000,
      "gross_margin": null,
      "op_margin": 0.08731048315733585,
      "fcf_margin": 0.015515308831337385,
      "incr_op_margin_yoy": 0.1856368563685637,
      "rev_growth_yoy": 0.045519027940541544,
      "rev_growth_yoy_accel": 0.01818905312945842,
      "op_leverage_ratio": 1.08503571946014,
      "fcf_margin_change": -0.03395140687296567
    },
    {
      "date": "2022-12-31T00:00:00",
      "quarter_label": "2022-12 (Q4)",
      "revenue": 18093000000,
      "gross_profit": null,
      "operating_income": 1501000000,
      "net_income": 1422000000,
      "opex": 16621000000,
      "cogs": null,
      "rd": 716000000,
      "sga": 1379000000,
      "fcf": 3773000000,
      "ocf": 4628000000,
      "capex": -855000000,
      "gross_margin": null,
      "op_margin": 0.0829602608743713,
      "fcf_margin": 0.20853368706129444,
      "incr_op_margin_yoy": 0.17254528122020973,
      "rev_growth_yoy": 0.061546585308613004,
      "rev_growth_yoy_accel": 0.01602755736807146,
      "op_leverage_ratio": 0.9469116652516758,
      "fcf_margin_change": 0.19301837822995704
    },
    {
      "date": "2023-03-31T00:00:00",
      "quarter_label": "2023-03 (Q1)",
      "revenue": 17214000000,
      "gross_profit": null,
      "operating_income": 1652000000,
      "net_income": 1426000000,
      "opex": 15650000000,
      "cogs": null,
      "rd": 607000000,
      "sga": 1398000000,
      "fcf": -1383000000,
      "ocf": -863000000,
      "capex": -520000000,
      "gross_margin": null,
      "op_margin": 0.09596839781573138,
      "fcf_margin": -0.08034158243290344,
      "incr_op_margin_yoy": 0.3818424566088118,
      "rev_growth_yoy": 0.09531687452277933,
      "rev_growth_yoy_accel": 0.033770289214166326,
      "fcf_margin_change": -0.2888752694941979
    },
    {
      "date": "2023-06-30T00:00:00",
      "quarter_label": "2023-06 (Q2)",
      "revenue": 18315000000,
      "gross_profit": null,
      "operating_income": 1458000000,
      "net_income": 1327000000,
      "opex": 16882000000,
      "cogs": null,
      "rd": 729000000,
      "sga": 1635000000,
      "fcf": 193000000,
      "ocf": 719000000,
      "capex": -526000000,
      "gross_margin": null,
      "op_margin": 0.07960687960687961,
      "fcf_margin": 0.010537810537810537,
      "incr_op_margin_yoy": 0.05247376311844078,
      "rev_growth_yoy": 0.1226553880102979,
      "rev_growth_yoy_accel": 0.027338513487518576,
      "op_leverage_ratio": 0.812473405820391,
      "fcf_margin_change": 0.09087939297071398
    },
    {
      "date": "2023-09-30T00:00:00",
      "quarter_label": "2023-09 (Q3)",
      "revenue": 13464000000,
      "gross_profit": null,
      "operating_income": -1396000000,
      "net_income": -984000000,
      "opex": 14863000000,
      "cogs": null,
      "rd": 712000000,
      "sga": 1401000000,
      "fcf": 2752000000,
      "ocf": 3316000000,
      "capex": -564000000,
      "gross_margin": null,
      "op_margin": -0.10368389780154486,
      "fcf_margin": 0.2043969102792632,
      "incr_op_margin_yoy": 0.8247777459133926,
      "rev_growth_yoy": -0.20571057754704739,
      "rev_growth_yoy_accel": -0.3283659655573453,
      "fcf_margin_change": 0.19385909974145268
    },
    {
      "date": "2023-12-31T00:00:00",
      "quarter_label": "2023-12 (Q4)",
      "revenue": 19927000000,
      "gross_profit": null,
      "operating_income": 1777000000,
      "net_income": 1426000000,
      "opex": 18120000000,
      "cogs": null,
      "rd": 757000000,
      "sga": 1445000000,
      "fcf": 3906000000,
      "ocf": 4711000000,
      "capex": -805000000,
      "gross_margin": null,
      "op_margin": 0.08917549054047273,
      "fcf_margin": 0.1960154564159181,
      "incr_op_margin_yoy": 0.1504907306434024,
      "rev_growth_yoy": 0.10136516884983143,
      "rev_growth_yoy_accel": 0.30707574639687885,
      "op_leverage_ratio": 2.190527815130481,
      "fcf_margin_change": -0.0083814538633451
    },
    {
      "date": "2024-03-31T00:00:00",
      "quarter_label": "2024-03 (Q1)",
      "revenue": 19305000000,
      "gross_profit": null,
      "operating_income": 1870000000,
      "net_income": 1709000000,
      "opex": 17807000000,
      "cogs": null,
      "rd": 669000000,
      "sga": 1394000000,
      "fcf": -125000000,
      "ocf": 342000000,
      "capex": -467000000,
      "gross_margin": null,
      "op_margin": 0.09686609686609686,
      "fcf_margin": -0.006475006475006475,
      "incr_op_margin_yoy": 0.10425633668101388,
      "rev_growth_yoy": 0.12147089578250261,
      "rev_growth_yoy_accel": 0.02010572693267118,
      "fcf_margin_change": -0.2024904628909246
    },
    {
      "date": "2024-06-30T00:00:00",
      "quarter_label": "2024-06 (Q2)",
      "revenue": 19721000000,
      "gross_profit": null,
      "operating_income": 529000000,
      "net_income": 111000000,
      "opex": 18296000000,
      "cogs": null,
      "rd": 706000000,
      "sga": 1449000000,
      "fcf": 2196000000,
      "ocf": 2733000000,
      "capex": -537000000,
      "gross_margin": null,
      "op_margin": 0.026824197555904872,
      "fcf_margin": 0.11135337964606257,
      "incr_op_margin_yoy": -0.6607396870554765,
      "rev_growth_yoy": 0.07676767676767676,
      "rev_growth_yoy_accel": -0.04470321901482585,
      "op_leverage_ratio": 0.7847032010631193,
      "fcf_margin_change": 0.11782838612106904
    },
    {
      "date": "2024-09-30T00:00:00",
      "quarter_label": "2024-09 (Q3)",
      "revenue": 20089000000,
      "gross_profit": null,
      "operating_income": 2028000000,
      "net_income": 1472000000,
      "opex": 18195000000,
      "cogs": null,
      "rd": 751000000,
      "sga": 1389000000,
      "fcf": 1971000000,
      "ocf": 2523000000,
      "capex": -552000000,
      "gross_margin": null,
      "op_margin": 0.10095076907760465,
      "fcf_margin": 0.09811339539051223,
      "incr_op_margin_yoy": 0.5168301886792452,
      "rev_growth_yoy": 0.4920528817587641,
      "rev_growth_yoy_accel": 0.41528520499108734,
      "op_leverage_ratio": null,
      "fcf_margin_change": -0.013239984255550341
    },
    {
      "date": "2024-12-31T00:00:00",
      "quarter_label": "2024-12 (Q4)",
      "revenue": 21623000000,
      "gross_profit": null,
      "operating_income": 2111000000,
      "net_income": 1482000000,
      "opex": 19770000000,
      "cogs": null,
      "rd": 808000000,
      "sga": 1574000000,
      "fcf": 492000000,
      "ocf": 1561000000,
      "capex": -1069000000,
      "gross_margin": null,
      "op_margin": 0.09762752624520186,
      "fcf_margin": 0.022753549461221847,
      "incr_op_margin_yoy": 0.19693396226415094,
      "rev_growth_yoy": 0.0851106538866864,
      "rev_growth_yoy_accel": -0.4069422278720777,
      "op_leverage_ratio": 0.8821420867615302,
      "fcf_margin_change": -0.07535984592929038
    },
    {
      "date": "2025-03-31T00:00:00",
      "quarter_label": "2025-03 (Q1)",
      "revenue": 20306000000,
      "gross_profit": null,
      "operating_income": 2035000000,
      "net_income": 1535000000,
      "opex": 18275000000,
      "cogs": null,
      "rd": 637000000,
      "sga": 1448000000,
      "fcf": 792000000,
      "ocf": 1305000000,
      "capex": -513000000,
      "gross_margin": null,
      "op_margin": 0.10021668472372698,
      "fcf_margin": 0.0390032502708559,
      "incr_op_margin_yoy": 0.16483516483516483,
      "rev_growth_yoy": 0.05185185185185185,
      "rev_growth_yoy_accel": -0.03325880203483455,
      "fcf_margin_change": 0.016249700809634057
    },
    {
      "date": "2025-06-30T00:00:00",
      "quarter_label": "2025-06 (Q2)",
      "revenue": 21581000000,
      "gross_profit": null,
      "operating_income": 2146000000,
      "net_income": 1657000000,
      "opex": 19475000000,
      "cogs": null,
      "rd": 697000000,
      "sga": 1573000000,
      "fcf": -72000000,
      "ocf": 458000000,
      "capex": -530000000,
      "gross_margin": null,
      "op_margin": 0.09943932162550391,
      "fcf_margin": -0.00333626801353042,
      "incr_op_margin_yoy": 0.8693548387096774,
      "rev_growth_yoy": 0.09431570407180163,
      "rev_growth_yoy_accel": 0.042463852219949784,
      "op_leverage_ratio": 0.9562290702255491,
      "fcf_margin_change": -0.04233951828438633
    },
    {
      "date": "2025-09-30T00:00:00",
      "quarter_label": "2025-09 (Q3)",
      "revenue": 22478000000,
      "gross_profit": null,
      "operating_income": 2523000000,
      "net_income": 1918000000,
      "opex": 20018000000,
      "cogs": null,
      "rd": 684000000,
      "sga": 1436000000,
      "fcf": 4025000000,
      "ocf": 4639000000,
      "capex": -614000000,
      "gross_margin": null,
      "op_margin": 0.1122430821247442,
      "fcf_margin": 0.17906397366313728,
      "incr_op_margin_yoy": 0.20719966513185434,
      "rev_growth_yoy": 0.1189208024291901,
      "rev_growth_yoy_accel": 0.024605098357388472,
      "op_leverage_ratio": 1.4907283647550627,
      "fcf_margin_change": 0.1824002416766677
    },
    {
      "date": "2025-12-31T00:00:00",
      "quarter_label": "2025-12 (Q4)",
      "revenue": 24238000000,
      "gross_profit": null,
      "operating_income": 2596000000,
      "net_income": 1622000000,
      "opex": 21948000000,
      "cogs": null,
      "rd": 789000000,
      "sga": 1638000000,
      "fcf": 3195000000,
      "ocf": 4165000000,
      "capex": -970000000,
      "gross_margin": null,
      "op_margin": 0.1071045465797508,
      "fcf_margin": 0.13181780674973181,
      "incr_op_margin_yoy": 0.18546845124282982,
      "rev_growth_yoy": 0.12093604032742912,
      "rev_growth_yoy_accel": 0.002015237898239014,
      "op_leverage_ratio": 0.8121165796193585,
      "fcf_margin_change": -0.04724616691340547
    }
  ],
  "signals": [
    {
      "quarter": "2025-09 (Q3)",
      "signal": "FCF TURNED POSITIVE",
      "detail": "FCF margin: -0.3% -> +17.9%",
      "severity": "HIGH"
    },
    {
      "quarter": "2025-09 (Q3)",
      "signal": "INCREMENTAL MARGIN (YoY)",
      "detail": "YoY Incr OPM: +20.7% vs year-ago OPM: +10.1%",
      "severity": "MEDIUM"
    },
    {
      "quarter": "2025-06 (Q2)",
      "signal": "INCREMENTAL MARGIN (YoY)",
      "detail": "YoY Incr OPM: +86.9% vs year-ago OPM: +2.7%",
      "severity": "HIGH"
    },
    {
      "quarter": "2024-12 (Q4)",
      "signal": "YoY REVENUE GROWTH DECELERATION",
      "detail": "YoY growth: +8.5% vs prior quarter YoY: +49.2% (decel: -40.7%)",
      "severity": "WARNING"
    },
    {
      "quarter": "2024-12 (Q4)",
      "signal": "INCREMENTAL MARGIN (YoY)",
      "detail": "YoY Incr OPM: +19.7% vs year-ago OPM: +8.9%",
      "severity": "MEDIUM"
    },
    {
      "quarter": "2024-09 (Q3)",
      "signal": "YoY REVENUE GROWTH ACCELERATION",
      "detail": "YoY growth: +49.2% vs prior quarter YoY: +7.7% (accel: +41.5%)",
      "severity": "HIGH"
    },
    {
      "quarter": "2024-09 (Q3)",
      "signal": "OP MARGIN TURNED POSITIVE (YoY)",
      "detail": "Op margin: -10.4% (year-ago) -> +10.1%",
      "severity": "HIGH"
    },
    {
      "quarter": "2024-06 (Q2)",
      "signal": "FCF TURNED POSITIVE",
      "detail": "FCF margin: -0.6% -> +11.1%",
      "severity": "HIGH"
    },
    {
      "quarter": "2023-12 (Q4)",
      "signal": "OPERATING LEVERAGE",
      "detail": "Rev growth +48.0% vs OpEx growth +21.9% (leverage: 2.2x)",
      "severity": "MEDIUM"
    },
    {
      "quarter": "2023-12 (Q4)",
      "signal": "YoY REVENUE GROWTH ACCELERATION",
      "detail": "YoY growth: +10.1% vs prior quarter YoY: -20.6% (accel: +30.7%)",
      "severity": "HIGH"
    },
    {
      "quarter": "2023-12 (Q4)",
      "signal": "OP MARGIN TURNED POSITIVE (QoQ)",
      "detail": "Op margin: -10.4% -> +8.9%",
      "severity": "HIGH"
    },
    {
      "quarter": "2023-09 (Q3)",
      "signal": "FCF MARGIN EXPANSION",
      "detail": "FCF margin: +1.1% -> +20.4% (+19.4%)",
      "severity": "MEDIUM"
    },
    {
      "quarter": "2023-09 (Q3)",
      "signal": "YoY REVENUE GROWTH DECELERATION",
      "detail": "YoY growth: -20.6% vs prior quarter YoY: +12.3% (decel: -32.8%)",
      "severity": "WARNING"
    },
    {
      "quarter": "2023-06 (Q2)",
      "signal": "FCF TURNED POSITIVE",
      "detail": "FCF margin: -8.0% -> +1.1%",
      "severity": "HIGH"
    },
    {
      "quarter": "2023-03 (Q1)",
      "signal": "INCREMENTAL MARGIN (YoY)",
      "detail": "YoY Incr OPM: +38.2% vs year-ago OPM: +6.9%",
      "severity": "HIGH"
    },
    {
      "quarter": "2022-12 (Q4)",
      "signal": "FCF MARGIN EXPANSION",
      "detail": "FCF margin: +1.6% -> +20.9% (+19.3%)",
      "severity": "MEDIUM"
    },
    {
      "quarter": "2022-09 (Q3)",
      "signal": "INCREMENTAL MARGIN (YoY)",
      "detail": "YoY Incr OPM: +18.6% vs year-ago OPM: +8.3%",
      "severity": "MEDIUM"
    },
    {
      "quarter": "2022-06 (Q2)",
      "signal": "OPERATING LEVERAGE",
      "detail": "Rev growth +3.8% vs OpEx growth +2.1% (leverage: 1.8x)",
      "severity": "MEDIUM"
    },
    {
      "quarter": "2021-06 (Q2)",
      "signal": "OPERATING LEVERAGE",
      "detail": "Rev growth +4.1% vs OpEx growth +2.3% (leverage: 1.8x)",
      "severity": "MEDIUM"
    }
  ],
  "data_quality": {
    "n_quarters": 20,
    "coverage": {
      "revenue": [
        20,
        20
      ],
      "gross_profit": [
        0,
        20
      ],
      "op_income": [
        20,
        20
      ],
      "fcf": [
        16,
        20
      ]
    },
    "gaps": [],
    "warnings": [
      "gross_profit: no data"
    ]
  },
  "market_cap": null,
  "source": "SEC EDGAR",
  "last_updated": "2026-02-09T19:09:39.785195"
}