{
  "ticker": "RUN",
  "name": "Sunrun Inc.",
  "quarters": [
    {
      "date": "2020-12-31T00:00:00",
      "quarter_label": "2020-12 (Q4)",
      "revenue": 320406000,
      "gross_profit": null,
      "operating_income": -256432000,
      "net_income": -169320000,
      "opex": 576838000,
      "cogs": null,
      "rd": 5326000,
      "sga": null,
      "fcf": -151924000,
      "ocf": -151213000,
      "capex": -711000,
      "gross_margin": null,
      "op_margin": -0.8003345755073251,
      "fcf_margin": -0.47416090834753405
    },
    {
      "date": "2021-03-31T00:00:00",
      "quarter_label": "2021-03 (Q1)",
      "revenue": 334794000,
      "gross_profit": null,
      "operating_income": -178525000,
      "net_income": -23789000,
      "opex": 513319000,
      "cogs": null,
      "rd": 5872000,
      "sga": null,
      "fcf": -185686000,
      "ocf": -185647000,
      "capex": -39000,
      "gross_margin": null,
      "op_margin": -0.533238349552262,
      "fcf_margin": -0.5546276217614413,
      "op_leverage_ratio": Infinity,
      "fcf_margin_change": -0.08046671341390726
    },
    {
      "date": "2021-06-30T00:00:00",
      "quarter_label": "2021-06 (Q2)",
      "revenue": 401166000,
      "gross_profit": null,
      "operating_income": -141769000,
      "net_income": -41244000,
      "opex": 542935000,
      "cogs": null,
      "rd": 5150000,
      "sga": null,
      "fcf": -175590000,
      "ocf": -170117000,
      "capex": -5473000,
      "gross_margin": null,
      "op_margin": -0.353392361266907,
      "fcf_margin": -0.43769910710279536,
      "op_leverage_ratio": 3.4361188457753493,
      "fcf_margin_change": 0.11692851465864595
    },
    {
      "date": "2021-09-30T00:00:00",
      "quarter_label": "2021-09 (Q3)",
      "revenue": 438765000,
      "gross_profit": null,
      "operating_income": -137925000,
      "net_income": 24129000,
      "opex": 576690000,
      "cogs": null,
      "rd": 5602000,
      "sga": null,
      "fcf": -186193000,
      "ocf": -180065000,
      "capex": -6128000,
      "gross_margin": null,
      "op_margin": -0.3143482274110287,
      "fcf_margin": -0.4243570020398163,
      "op_leverage_ratio": 1.5075159055332377,
      "fcf_margin_change": 0.01334210506297906
    },
    {
      "date": "2021-12-31T00:00:00",
      "quarter_label": "2021-12 (Q4)",
      "revenue": 435229000,
      "gross_profit": null,
      "operating_income": -207968000,
      "net_income": -38519000,
      "opex": 643197000,
      "cogs": null,
      "rd": 6541000,
      "sga": null,
      "fcf": -278293000,
      "ocf": -281357000,
      "capex": 3064000,
      "gross_margin": null,
      "op_margin": -0.4778358059780024,
      "fcf_margin": -0.6394174101450041,
      "incr_op_margin_yoy": 0.4220757165376275,
      "rev_growth_yoy": 0.3583671966192893,
      "fcf_margin_change": -0.21506040810518778
    },
    {
      "date": "2022-03-31T00:00:00",
      "quarter_label": "2022-03 (Q1)",
      "revenue": 495784000,
      "gross_profit": null,
      "operating_income": -181450000,
      "net_income": -87778000,
      "opex": 677234000,
      "cogs": null,
      "rd": 6257000,
      "sga": null,
      "fcf": -262880000,
      "ocf": -256409000,
      "capex": -6471000,
      "gross_margin": null,
      "op_margin": -0.36598599390056963,
      "fcf_margin": -0.5302309070078906,
      "incr_op_margin_yoy": -0.018168830362134295,
      "rev_growth_yoy": 0.48086285895207204,
      "rev_growth_yoy_accel": 0.12249566233278275,
      "op_leverage_ratio": 2.6292078394393728,
      "fcf_margin_change": 0.10918650313711353
    },
    {
      "date": "2022-06-30T00:00:00",
      "quarter_label": "2022-06 (Q2)",
      "revenue": 584580000,
      "gross_profit": null,
      "operating_income": -155307000,
      "net_income": -12426000,
      "opex": 739887000,
      "cogs": null,
      "rd": 6139000,
      "sga": null,
      "fcf": -195684000,
      "ocf": -197852000,
      "capex": 2168000,
      "gross_margin": null,
      "op_margin": -0.26567279072154365,
      "fcf_margin": -0.334742892332957,
      "incr_op_margin_yoy": -0.07381115945347684,
      "rev_growth_yoy": 0.45720225542543486,
      "rev_growth_yoy_accel": -0.02366060352663718,
      "op_leverage_ratio": 1.9359662316951298,
      "fcf_margin_change": 0.19548801467493354
    },
    {
      "date": "2022-09-30T00:00:00",
      "quarter_label": "2022-09 (Q3)",
      "revenue": 631906000,
      "gross_profit": null,
      "operating_income": -136245000,
      "net_income": 210560000,
      "opex": 768151000,
      "cogs": null,
      "rd": 4398000,
      "sga": null,
      "fcf": -96376000,
      "ocf": -89859000,
      "capex": -6517000,
      "gross_margin": null,
      "op_margin": -0.21560960016204941,
      "fcf_margin": -0.1525163552806905,
      "incr_op_margin_yoy": 0.008698308489652638,
      "rev_growth_yoy": 0.44019235809601953,
      "rev_growth_yoy_accel": -0.017009897329415324,
      "op_leverage_ratio": 2.1192764822278436,
      "fcf_margin_change": 0.18222653705226652
    },
    {
      "date": "2022-12-31T00:00:00",
      "quarter_label": "2022-12 (Q4)",
      "revenue": 609152000,
      "gross_profit": null,
      "operating_income": -189190000,
      "net_income": 63021000,
      "opex": 798342000,
      "cogs": null,
      "rd": 4113000,
      "sga": null,
      "fcf": -312056000,
      "ocf": -304673000,
      "capex": -7383000,
      "gross_margin": null,
      "op_margin": -0.31057929712124394,
      "fcf_margin": -0.5122793654129019,
      "incr_op_margin_yoy": 0.10796731887099463,
      "rev_growth_yoy": 0.39961261772538137,
      "rev_growth_yoy_accel": -0.04057974037063816,
      "fcf_margin_change": -0.35976301013221135
    },
    {
      "date": "2023-03-31T00:00:00",
      "quarter_label": "2023-03 (Q1)",
      "revenue": 589849000,
      "gross_profit": null,
      "operating_income": -227694000,
      "net_income": -240388000,
      "opex": 817543000,
      "cogs": null,
      "rd": 4557000,
      "sga": null,
      "fcf": -443319000,
      "ocf": -439323000,
      "capex": -3996000,
      "gross_margin": null,
      "op_margin": -0.3860208290596407,
      "fcf_margin": -0.7515804892438573,
      "incr_op_margin_yoy": -0.4916174985382448,
      "rev_growth_yoy": 0.1897298016878318,
      "rev_growth_yoy_accel": -0.20988281603754957,
      "fcf_margin_change": -0.23930112383095548
    },
    {
      "date": "2023-06-30T00:00:00",
      "quarter_label": "2023-06 (Q2)",
      "revenue": 590193000,
      "gross_profit": null,
      "operating_income": -205941000,
      "net_income": 55474000,
      "opex": 796134000,
      "cogs": null,
      "rd": 4557000,
      "sga": null,
      "fcf": -209806000,
      "ocf": -202170000,
      "capex": -7636000,
      "gross_margin": null,
      "op_margin": -0.34893839811722605,
      "fcf_margin": -0.3554871033712701,
      "incr_op_margin_yoy": -9.020844468198824,
      "rev_growth_yoy": 0.009601765370009237,
      "rev_growth_yoy_accel": -0.18012803631782257,
      "fcf_margin_change": 0.39609338587258724
    },
    {
      "date": "2023-09-30T00:00:00",
      "quarter_label": "2023-09 (Q3)",
      "revenue": 563181000,
      "gross_profit": null,
      "operating_income": -1347477000,
      "net_income": -1069459000,
      "opex": 1910658000,
      "cogs": null,
      "rd": 5039000,
      "sga": null,
      "fcf": -67906000,
      "ocf": -63240000,
      "capex": -4666000,
      "gross_margin": null,
      "op_margin": -2.3926180038033955,
      "fcf_margin": -0.1205758006750938,
      "incr_op_margin_yoy": 17.624328846853402,
      "rev_growth_yoy": -0.10875826467860726,
      "rev_growth_yoy_accel": -0.1183600300486165,
      "fcf_margin_change": 0.2349113026961763
    },
    {
      "date": "2023-12-31T00:00:00",
      "quarter_label": "2023-12 (Q4)",
      "revenue": 516590000,
      "gross_profit": null,
      "operating_income": -197531000,
      "net_income": -350124000,
      "opex": 714121000,
      "cogs": null,
      "rd": 7663000,
      "sga": null,
      "fcf": -120669000,
      "ocf": -116007000,
      "capex": -4662000,
      "gross_margin": null,
      "op_margin": -0.38237480400317464,
      "fcf_margin": -0.23358756460636093,
      "incr_op_margin_yoy": 0.09011257319418335,
      "rev_growth_yoy": -0.15195222210548434,
      "rev_growth_yoy_accel": -0.04319395742687708,
      "fcf_margin_change": -0.11301176393126713
    },
    {
      "date": "2024-03-31T00:00:00",
      "quarter_label": "2024-03 (Q1)",
      "revenue": 458188000,
      "gross_profit": null,
      "operating_income": -183122000,
      "net_income": -87818000,
      "opex": 641310000,
      "cogs": null,
      "rd": 12087000,
      "sga": null,
      "fcf": -143093000,
      "ocf": -143093000,
      "capex": null,
      "gross_margin": null,
      "op_margin": -0.39966563943184896,
      "fcf_margin": -0.31230193719608546,
      "incr_op_margin_yoy": -0.3385360888949651,
      "rev_growth_yoy": -0.22321136426441343,
      "rev_growth_yoy_accel": -0.07125914215892909,
      "fcf_margin_change": -0.07871437258972452
    },
    {
      "date": "2024-06-30T00:00:00",
      "quarter_label": "2024-06 (Q2)",
      "revenue": 523866000,
      "gross_profit": null,
      "operating_income": -128048000,
      "net_income": 139074000,
      "opex": 651914000,
      "cogs": null,
      "rd": 10243000,
      "sga": null,
      "fcf": -208545000,
      "ocf": -208545000,
      "capex": null,
      "gross_margin": null,
      "op_margin": -0.244428918845659,
      "fcf_margin": -0.3980884424642943,
      "incr_op_margin_yoy": -1.174378458244757,
      "rev_growth_yoy": -0.11238188185898511,
      "rev_growth_yoy_accel": 0.11082948240542832,
      "op_leverage_ratio": 8.669109757318465,
      "fcf_margin_change": -0.08578650526820886
    },
    {
      "date": "2024-09-30T00:00:00",
      "quarter_label": "2024-09 (Q3)",
      "revenue": 537173000,
      "gross_profit": null,
      "operating_income": -127778000,
      "net_income": -83766000,
      "opex": 664951000,
      "cogs": null,
      "rd": 8180000,
      "sga": null,
      "fcf": -156358000,
      "ocf": -156156000,
      "capex": -202000,
      "gross_margin": null,
      "op_margin": -0.23787122584344336,
      "fcf_margin": -0.2910756869760766,
      "incr_op_margin_yoy": -46.897070132267,
      "rev_growth_yoy": -0.046180535209817096,
      "rev_growth_yoy_accel": 0.06620134664916802,
      "op_leverage_ratio": 1.2702013977969766,
      "fcf_margin_change": 0.1070127554882177
    },
    {
      "date": "2024-12-31T00:00:00",
      "quarter_label": "2024-12 (Q4)",
      "revenue": 518492000,
      "gross_profit": null,
      "operating_income": -3256259000,
      "net_income": -2813657000,
      "opex": 3774751000,
      "cogs": null,
      "rd": 8794000,
      "sga": null,
      "fcf": -258986000,
      "ocf": -258359000,
      "capex": -627000,
      "gross_margin": null,
      "op_margin": -6.280249261319365,
      "fcf_margin": -0.49949854578277003,
      "incr_op_margin_yoy": -1608.1640378548896,
      "rev_growth_yoy": 0.003681836659633365,
      "rev_growth_yoy_accel": 0.04986237186945046,
      "fcf_margin_change": -0.20842285880669342
    },
    {
      "date": "2025-03-31T00:00:00",
      "quarter_label": "2025-03 (Q1)",
      "revenue": 504271000,
      "gross_profit": null,
      "operating_income": -114888000,
      "net_income": 50011000,
      "opex": 619159000,
      "cogs": null,
      "rd": 9979000,
      "sga": null,
      "fcf": -104206000,
      "ocf": -104206000,
      "capex": null,
      "gross_margin": null,
      "op_margin": -0.22782987718905112,
      "fcf_margin": -0.20664682283930663,
      "incr_op_margin_yoy": 1.4806761712562115,
      "rev_growth_yoy": 0.10057661920434406,
      "rev_growth_yoy_accel": 0.09689478254471069,
      "fcf_margin_change": 0.2928517229434634
    },
    {
      "date": "2025-06-30T00:00:00",
      "quarter_label": "2025-06 (Q2)",
      "revenue": 569336000,
      "gross_profit": null,
      "operating_income": -112249000,
      "net_income": 279773000,
      "opex": 681585000,
      "cogs": null,
      "rd": 8063000,
      "sga": null,
      "fcf": -292659000,
      "ocf": -292659000,
      "capex": null,
      "gross_margin": null,
      "op_margin": -0.197157741649922,
      "fcf_margin": -0.5140356485449716,
      "incr_op_margin_yoy": 0.3474598636463602,
      "rev_growth_yoy": 0.0867970053410605,
      "rev_growth_yoy_accel": -0.013779613863283566,
      "op_leverage_ratio": 1.279735221851562,
      "fcf_margin_change": -0.307388825705665
    },
    {
      "date": "2025-09-30T00:00:00",
      "quarter_label": "2025-09 (Q3)",
      "revenue": 724557000,
      "gross_profit": null,
      "operating_income": 3651000,
      "net_income": 16589000,
      "opex": 720906000,
      "cogs": null,
      "rd": 9267000,
      "sga": null,
      "fcf": -121523000,
      "ocf": -121523000,
      "capex": null,
      "gross_margin": null,
      "op_margin": 0.005038941035694914,
      "fcf_margin": -0.16772041399089374,
      "incr_op_margin_yoy": 0.7013885924091705,
      "rev_growth_yoy": 0.34883361598591145,
      "rev_growth_yoy_accel": 0.26203661064485095,
      "op_leverage_ratio": 4.725821363053904,
      "fcf_margin_change": 0.34631523455407787
    }
  ],
  "signals": [
    {
      "quarter": "2025-09 (Q3)",
      "signal": "FCF MARGIN EXPANSION",
      "detail": "FCF margin: -51.4% -> -16.8% (+34.6%)",
      "severity": "MEDIUM"
    },
    {
      "quarter": "2025-09 (Q3)",
      "signal": "OPERATING LEVERAGE",
      "detail": "Rev growth +27.3% vs OpEx growth +5.8% (leverage: 4.7x)",
      "severity": "MEDIUM"
    },
    {
      "quarter": "2025-09 (Q3)",
      "signal": "YoY REVENUE GROWTH ACCELERATION",
      "detail": "YoY growth: +34.9% vs prior quarter YoY: +8.7% (accel: +26.2%)",
      "severity": "HIGH"
    },
    {
      "quarter": "2025-09 (Q3)",
      "signal": "OP MARGIN TURNED POSITIVE (YoY)",
      "detail": "Op margin: -23.8% (year-ago) -> +0.5%",
      "severity": "HIGH"
    },
    {
      "quarter": "2025-09 (Q3)",
      "signal": "OP MARGIN TURNED POSITIVE (QoQ)",
      "detail": "Op margin: -19.7% -> +0.5%",
      "severity": "HIGH"
    },
    {
      "quarter": "2025-03 (Q1)",
      "signal": "FCF MARGIN EXPANSION",
      "detail": "FCF margin: -49.9% -> -20.7% (+29.3%)",
      "severity": "MEDIUM"
    },
    {
      "quarter": "2025-03 (Q1)",
      "signal": "YoY REVENUE GROWTH ACCELERATION",
      "detail": "YoY growth: +10.1% vs prior quarter YoY: +0.4% (accel: +9.7%)",
      "severity": "MEDIUM"
    },
    {
      "quarter": "2024-09 (Q3)",
      "signal": "FCF MARGIN EXPANSION",
      "detail": "FCF margin: -39.8% -> -29.1% (+10.7%)",
      "severity": "MEDIUM"
    },
    {
      "quarter": "2024-09 (Q3)",
      "signal": "YoY REVENUE GROWTH ACCELERATION",
      "detail": "YoY growth: -4.6% vs prior quarter YoY: -11.2% (accel: +6.6%)",
      "severity": "MEDIUM"
    },
    {
      "quarter": "2024-06 (Q2)",
      "signal": "OPERATING LEVERAGE",
      "detail": "Rev growth +14.3% vs OpEx growth +1.7% (leverage: 8.7x)",
      "severity": "MEDIUM"
    },
    {
      "quarter": "2024-06 (Q2)",
      "signal": "YoY REVENUE GROWTH ACCELERATION",
      "detail": "YoY growth: -11.2% vs prior quarter YoY: -22.3% (accel: +11.1%)",
      "severity": "MEDIUM"
    },
    {
      "quarter": "2024-03 (Q1)",
      "signal": "YoY REVENUE GROWTH DECELERATION",
      "detail": "YoY growth: -22.3% vs prior quarter YoY: -15.2% (decel: -7.1%)",
      "severity": "WARNING"
    },
    {
      "quarter": "2023-09 (Q3)",
      "signal": "FCF MARGIN EXPANSION",
      "detail": "FCF margin: -35.5% -> -12.1% (+23.5%)",
      "severity": "MEDIUM"
    },
    {
      "quarter": "2023-09 (Q3)",
      "signal": "YoY REVENUE GROWTH DECELERATION",
      "detail": "YoY growth: -10.9% vs prior quarter YoY: +1.0% (decel: -11.8%)",
      "severity": "WARNING"
    },
    {
      "quarter": "2023-06 (Q2)",
      "signal": "FCF MARGIN EXPANSION",
      "detail": "FCF margin: -75.2% -> -35.5% (+39.6%)",
      "severity": "MEDIUM"
    },
    {
      "quarter": "2023-06 (Q2)",
      "signal": "YoY REVENUE GROWTH DECELERATION",
      "detail": "YoY growth: +1.0% vs prior quarter YoY: +19.0% (decel: -18.0%)",
      "severity": "WARNING"
    },
    {
      "quarter": "2023-03 (Q1)",
      "signal": "YoY REVENUE GROWTH DECELERATION",
      "detail": "YoY growth: +19.0% vs prior quarter YoY: +40.0% (decel: -21.0%)",
      "severity": "WARNING"
    },
    {
      "quarter": "2022-09 (Q3)",
      "signal": "FCF MARGIN EXPANSION",
      "detail": "FCF margin: -33.5% -> -15.3% (+18.2%)",
      "severity": "MEDIUM"
    },
    {
      "quarter": "2022-09 (Q3)",
      "signal": "OPERATING LEVERAGE",
      "detail": "Rev growth +8.1% vs OpEx growth +3.8% (leverage: 2.1x)",
      "severity": "MEDIUM"
    },
    {
      "quarter": "2022-06 (Q2)",
      "signal": "FCF MARGIN EXPANSION",
      "detail": "FCF margin: -53.0% -> -33.5% (+19.5%)",
      "severity": "MEDIUM"
    },
    {
      "quarter": "2022-06 (Q2)",
      "signal": "OPERATING LEVERAGE",
      "detail": "Rev growth +17.9% vs OpEx growth +9.3% (leverage: 1.9x)",
      "severity": "MEDIUM"
    },
    {
      "quarter": "2022-03 (Q1)",
      "signal": "FCF MARGIN EXPANSION",
      "detail": "FCF margin: -63.9% -> -53.0% (+10.9%)",
      "severity": "MEDIUM"
    },
    {
      "quarter": "2022-03 (Q1)",
      "signal": "OPERATING LEVERAGE",
      "detail": "Rev growth +13.9% vs OpEx growth +5.3% (leverage: 2.6x)",
      "severity": "MEDIUM"
    },
    {
      "quarter": "2022-03 (Q1)",
      "signal": "YoY REVENUE GROWTH ACCELERATION",
      "detail": "YoY growth: +48.1% vs prior quarter YoY: +35.8% (accel: +12.2%)",
      "severity": "MEDIUM"
    },
    {
      "quarter": "2021-09 (Q3)",
      "signal": "OPERATING LEVERAGE",
      "detail": "Rev growth +9.4% vs OpEx growth +6.2% (leverage: 1.5x)",
      "severity": "MEDIUM"
    },
    {
      "quarter": "2021-06 (Q2)",
      "signal": "FCF MARGIN EXPANSION",
      "detail": "FCF margin: -55.5% -> -43.8% (+11.7%)",
      "severity": "MEDIUM"
    },
    {
      "quarter": "2021-06 (Q2)",
      "signal": "OPERATING LEVERAGE",
      "detail": "Rev growth +19.8% vs OpEx growth +5.8% (leverage: 3.4x)",
      "severity": "MEDIUM"
    }
  ],
  "data_quality": {
    "n_quarters": 20,
    "coverage": {
      "revenue": [
        20,
        20
      ],
      "gross_profit": [
        0,
        20
      ],
      "op_income": [
        20,
        20
      ],
      "fcf": [
        20,
        20
      ]
    },
    "gaps": [],
    "warnings": [
      "gross_profit: no data"
    ]
  },
  "market_cap": null,
  "source": "SEC EDGAR",
  "last_updated": "2026-02-02T21:06:00.984316"
}