{
  "ticker": "RXT",
  "name": "RACKSPACE TECHNOLOGY, INC.",
  "quarters": [
    {
      "date": "2020-12-31T00:00:00",
      "quarter_label": "2020-12 (Q4)",
      "revenue": 716200000,
      "gross_profit": 247400000,
      "operating_income": -4800000,
      "net_income": -63800000,
      "opex": 252200000,
      "cogs": 468800000,
      "rd": null,
      "sga": 252200000,
      "fcf": -34900000,
      "ocf": -16000000,
      "capex": -18900000,
      "gross_margin": 0.34543423624685843,
      "op_margin": -0.006702038536721586,
      "fcf_margin": -0.04872940519407987
    },
    {
      "date": "2021-03-31T00:00:00",
      "quarter_label": "2021-03 (Q1)",
      "revenue": 725900000,
      "gross_profit": 235300000,
      "operating_income": 24200000,
      "net_income": -64000000,
      "opex": 211100000,
      "cogs": 490600000,
      "rd": null,
      "sga": 231000000,
      "fcf": 66300000,
      "ocf": 103200000,
      "capex": -36900000,
      "gross_margin": 0.3241493318638931,
      "op_margin": 0.033337925334068055,
      "fcf_margin": 0.09133489461358314,
      "op_leverage_ratio": Infinity,
      "fcf_margin_change": 0.140064299807663
    },
    {
      "date": "2021-06-30T00:00:00",
      "quarter_label": "2021-06 (Q2)",
      "revenue": 743800000,
      "gross_profit": 235500000,
      "operating_income": 2900000,
      "net_income": -36600000,
      "opex": 232600000,
      "cogs": 508300000,
      "rd": null,
      "sga": 232600000,
      "fcf": 76600000,
      "ocf": 105700000,
      "capex": -29100000,
      "gross_margin": 0.3166173702608228,
      "op_margin": 0.0038988975531056734,
      "fcf_margin": 0.102984673299274,
      "op_leverage_ratio": 0.24211740357599387,
      "fcf_margin_change": 0.01164977868569085
    },
    {
      "date": "2021-09-30T00:00:00",
      "quarter_label": "2021-09 (Q3)",
      "revenue": 762500000,
      "gross_profit": 231700000,
      "operating_income": -2900000,
      "net_income": -34800000,
      "opex": 234600000,
      "cogs": 530800000,
      "rd": null,
      "sga": 234600000,
      "fcf": 81100000,
      "ocf": 102300000,
      "capex": -21200000,
      "gross_margin": 0.3038688524590164,
      "op_margin": -0.00380327868852459,
      "fcf_margin": 0.10636065573770492,
      "op_leverage_ratio": 2.923917719817155,
      "fcf_margin_change": 0.00337598243843093
    },
    {
      "date": "2021-12-31T00:00:00",
      "quarter_label": "2021-12 (Q4)",
      "revenue": 777300000,
      "gross_profit": 234300000,
      "operating_income": -26700000,
      "net_income": -82900000,
      "opex": 261000000,
      "cogs": 543000000,
      "rd": null,
      "sga": 208600000,
      "fcf": 38400000,
      "ocf": 59600000,
      "capex": -21200000,
      "gross_margin": 0.3014280200694712,
      "op_margin": -0.03434967194133539,
      "fcf_margin": 0.04940177537630259,
      "incr_op_margin_yoy": -0.35842880523731585,
      "rev_growth_yoy": 0.08531136554035186,
      "op_leverage_ratio": 0.17248286140089422,
      "fcf_margin_change": -0.056958880361402335
    },
    {
      "date": "2022-03-31T00:00:00",
      "quarter_label": "2022-03 (Q1)",
      "revenue": 775500000,
      "gross_profit": 226000000,
      "operating_income": 20900000,
      "net_income": -38500000,
      "opex": 205100000,
      "cogs": 549500000,
      "rd": null,
      "sga": 205100000,
      "fcf": 45300000,
      "ocf": 64500000,
      "capex": -19200000,
      "gross_margin": 0.29142488716956805,
      "op_margin": 0.02695035460992908,
      "fcf_margin": 0.05841392649903288,
      "incr_op_margin_yoy": -0.06653225806451613,
      "rev_growth_yoy": 0.06832897093263535,
      "rev_growth_yoy_accel": -0.016982394607716514,
      "fcf_margin_change": 0.009012151122730294
    },
    {
      "date": "2022-06-30T00:00:00",
      "quarter_label": "2022-06 (Q2)",
      "revenue": 772200000,
      "gross_profit": 224000000,
      "operating_income": 4000000,
      "net_income": -40600000,
      "opex": 220000000,
      "cogs": 548200000,
      "rd": null,
      "sga": 220000000,
      "fcf": 56800000,
      "ocf": 84000000,
      "capex": -27200000,
      "gross_margin": 0.29008029008029007,
      "op_margin": 0.00518000518000518,
      "fcf_margin": 0.07355607355607356,
      "incr_op_margin_yoy": 0.03873239436619718,
      "rev_growth_yoy": 0.03818230707179349,
      "rev_growth_yoy_accel": -0.030146663860841853,
      "fcf_margin_change": 0.01514214705704068
    },
    {
      "date": "2022-09-30T00:00:00",
      "quarter_label": "2022-09 (Q3)",
      "revenue": 787600000,
      "gross_profit": 207100000,
      "operating_income": -476700000,
      "net_income": -511700000,
      "opex": 683800000,
      "cogs": 580500000,
      "rd": null,
      "sga": 219900000,
      "fcf": 51700000,
      "ocf": 70700000,
      "capex": -19000000,
      "gross_margin": 0.26295073641442357,
      "op_margin": -0.6052564753682073,
      "fcf_margin": 0.06564245810055866,
      "incr_op_margin_yoy": -18.87649402390438,
      "rev_growth_yoy": 0.032918032786885244,
      "rev_growth_yoy_accel": -0.005264274284908249,
      "op_leverage_ratio": 0.009459819722864138,
      "fcf_margin_change": -0.007913615455514902
    },
    {
      "date": "2022-12-31T00:00:00",
      "quarter_label": "2022-12 (Q4)",
      "revenue": 787000000,
      "gross_profit": 199800000,
      "operating_income": -227200000,
      "net_income": -214000000,
      "opex": 427000000,
      "cogs": 587200000,
      "rd": null,
      "sga": 210300000,
      "fcf": 12500000,
      "ocf": 27500000,
      "capex": -15000000,
      "gross_margin": 0.25387547649301145,
      "op_margin": -0.2886912325285896,
      "fcf_margin": 0.01588310038119441,
      "incr_op_margin_yoy": -20.670103092783506,
      "rev_growth_yoy": 0.012479094300784768,
      "rev_growth_yoy_accel": -0.020438938486100476,
      "fcf_margin_change": -0.04975935771936425
    },
    {
      "date": "2023-03-31T00:00:00",
      "quarter_label": "2023-03 (Q1)",
      "revenue": 758700000,
      "gross_profit": 169600000,
      "operating_income": -581000000,
      "net_income": -612000000,
      "opex": 750600000,
      "cogs": 589100000,
      "rd": null,
      "sga": 207500000,
      "fcf": -14000000,
      "ocf": -1900000,
      "capex": -12100000,
      "gross_margin": 0.22354026624489257,
      "op_margin": -0.7657835771714775,
      "fcf_margin": -0.018452616317385002,
      "incr_op_margin_yoy": 35.82738095238095,
      "rev_growth_yoy": -0.021663442940038684,
      "rev_growth_yoy_accel": -0.03414253724082345,
      "fcf_margin_change": -0.03433571669857941
    },
    {
      "date": "2023-06-30T00:00:00",
      "quarter_label": "2023-06 (Q2)",
      "revenue": 746300000,
      "gross_profit": 153100000,
      "operating_income": -63800000,
      "net_income": -27200000,
      "opex": 216900000,
      "cogs": 593200000,
      "rd": null,
      "sga": 216900000,
      "fcf": 14400000,
      "ocf": 37800000,
      "capex": -23400000,
      "gross_margin": 0.20514538389387646,
      "op_margin": -0.08548840948680156,
      "fcf_margin": 0.019295189602036713,
      "incr_op_margin_yoy": 2.617760617760618,
      "rev_growth_yoy": -0.03354053354053354,
      "rev_growth_yoy_accel": -0.011877090600494855,
      "fcf_margin_change": 0.037747805919421715
    },
    {
      "date": "2023-09-30T00:00:00",
      "quarter_label": "2023-09 (Q3)",
      "revenue": 732400000,
      "gross_profit": 152000000,
      "operating_income": -239400000,
      "net_income": -226600000,
      "opex": 391400000,
      "cogs": 580400000,
      "rd": null,
      "sga": 177300000,
      "fcf": 239300000,
      "ocf": 266800000,
      "capex": -27500000,
      "gross_margin": 0.2075368651010377,
      "op_margin": -0.3268705625341344,
      "fcf_margin": 0.3267340251228837,
      "incr_op_margin_yoy": -4.298913043478261,
      "rev_growth_yoy": -0.07008633824276282,
      "rev_growth_yoy_accel": -0.03654580470222928,
      "fcf_margin_change": 0.307438835520847
    },
    {
      "date": "2023-12-31T00:00:00",
      "quarter_label": "2023-12 (Q4)",
      "revenue": 719700000,
      "gross_profit": 154100000,
      "operating_income": -15200000,
      "net_income": 28000000,
      "opex": 169300000,
      "cogs": 565600000,
      "rd": null,
      "sga": 165500000,
      "fcf": 38300000,
      "ocf": 72200000,
      "capex": -33900000,
      "gross_margin": 0.21411699319160762,
      "op_margin": -0.021119911074058636,
      "fcf_margin": 0.053216618035292484,
      "incr_op_margin_yoy": -3.150074294205052,
      "rev_growth_yoy": -0.0855146124523507,
      "rev_growth_yoy_accel": -0.01542827420958788,
      "fcf_margin_change": -0.2735174070875912
    },
    {
      "date": "2024-03-31T00:00:00",
      "quarter_label": "2024-03 (Q1)",
      "revenue": 690800000,
      "gross_profit": 132800000,
      "operating_income": -652800000,
      "net_income": -640600000,
      "opex": 785600000,
      "cogs": 558000000,
      "rd": null,
      "sga": 192400000,
      "fcf": -118400000,
      "ocf": -90300000,
      "capex": -28100000,
      "gross_margin": 0.1922408801389693,
      "op_margin": -0.944991314418066,
      "fcf_margin": -0.17139548349739434,
      "incr_op_margin_yoy": 1.0574374079528719,
      "rev_growth_yoy": -0.08949518913931725,
      "rev_growth_yoy_accel": -0.003980576686966553,
      "fcf_margin_change": -0.22461210153268682
    },
    {
      "date": "2024-06-30T00:00:00",
      "quarter_label": "2024-06 (Q2)",
      "revenue": 684900000,
      "gross_profit": 131400000,
      "operating_income": -53800000,
      "net_income": 25000000,
      "opex": 185200000,
      "cogs": 553500000,
      "rd": null,
      "sga": 185200000,
      "fcf": -14500000,
      "ocf": 24100000,
      "capex": -38600000,
      "gross_margin": 0.19185282522996058,
      "op_margin": -0.07855161337421522,
      "fcf_margin": -0.02117097386479778,
      "incr_op_margin_yoy": -0.16286644951140064,
      "rev_growth_yoy": -0.08227254455312877,
      "rev_growth_yoy_accel": 0.007222644586188487,
      "fcf_margin_change": 0.15022450963259656
    },
    {
      "date": "2024-09-30T00:00:00",
      "quarter_label": "2024-09 (Q3)",
      "revenue": 675800000,
      "gross_profit": 137500000,
      "operating_income": -173700000,
      "net_income": -186600000,
      "opex": 311200000,
      "cogs": 538300000,
      "rd": null,
      "sga": 169500000,
      "fcf": 27300000,
      "ocf": 51800000,
      "capex": -24500000,
      "gross_margin": 0.20346256288842854,
      "op_margin": -0.2570287067179639,
      "fcf_margin": 0.04039656703166617,
      "incr_op_margin_yoy": -1.1607773851590106,
      "rev_growth_yoy": -0.0772801747678864,
      "rev_growth_yoy_accel": 0.004992369785242368,
      "fcf_margin_change": 0.06156754089646395
    },
    {
      "date": "2024-12-31T00:00:00",
      "quarter_label": "2024-12 (Q4)",
      "revenue": 685600000,
      "gross_profit": 131700000,
      "operating_income": -28800000,
      "net_income": -56000000,
      "opex": 160500000,
      "cogs": 553900000,
      "rd": null,
      "sga": 160500000,
      "fcf": 34400000,
      "ocf": 54300000,
      "capex": -19900000,
      "gross_margin": 0.19209451575262543,
      "op_margin": -0.042007001166861145,
      "fcf_margin": 0.050175029171528586,
      "incr_op_margin_yoy": 0.39882697947214074,
      "rev_growth_yoy": -0.04738085313324997,
      "rev_growth_yoy_accel": 0.029899321634636433,
      "op_leverage_ratio": Infinity,
      "fcf_margin_change": 0.009778462139862415
    },
    {
      "date": "2025-03-31T00:00:00",
      "quarter_label": "2025-03 (Q1)",
      "revenue": 665400000,
      "gross_profit": 126900000,
      "operating_income": -38400000,
      "net_income": -71500000,
      "opex": 165300000,
      "cogs": 538500000,
      "rd": null,
      "sga": 165300000,
      "fcf": 4300000,
      "ocf": 12600000,
      "capex": -8300000,
      "gross_margin": 0.19071235347159604,
      "op_margin": -0.057709648331830475,
      "fcf_margin": 0.006462278328824767,
      "incr_op_margin_yoy": -24.188976377952756,
      "rev_growth_yoy": -0.03676896352055588,
      "rev_growth_yoy_accel": 0.01061188961269409,
      "fcf_margin_change": -0.04371275084270382
    },
    {
      "date": "2025-06-30T00:00:00",
      "quarter_label": "2025-06 (Q2)",
      "revenue": 666300000,
      "gross_profit": 129200000,
      "operating_income": -25100000,
      "net_income": -54500000,
      "opex": 154300000,
      "cogs": 537100000,
      "rd": null,
      "sga": 154300000,
      "fcf": -12400000,
      "ocf": 8400000,
      "capex": -20800000,
      "gross_margin": 0.19390664865676122,
      "op_margin": -0.03767071889539247,
      "fcf_margin": -0.018610235629596277,
      "incr_op_margin_yoy": -1.543010752688172,
      "rev_growth_yoy": -0.02715724923346474,
      "rev_growth_yoy_accel": 0.00961171428709114,
      "fcf_margin_change": -0.025072513958421045
    },
    {
      "date": "2025-09-30T00:00:00",
      "quarter_label": "2025-09 (Q3)",
      "revenue": 671200000,
      "gross_profit": 129900000,
      "operating_income": -33900000,
      "net_income": -67100000,
      "opex": 163800000,
      "cogs": 541300000,
      "rd": null,
      "sga": 163800000,
      "fcf": 42700000,
      "ocf": 70700000,
      "capex": -28000000,
      "gross_margin": 0.19353396901072706,
      "op_margin": -0.05050655542312277,
      "fcf_margin": 0.06361740166865316,
      "incr_op_margin_yoy": -30.391304347826086,
      "rev_growth_yoy": -0.006806747558449245,
      "rev_growth_yoy_accel": 0.020350501675015495,
      "fcf_margin_change": 0.08222763729824945
    }
  ],
  "signals": [
    {
      "quarter": "2025-09 (Q3)",
      "signal": "FCF TURNED POSITIVE",
      "detail": "FCF margin: -1.9% -> +6.4%",
      "severity": "HIGH"
    },
    {
      "quarter": "2024-09 (Q3)",
      "signal": "FCF TURNED POSITIVE",
      "detail": "FCF margin: -2.1% -> +4.0%",
      "severity": "HIGH"
    },
    {
      "quarter": "2024-06 (Q2)",
      "signal": "FCF MARGIN EXPANSION",
      "detail": "FCF margin: -17.1% -> -2.1% (+15.0%)",
      "severity": "MEDIUM"
    },
    {
      "quarter": "2023-09 (Q3)",
      "signal": "FCF MARGIN EXPANSION",
      "detail": "FCF margin: +1.9% -> +32.7% (+30.7%)",
      "severity": "MEDIUM"
    },
    {
      "quarter": "2023-06 (Q2)",
      "signal": "FCF TURNED POSITIVE",
      "detail": "FCF margin: -1.8% -> +1.9%",
      "severity": "HIGH"
    },
    {
      "quarter": "2022-03 (Q1)",
      "signal": "OP MARGIN TURNED POSITIVE (QoQ)",
      "detail": "Op margin: -3.4% -> +2.7%",
      "severity": "HIGH"
    },
    {
      "quarter": "2021-09 (Q3)",
      "signal": "OPERATING LEVERAGE",
      "detail": "Rev growth +2.5% vs OpEx growth +0.9% (leverage: 2.9x)",
      "severity": "MEDIUM"
    },
    {
      "quarter": "2021-03 (Q1)",
      "signal": "FCF TURNED POSITIVE",
      "detail": "FCF margin: -4.9% -> +9.1%",
      "severity": "HIGH"
    },
    {
      "quarter": "2021-03 (Q1)",
      "signal": "OP MARGIN TURNED POSITIVE (QoQ)",
      "detail": "Op margin: -0.7% -> +3.3%",
      "severity": "HIGH"
    }
  ],
  "data_quality": {
    "n_quarters": 20,
    "coverage": {
      "revenue": [
        20,
        20
      ],
      "gross_profit": [
        20,
        20
      ],
      "op_income": [
        20,
        20
      ],
      "fcf": [
        20,
        20
      ]
    },
    "gaps": [],
    "warnings": []
  },
  "market_cap": null,
  "source": "SEC EDGAR",
  "last_updated": "2026-02-02T23:04:26.335601"
}