{
  "ticker": "RYAN",
  "name": "RYAN SPECIALTY HOLDINGS, INC.",
  "sector": "Financial Services",
  "industry": "Insurance - Specialty",
  "quarters": [
    {
      "date": "2021-03-31T00:00:00",
      "quarter_label": "2021-03 (Q1)",
      "revenue": 311458000,
      "gross_profit": null,
      "operating_income": 39843000,
      "net_income": -6251000,
      "opex": 271615000,
      "cogs": null,
      "rd": null,
      "sga": null,
      "fcf": -74805000,
      "ocf": -74805000,
      "capex": null,
      "gross_margin": null,
      "op_margin": 0.12792415028671603,
      "fcf_margin": -0.2401768456742161
    },
    {
      "date": "2021-06-30T00:00:00",
      "quarter_label": "2021-06 (Q2)",
      "revenue": 390012000,
      "gross_profit": null,
      "operating_income": 92262000,
      "net_income": 63407000,
      "opex": 297750000,
      "cogs": null,
      "rd": null,
      "sga": null,
      "fcf": 182520000,
      "ocf": 182520000,
      "capex": null,
      "gross_margin": null,
      "op_margin": 0.2365619519399403,
      "fcf_margin": 0.4679856004430633,
      "op_leverage_ratio": 2.6211993992109166,
      "fcf_margin_change": 0.7081624461172794
    },
    {
      "date": "2021-09-30T00:00:00",
      "quarter_label": "2021-09 (Q3)",
      "revenue": 352766000,
      "gross_profit": null,
      "operating_income": -730000,
      "net_income": -1334000,
      "opex": 353496000,
      "cogs": null,
      "rd": null,
      "sga": null,
      "fcf": 46660000,
      "ocf": 46660000,
      "capex": null,
      "gross_margin": null,
      "op_margin": -0.002069360425891384,
      "fcf_margin": 0.13226898283848218,
      "fcf_margin_change": -0.33571661760458116
    },
    {
      "date": "2021-12-31T00:00:00",
      "quarter_label": "2021-12 (Q4)",
      "revenue": 378535000,
      "gross_profit": null,
      "operating_income": 55249000,
      "net_income": 10051000,
      "opex": 323286000,
      "cogs": null,
      "rd": null,
      "sga": null,
      "fcf": 119118000,
      "ocf": 119118000,
      "capex": null,
      "gross_margin": null,
      "op_margin": 0.14595479942409553,
      "fcf_margin": 0.31468160143711943,
      "op_leverage_ratio": null,
      "fcf_margin_change": 0.18241261859863725
    },
    {
      "date": "2022-03-31T00:00:00",
      "quarter_label": "2022-03 (Q1)",
      "revenue": 386890000,
      "gross_profit": null,
      "operating_income": 43389000,
      "net_income": 6911000,
      "opex": 343501000,
      "cogs": null,
      "rd": null,
      "sga": null,
      "fcf": -65470000,
      "ocf": -65470000,
      "capex": null,
      "gross_margin": null,
      "op_margin": 0.11214815580656,
      "fcf_margin": -0.16922122567137945,
      "incr_op_margin_yoy": 0.04700922685332485,
      "rev_growth_yoy": 0.24218995819661077,
      "op_leverage_ratio": 0.35298281725509184,
      "fcf_margin_change": -0.48390282710849886
    },
    {
      "date": "2022-06-30T00:00:00",
      "quarter_label": "2022-06 (Q2)",
      "revenue": 491292000,
      "gross_profit": null,
      "operating_income": 105528000,
      "net_income": 24501000,
      "opex": 385764000,
      "cogs": null,
      "rd": null,
      "sga": null,
      "fcf": 230181000,
      "ocf": 230181000,
      "capex": null,
      "gross_margin": null,
      "op_margin": 0.21479690286021347,
      "fcf_margin": 0.46852177523753696,
      "incr_op_margin_yoy": 0.1309834123222749,
      "rev_growth_yoy": 0.2596843174056183,
      "rev_growth_yoy_accel": 0.01749435920900755,
      "op_leverage_ratio": 2.1932543415631525,
      "fcf_margin_change": 0.6377430009089164
    },
    {
      "date": "2022-09-30T00:00:00",
      "quarter_label": "2022-09 (Q3)",
      "revenue": 411996000,
      "gross_profit": null,
      "operating_income": 61344000,
      "net_income": 11745000,
      "opex": 350652000,
      "cogs": null,
      "rd": null,
      "sga": null,
      "fcf": -13727000,
      "ocf": -13727000,
      "capex": null,
      "gross_margin": null,
      "op_margin": 0.14889464946261613,
      "fcf_margin": -0.03331828464354023,
      "incr_op_margin_yoy": 1.0480162080027013,
      "rev_growth_yoy": 0.16790166852814614,
      "rev_growth_yoy_accel": -0.09178264887747217,
      "fcf_margin_change": -0.5018400598810772
    },
    {
      "date": "2022-12-31T00:00:00",
      "quarter_label": "2022-12 (Q4)",
      "revenue": 435015000,
      "gross_profit": null,
      "operating_income": 79249000,
      "net_income": 17895000,
      "opex": 355766000,
      "cogs": null,
      "rd": null,
      "sga": null,
      "fcf": 184530000,
      "ocf": 184530000,
      "capex": null,
      "gross_margin": null,
      "op_margin": 0.1821753272875648,
      "fcf_margin": 0.42419226923209546,
      "incr_op_margin_yoy": 0.42492917847025496,
      "rev_growth_yoy": 0.14920681046666756,
      "rev_growth_yoy_accel": -0.01869485806147858,
      "op_leverage_ratio": 3.830972636687532,
      "fcf_margin_change": 0.4575105538756357
    },
    {
      "date": "2023-03-31T00:00:00",
      "quarter_label": "2023-03 (Q1)",
      "revenue": 457599000,
      "gross_profit": null,
      "operating_income": 70087000,
      "net_income": 13160000,
      "opex": 387512000,
      "cogs": null,
      "rd": null,
      "sga": null,
      "fcf": -159211000,
      "ocf": -159211000,
      "capex": null,
      "gross_margin": null,
      "op_margin": 0.1531624850578782,
      "fcf_margin": -0.3479268966933931,
      "incr_op_margin_yoy": 0.3775756975773947,
      "rev_growth_yoy": 0.18276254232469177,
      "rev_growth_yoy_accel": 0.03355573185802421,
      "op_leverage_ratio": 0.5817977826667182,
      "fcf_margin_change": -0.7721191659254886
    },
    {
      "date": "2023-06-30T00:00:00",
      "quarter_label": "2023-06 (Q2)",
      "revenue": 585149000,
      "gross_profit": null,
      "operating_income": 122840000,
      "net_income": 30078000,
      "opex": 462309000,
      "cogs": null,
      "rd": null,
      "sga": null,
      "fcf": 304047000,
      "ocf": 304047000,
      "capex": null,
      "gross_margin": null,
      "op_margin": 0.2099294367759323,
      "fcf_margin": 0.5196061174162478,
      "incr_op_margin_yoy": 0.18445081347155778,
      "rev_growth_yoy": 0.19104117307019045,
      "rev_growth_yoy_accel": 0.008278630745498672,
      "op_leverage_ratio": 1.4440970230205443,
      "fcf_margin_change": 0.8675330141096409
    },
    {
      "date": "2023-09-30T00:00:00",
      "quarter_label": "2023-09 (Q3)",
      "revenue": 501938000,
      "gross_profit": null,
      "operating_income": 69817000,
      "net_income": -5047000,
      "opex": 432121000,
      "cogs": null,
      "rd": null,
      "sga": null,
      "fcf": 105499000,
      "ocf": 105499000,
      "capex": null,
      "gross_margin": null,
      "op_margin": 0.139094868290506,
      "fcf_margin": 0.21018332941518675,
      "incr_op_margin_yoy": 0.09420515443285674,
      "rev_growth_yoy": 0.21830794473732754,
      "rev_growth_yoy_accel": 0.02726677166713709,
      "fcf_margin_change": -0.3094227880010611
    },
    {
      "date": "2023-12-31T00:00:00",
      "quarter_label": "2023-12 (Q4)",
      "revenue": 532863000,
      "gross_profit": null,
      "operating_income": 96337000,
      "net_income": 22846000,
      "opex": 436526000,
      "cogs": null,
      "rd": null,
      "sga": null,
      "fcf": 226868000,
      "ocf": 226868000,
      "capex": null,
      "gross_margin": null,
      "op_margin": 0.18079131033680326,
      "fcf_margin": 0.42575296089238696,
      "incr_op_margin_yoy": 0.1746382143733137,
      "rev_growth_yoy": 0.2249301748215579,
      "rev_growth_yoy_accel": 0.006622230084230352,
      "op_leverage_ratio": 6.043925357120568,
      "fcf_margin_change": 0.2155696314772002
    },
    {
      "date": "2024-03-31T00:00:00",
      "quarter_label": "2024-03 (Q1)",
      "revenue": 552046000,
      "gross_profit": null,
      "operating_income": 72649000,
      "net_income": 16535000,
      "opex": 479397000,
      "cogs": null,
      "rd": null,
      "sga": null,
      "fcf": -116539000,
      "ocf": -116539000,
      "capex": null,
      "gross_margin": null,
      "op_margin": 0.13159954061799198,
      "fcf_margin": -0.21110378482952508,
      "incr_op_margin_yoy": 0.027126324817093185,
      "rev_growth_yoy": 0.20639686712602082,
      "rev_growth_yoy_accel": -0.01853330769553707,
      "op_leverage_ratio": 0.36656201846957387,
      "fcf_margin_change": -0.6368567457219121
    },
    {
      "date": "2024-06-30T00:00:00",
      "quarter_label": "2024-06 (Q2)",
      "revenue": 695441000,
      "gross_profit": null,
      "operating_income": 164368000,
      "net_income": 46787000,
      "opex": 531073000,
      "cogs": null,
      "rd": null,
      "sga": null,
      "fcf": 270827000,
      "ocf": 270827000,
      "capex": null,
      "gross_margin": null,
      "op_margin": 0.23635074722370408,
      "fcf_margin": 0.3894320294604431,
      "incr_op_margin_yoy": 0.37652776266637655,
      "rev_growth_yoy": 0.18848532595971282,
      "rev_growth_yoy_accel": -0.017911541166307998,
      "op_leverage_ratio": 2.4097121269657684,
      "fcf_margin_change": 0.6005358142899682
    },
    {
      "date": "2024-09-30T00:00:00",
      "quarter_label": "2024-09 (Q3)",
      "revenue": 604694000,
      "gross_profit": null,
      "operating_income": 81477000,
      "net_income": 17589000,
      "opex": 523217000,
      "cogs": null,
      "rd": null,
      "sga": null,
      "fcf": 100940000,
      "ocf": 100940000,
      "capex": null,
      "gross_margin": null,
      "op_margin": 0.13474087720400732,
      "fcf_margin": 0.166927404604643,
      "incr_op_margin_yoy": 0.11347269259216007,
      "rev_growth_yoy": 0.20471851105116567,
      "rev_growth_yoy_accel": 0.016233185091452856,
      "fcf_margin_change": -0.22250462485580008
    },
    {
      "date": "2024-12-31T00:00:00",
      "quarter_label": "2024-12 (Q4)",
      "revenue": 663529000,
      "gross_profit": null,
      "operating_income": 109318000,
      "net_income": 13754000,
      "opex": 554211000,
      "cogs": null,
      "rd": null,
      "sga": null,
      "fcf": 259640000,
      "ocf": 259640000,
      "capex": null,
      "gross_margin": null,
      "op_margin": 0.164752407204508,
      "fcf_margin": 0.3913016612687614,
      "incr_op_margin_yoy": 0.09934489461680927,
      "rev_growth_yoy": 0.24521499897722304,
      "rev_growth_yoy_accel": 0.04049648792605737,
      "op_leverage_ratio": 1.6424959827612515,
      "fcf_margin_change": 0.22437425666411842
    },
    {
      "date": "2025-03-31T00:00:00",
      "quarter_label": "2025-03 (Q1)",
      "revenue": 690166000,
      "gross_profit": null,
      "operating_income": 100235000,
      "net_income": -27642000,
      "opex": 589931000,
      "cogs": null,
      "rd": null,
      "sga": null,
      "fcf": -142825000,
      "ocf": -142825000,
      "capex": null,
      "gross_margin": null,
      "op_margin": 0.14523317578669478,
      "fcf_margin": -0.20694296734408824,
      "incr_op_margin_yoy": 0.19972487691862148,
      "rev_growth_yoy": 0.25019654159254845,
      "rev_growth_yoy_accel": 0.004981542615325407,
      "op_leverage_ratio": 0.6228580663296058,
      "fcf_margin_change": -0.5982446286128497
    },
    {
      "date": "2025-06-30T00:00:00",
      "quarter_label": "2025-06 (Q2)",
      "revenue": 855170000,
      "gross_profit": null,
      "operating_income": 191052000,
      "net_income": 51976000,
      "opex": 664118000,
      "cogs": null,
      "rd": null,
      "sga": null,
      "fcf": 353585000,
      "ocf": 353585000,
      "capex": null,
      "gross_margin": null,
      "op_margin": 0.2234082112328543,
      "fcf_margin": 0.41346749769051766,
      "incr_op_margin_yoy": 0.16705795441028243,
      "rev_growth_yoy": 0.22968015978350428,
      "rev_growth_yoy_accel": -0.020516381809044165,
      "op_leverage_ratio": 1.9011409689365013,
      "fcf_margin_change": 0.6204104650346058
    },
    {
      "date": "2025-09-30T00:00:00",
      "quarter_label": "2025-09 (Q3)",
      "revenue": 754577000,
      "gross_profit": null,
      "operating_income": 110791000,
      "net_income": 31085000,
      "opex": 643786000,
      "cogs": null,
      "rd": null,
      "sga": null,
      "fcf": 169661000,
      "ocf": 169661000,
      "capex": null,
      "gross_margin": null,
      "op_margin": 0.14682530742389444,
      "fcf_margin": 0.22484252766781918,
      "incr_op_margin_yoy": 0.19557921845706316,
      "rev_growth_yoy": 0.24786586273387862,
      "rev_growth_yoy_accel": 0.018185702950374333,
      "fcf_margin_change": -0.18862497002269848
    },
    {
      "date": "2025-12-31T00:00:00",
      "quarter_label": "2025-12 (Q4)",
      "revenue": 751213000,
      "gross_profit": null,
      "operating_income": 91562000,
      "net_income": 7980000,
      "opex": 659651000,
      "cogs": null,
      "rd": null,
      "sga": null,
      "fcf": 263246000,
      "ocf": 263246000,
      "capex": null,
      "gross_margin": null,
      "op_margin": 0.12188553712462377,
      "fcf_margin": 0.3504279079302408,
      "incr_op_margin_yoy": -0.20249988595410792,
      "rev_growth_yoy": 0.13214795434713478,
      "rev_growth_yoy_accel": -0.11571790838674384,
      "fcf_margin_change": 0.12558538026242164
    }
  ],
  "signals": [
    {
      "quarter": "2025-12 (Q4)",
      "signal": "FCF MARGIN EXPANSION",
      "detail": "FCF margin: +22.5% -> +35.0% (+12.6%)",
      "severity": "MEDIUM"
    },
    {
      "quarter": "2025-12 (Q4)",
      "signal": "YoY REVENUE GROWTH DECELERATION",
      "detail": "YoY growth: +13.2% vs prior quarter YoY: +24.8% (decel: -11.6%)",
      "severity": "WARNING"
    },
    {
      "quarter": "2025-06 (Q2)",
      "signal": "FCF TURNED POSITIVE",
      "detail": "FCF margin: -20.7% -> +41.3%",
      "severity": "HIGH"
    },
    {
      "quarter": "2025-06 (Q2)",
      "signal": "OPERATING LEVERAGE",
      "detail": "Rev growth +23.9% vs OpEx growth +12.6% (leverage: 1.9x)",
      "severity": "MEDIUM"
    },
    {
      "quarter": "2024-12 (Q4)",
      "signal": "FCF MARGIN EXPANSION",
      "detail": "FCF margin: +16.7% -> +39.1% (+22.4%)",
      "severity": "MEDIUM"
    },
    {
      "quarter": "2024-12 (Q4)",
      "signal": "OPERATING LEVERAGE",
      "detail": "Rev growth +9.7% vs OpEx growth +5.9% (leverage: 1.6x)",
      "severity": "MEDIUM"
    },
    {
      "quarter": "2024-06 (Q2)",
      "signal": "FCF TURNED POSITIVE",
      "detail": "FCF margin: -21.1% -> +38.9%",
      "severity": "HIGH"
    },
    {
      "quarter": "2024-06 (Q2)",
      "signal": "OPERATING LEVERAGE",
      "detail": "Rev growth +26.0% vs OpEx growth +10.8% (leverage: 2.4x)",
      "severity": "MEDIUM"
    },
    {
      "quarter": "2024-06 (Q2)",
      "signal": "INCREMENTAL MARGIN (YoY)",
      "detail": "YoY Incr OPM: +37.7% vs year-ago OPM: +21.0%",
      "severity": "MEDIUM"
    },
    {
      "quarter": "2023-12 (Q4)",
      "signal": "FCF MARGIN EXPANSION",
      "detail": "FCF margin: +21.0% -> +42.6% (+21.6%)",
      "severity": "MEDIUM"
    },
    {
      "quarter": "2023-12 (Q4)",
      "signal": "OPERATING LEVERAGE",
      "detail": "Rev growth +6.2% vs OpEx growth +1.0% (leverage: 6.0x)",
      "severity": "MEDIUM"
    },
    {
      "quarter": "2023-06 (Q2)",
      "signal": "FCF TURNED POSITIVE",
      "detail": "FCF margin: -34.8% -> +52.0%",
      "severity": "HIGH"
    },
    {
      "quarter": "2023-03 (Q1)",
      "signal": "INCREMENTAL MARGIN (YoY)",
      "detail": "YoY Incr OPM: +37.8% vs year-ago OPM: +11.2%",
      "severity": "HIGH"
    },
    {
      "quarter": "2022-12 (Q4)",
      "signal": "FCF TURNED POSITIVE",
      "detail": "FCF margin: -3.3% -> +42.4%",
      "severity": "HIGH"
    },
    {
      "quarter": "2022-12 (Q4)",
      "signal": "OPERATING LEVERAGE",
      "detail": "Rev growth +5.6% vs OpEx growth +1.5% (leverage: 3.8x)",
      "severity": "MEDIUM"
    },
    {
      "quarter": "2022-12 (Q4)",
      "signal": "INCREMENTAL MARGIN (YoY)",
      "detail": "YoY Incr OPM: +42.5% vs year-ago OPM: +14.6%",
      "severity": "HIGH"
    },
    {
      "quarter": "2022-09 (Q3)",
      "signal": "YoY REVENUE GROWTH DECELERATION",
      "detail": "YoY growth: +16.8% vs prior quarter YoY: +26.0% (decel: -9.2%)",
      "severity": "WARNING"
    },
    {
      "quarter": "2022-09 (Q3)",
      "signal": "OP MARGIN TURNED POSITIVE (YoY)",
      "detail": "Op margin: -0.2% (year-ago) -> +14.9%",
      "severity": "HIGH"
    },
    {
      "quarter": "2022-06 (Q2)",
      "signal": "FCF TURNED POSITIVE",
      "detail": "FCF margin: -16.9% -> +46.9%",
      "severity": "HIGH"
    },
    {
      "quarter": "2022-06 (Q2)",
      "signal": "OPERATING LEVERAGE",
      "detail": "Rev growth +27.0% vs OpEx growth +12.3% (leverage: 2.2x)",
      "severity": "MEDIUM"
    },
    {
      "quarter": "2021-12 (Q4)",
      "signal": "FCF MARGIN EXPANSION",
      "detail": "FCF margin: +13.2% -> +31.5% (+18.2%)",
      "severity": "MEDIUM"
    },
    {
      "quarter": "2021-12 (Q4)",
      "signal": "OP MARGIN TURNED POSITIVE (QoQ)",
      "detail": "Op margin: -0.2% -> +14.6%",
      "severity": "HIGH"
    },
    {
      "quarter": "2021-06 (Q2)",
      "signal": "FCF TURNED POSITIVE",
      "detail": "FCF margin: -24.0% -> +46.8%",
      "severity": "HIGH"
    },
    {
      "quarter": "2021-06 (Q2)",
      "signal": "OPERATING LEVERAGE",
      "detail": "Rev growth +25.2% vs OpEx growth +9.6% (leverage: 2.6x)",
      "severity": "MEDIUM"
    }
  ],
  "data_quality": {
    "n_quarters": 20,
    "coverage": {
      "revenue": [
        20,
        20
      ],
      "gross_profit": [
        0,
        20
      ],
      "op_income": [
        20,
        20
      ],
      "fcf": [
        20,
        20
      ]
    },
    "gaps": [],
    "warnings": [
      "gross_profit: no data"
    ]
  },
  "market_cap": null,
  "source": "SEC EDGAR",
  "last_updated": "2026-02-24T10:45:53.793589"
}