{
  "ticker": "SABR",
  "name": "Sabre Corporation",
  "quarters": [
    {
      "date": "2020-12-31T00:00:00",
      "quarter_label": "2020-12 (Q4)",
      "revenue": 313714000,
      "gross_profit": 192772000,
      "operating_income": -219509000,
      "net_income": -305715000,
      "opex": 412281000,
      "cogs": 120942000,
      "rd": null,
      "sga": 139395000,
      "fcf": null,
      "ocf": null,
      "capex": -17161000,
      "gross_margin": 0.6144832554492309,
      "op_margin": -0.6997105643994211,
      "fcf_margin": null
    },
    {
      "date": "2021-03-31T00:00:00",
      "quarter_label": "2021-03 (Q1)",
      "revenue": 327484000,
      "gross_profit": 180723000,
      "operating_income": -202553000,
      "net_income": -260678000,
      "opex": 383276000,
      "cogs": 146761000,
      "rd": null,
      "sga": 130613000,
      "fcf": null,
      "ocf": null,
      "capex": -6435000,
      "gross_margin": 0.5518529149515702,
      "op_margin": -0.6185126601604964,
      "fcf_margin": null,
      "op_leverage_ratio": Infinity
    },
    {
      "date": "2021-06-30T00:00:00",
      "quarter_label": "2021-06 (Q2)",
      "revenue": 419668000,
      "gross_profit": 239847000,
      "operating_income": -180370000,
      "net_income": -245854000,
      "opex": 420217000,
      "cogs": 179821000,
      "rd": null,
      "sga": 159000000,
      "fcf": null,
      "ocf": null,
      "capex": -10805000,
      "gross_margin": 0.5715160555486718,
      "op_margin": -0.42979212139119494,
      "fcf_margin": null,
      "op_leverage_ratio": 2.920575517071296
    },
    {
      "date": "2021-09-30T00:00:00",
      "quarter_label": "2021-09 (Q3)",
      "revenue": 441086000,
      "gross_profit": 269657000,
      "operating_income": -156688000,
      "net_income": -235241000,
      "opex": 426345000,
      "cogs": 171429000,
      "rd": null,
      "sga": 157234000,
      "fcf": null,
      "ocf": null,
      "capex": -13169000,
      "gross_margin": 0.611347900409444,
      "op_margin": -0.3552323129729803,
      "fcf_margin": null,
      "op_leverage_ratio": 3.4996766536713553
    },
    {
      "date": "2021-12-31T00:00:00",
      "quarter_label": "2021-12 (Q4)",
      "revenue": 500637000,
      "gross_profit": 307197000,
      "operating_income": -125876000,
      "net_income": -186696000,
      "opex": 433073000,
      "cogs": 193440000,
      "rd": null,
      "sga": 163231000,
      "fcf": null,
      "ocf": null,
      "capex": -23893000,
      "gross_margin": 0.6136122579833292,
      "op_margin": -0.25143167604471905,
      "fcf_margin": null,
      "incr_op_margin_yoy": 0.5009174900895021,
      "rev_growth_yoy": 0.5958388850991667,
      "op_leverage_ratio": 8.555412943985843
    },
    {
      "date": "2022-03-31T00:00:00",
      "quarter_label": "2022-03 (Q1)",
      "revenue": 584910000,
      "gross_profit": 361876000,
      "operating_income": -79532000,
      "net_income": 47406000,
      "opex": 441408000,
      "cogs": 223034000,
      "rd": null,
      "sga": 167678000,
      "fcf": null,
      "ocf": null,
      "capex": -17403000,
      "gross_margin": 0.6186866355507685,
      "op_margin": -0.1359730556837804,
      "fcf_margin": null,
      "incr_op_margin_yoy": 0.47788879134197787,
      "rev_growth_yoy": 0.7860719913033919,
      "rev_growth_yoy_accel": 0.19023310620422518,
      "op_leverage_ratio": 8.746232447791927
    },
    {
      "date": "2022-06-30T00:00:00",
      "quarter_label": "2022-06 (Q2)",
      "revenue": 657532000,
      "gross_profit": 383287000,
      "operating_income": -70193000,
      "net_income": -187387000,
      "opex": 453480000,
      "cogs": 274245000,
      "rd": null,
      "sga": 176308000,
      "fcf": null,
      "ocf": null,
      "capex": -15980000,
      "gross_margin": 0.5829176374685947,
      "op_margin": -0.10675221890341459,
      "fcf_margin": null,
      "incr_op_margin_yoy": 0.4631932532875929,
      "rev_growth_yoy": 0.5667908918478416,
      "rev_growth_yoy_accel": -0.2192810994555503,
      "op_leverage_ratio": 4.539835660771654
    },
    {
      "date": "2022-09-30T00:00:00",
      "quarter_label": "2022-09 (Q3)",
      "revenue": 663394000,
      "gross_profit": 389064000,
      "operating_income": -56535000,
      "net_income": -135376000,
      "opex": 445599000,
      "cogs": 274330000,
      "rd": null,
      "sga": 172359000,
      "fcf": null,
      "ocf": null,
      "capex": -20090000,
      "gross_margin": 0.5864750058034893,
      "op_margin": -0.08522084914846983,
      "fcf_margin": null,
      "incr_op_margin_yoy": 0.45051460136387356,
      "rev_growth_yoy": 0.5040014872383164,
      "rev_growth_yoy_accel": -0.0627894046095252
    },
    {
      "date": "2022-12-31T00:00:00",
      "quarter_label": "2022-12 (Q4)",
      "revenue": 631179000,
      "gross_profit": 361969000,
      "operating_income": -54800000,
      "net_income": -160091000,
      "opex": 416769000,
      "cogs": 269210000,
      "rd": null,
      "sga": 144814000,
      "fcf": null,
      "ocf": null,
      "capex": -16020000,
      "gross_margin": 0.5734807400119459,
      "op_margin": -0.08682164647429652,
      "fcf_margin": null,
      "incr_op_margin_yoy": 0.5444684469366181,
      "rev_growth_yoy": 0.26075180220399213,
      "rev_growth_yoy_accel": -0.24324968503432426
    },
    {
      "date": "2023-03-31T00:00:00",
      "quarter_label": "2023-03 (Q1)",
      "revenue": 742695000,
      "gross_profit": 435653000,
      "operating_income": -213000,
      "net_income": -98934000,
      "opex": 435866000,
      "cogs": 307042000,
      "rd": null,
      "sga": 164428000,
      "fcf": null,
      "ocf": null,
      "capex": -18110000,
      "gross_margin": 0.5865839947757828,
      "op_margin": -0.000286793367398461,
      "fcf_margin": null,
      "incr_op_margin_yoy": 0.5027030452831385,
      "rev_growth_yoy": 0.2697594501718213,
      "rev_growth_yoy_accel": 0.009007647967829158,
      "op_leverage_ratio": 3.855803578122208
    },
    {
      "date": "2023-06-30T00:00:00",
      "quarter_label": "2023-06 (Q2)",
      "revenue": 737529000,
      "gross_profit": 421159000,
      "operating_income": -42183000,
      "net_income": -123931000,
      "opex": 463342000,
      "cogs": 316370000,
      "rd": null,
      "sga": 179063000,
      "fcf": null,
      "ocf": null,
      "capex": -30080000,
      "gross_margin": 0.5710405963697699,
      "op_margin": -0.05719503911032651,
      "fcf_margin": null,
      "incr_op_margin_yoy": 0.35013813017988177,
      "rev_growth_yoy": 0.1216625198469428,
      "rev_growth_yoy_accel": -0.14809693032487847
    },
    {
      "date": "2023-09-30T00:00:00",
      "quarter_label": "2023-09 (Q3)",
      "revenue": 740461000,
      "gross_profit": 446341000,
      "operating_income": 52201000,
      "net_income": -208284000,
      "opex": 394140000,
      "cogs": 294120000,
      "rd": null,
      "sga": 150736000,
      "fcf": null,
      "ocf": null,
      "capex": -20420000,
      "gross_margin": 0.6027879928855132,
      "op_margin": 0.07049797355971482,
      "fcf_margin": null,
      "incr_op_margin_yoy": 1.410928153424942,
      "rev_growth_yoy": 0.11617078237065756,
      "rev_growth_yoy_accel": -0.005491737476285244
    },
    {
      "date": "2023-12-31T00:00:00",
      "quarter_label": "2023-12 (Q4)",
      "revenue": 687053000,
      "gross_profit": 414979000,
      "operating_income": 37338000,
      "net_income": -96459000,
      "opex": 377641000,
      "cogs": 272074000,
      "rd": null,
      "sga": 140166000,
      "fcf": null,
      "ocf": null,
      "capex": -18813000,
      "gross_margin": 0.6039985270423097,
      "op_margin": 0.05434515241182267,
      "fcf_margin": null,
      "incr_op_margin_yoy": 1.6490317500089486,
      "rev_growth_yoy": 0.08852322399826357,
      "rev_growth_yoy_accel": -0.027647558372393993
    },
    {
      "date": "2024-03-31T00:00:00",
      "quarter_label": "2024-03 (Q1)",
      "revenue": 782886000,
      "gross_profit": 461792000,
      "operating_income": 98085000,
      "net_income": -71483000,
      "opex": 363707000,
      "cogs": 321094000,
      "rd": null,
      "sga": 141416000,
      "fcf": -95766000,
      "ocf": -68090000,
      "capex": -27676000,
      "gross_margin": 0.5898585490096898,
      "op_margin": 0.12528644017136595,
      "fcf_margin": -0.12232432308152144,
      "incr_op_margin_yoy": 2.4457714413674703,
      "rev_growth_yoy": 0.05411508088784764,
      "rev_growth_yoy_accel": -0.03440814311041593,
      "op_leverage_ratio": Infinity
    },
    {
      "date": "2024-06-30T00:00:00",
      "quarter_label": "2024-06 (Q2)",
      "revenue": 767241000,
      "gross_profit": 445760000,
      "operating_income": 60855000,
      "net_income": -69760000,
      "opex": 384905000,
      "cogs": 321481000,
      "rd": null,
      "sga": 165637000,
      "fcf": null,
      "ocf": null,
      "capex": -17874000,
      "gross_margin": 0.5809908490291837,
      "op_margin": 0.0793166684262181,
      "fcf_margin": null,
      "incr_op_margin_yoy": 3.467891760904685,
      "rev_growth_yoy": 0.04028587350463507,
      "rev_growth_yoy_accel": -0.013829207383212569
    },
    {
      "date": "2024-09-30T00:00:00",
      "quarter_label": "2024-09 (Q3)",
      "revenue": 764714000,
      "gross_profit": 442457000,
      "operating_income": 70127000,
      "net_income": -62818000,
      "opex": 372330000,
      "cogs": 322257000,
      "rd": null,
      "sga": 161046000,
      "fcf": null,
      "ocf": null,
      "capex": -19291000,
      "gross_margin": 0.57859147341359,
      "op_margin": 0.09170356499292547,
      "fcf_margin": null,
      "incr_op_margin_yoy": 0.7391250566940172,
      "rev_growth_yoy": 0.032753919517705864,
      "rev_growth_yoy_accel": -0.007531953986929206
    },
    {
      "date": "2024-12-31T00:00:00",
      "quarter_label": "2024-12 (Q4)",
      "revenue": 714724000,
      "gross_profit": 424817000,
      "operating_income": 57091000,
      "net_income": -74698000,
      "opex": 367726000,
      "cogs": 289907000,
      "rd": null,
      "sga": 154571000,
      "fcf": null,
      "ocf": null,
      "capex": -19307000,
      "gross_margin": 0.5943790889909951,
      "op_margin": 0.07987838662196876,
      "fcf_margin": null,
      "incr_op_margin_yoy": 0.7138520472697047,
      "rev_growth_yoy": 0.04027491328907668,
      "rev_growth_yoy_accel": 0.007520993771370818
    },
    {
      "date": "2025-03-31T00:00:00",
      "quarter_label": "2025-03 (Q1)",
      "revenue": 776617000,
      "gross_profit": 442907000,
      "operating_income": 103398000,
      "net_income": null,
      "opex": 339509000,
      "cogs": 333710000,
      "rd": null,
      "sga": 143282000,
      "fcf": -98494000,
      "ocf": -80603000,
      "capex": -17891000,
      "gross_margin": 0.5703029936249142,
      "op_margin": 0.13313898614117384,
      "fcf_margin": -0.12682441924397742,
      "incr_op_margin_yoy": -0.8475035890891689,
      "rev_growth_yoy": -0.008007551546457594,
      "rev_growth_yoy_accel": -0.04828246483553428,
      "op_leverage_ratio": Infinity
    },
    {
      "date": "2025-06-30T00:00:00",
      "quarter_label": "2025-06 (Q2)",
      "revenue": 687149000,
      "gross_profit": 390795000,
      "operating_income": 89134000,
      "net_income": null,
      "opex": 301661000,
      "cogs": 296354000,
      "rd": null,
      "sga": 129167000,
      "fcf": null,
      "ocf": null,
      "capex": -21259000,
      "gross_margin": 0.5687194480381984,
      "op_margin": 0.12971568029641314,
      "fcf_margin": null,
      "incr_op_margin_yoy": -0.353081456325226,
      "rev_growth_yoy": -0.10438962464206163,
      "rev_growth_yoy_accel": -0.09638207309560404
    },
    {
      "date": "2025-09-30T00:00:00",
      "quarter_label": "2025-09 (Q3)",
      "revenue": 715183000,
      "gross_profit": 402109000,
      "operating_income": 93625000,
      "net_income": null,
      "opex": 308484000,
      "cogs": 313074000,
      "rd": null,
      "sga": 140475000,
      "fcf": null,
      "ocf": null,
      "capex": -20269000,
      "gross_margin": 0.5622463061901639,
      "op_margin": 0.13091055016688036,
      "fcf_margin": null,
      "incr_op_margin_yoy": -0.47440996547616643,
      "rev_growth_yoy": -0.06477062012726327,
      "rev_growth_yoy_accel": 0.039619004514798356,
      "op_leverage_ratio": 1.8037566502818714
    }
  ],
  "signals": [
    {
      "quarter": "2025-09 (Q3)",
      "signal": "OPERATING LEVERAGE",
      "detail": "Rev growth +4.1% vs OpEx growth +2.3% (leverage: 1.8x)",
      "severity": "MEDIUM"
    },
    {
      "quarter": "2025-06 (Q2)",
      "signal": "YoY REVENUE GROWTH DECELERATION",
      "detail": "YoY growth: -10.4% vs prior quarter YoY: -0.8% (decel: -9.6%)",
      "severity": "WARNING"
    },
    {
      "quarter": "2024-12 (Q4)",
      "signal": "INCREMENTAL MARGIN (YoY)",
      "detail": "YoY Incr OPM: +71.4% vs year-ago OPM: +5.4%",
      "severity": "HIGH"
    },
    {
      "quarter": "2024-09 (Q3)",
      "signal": "INCREMENTAL MARGIN (YoY)",
      "detail": "YoY Incr OPM: +73.9% vs year-ago OPM: +7.0%",
      "severity": "HIGH"
    },
    {
      "quarter": "2024-06 (Q2)",
      "signal": "OP MARGIN TURNED POSITIVE (YoY)",
      "detail": "Op margin: -5.7% (year-ago) -> +7.9%",
      "severity": "HIGH"
    },
    {
      "quarter": "2024-03 (Q1)",
      "signal": "OP MARGIN TURNED POSITIVE (YoY)",
      "detail": "Op margin: -0.0% (year-ago) -> +12.5%",
      "severity": "HIGH"
    },
    {
      "quarter": "2023-12 (Q4)",
      "signal": "OP MARGIN TURNED POSITIVE (YoY)",
      "detail": "Op margin: -8.7% (year-ago) -> +5.4%",
      "severity": "HIGH"
    },
    {
      "quarter": "2023-09 (Q3)",
      "signal": "GROSS MARGIN INFLECTION",
      "detail": "GM: +58.7% -> +57.1% -> +60.3% (reversal +3.2%)",
      "severity": "MEDIUM"
    },
    {
      "quarter": "2023-09 (Q3)",
      "signal": "OP MARGIN TURNED POSITIVE (YoY)",
      "detail": "Op margin: -8.5% (year-ago) -> +7.0%",
      "severity": "HIGH"
    },
    {
      "quarter": "2023-09 (Q3)",
      "signal": "OP MARGIN TURNED POSITIVE (QoQ)",
      "detail": "Op margin: -5.7% -> +7.0%",
      "severity": "HIGH"
    },
    {
      "quarter": "2023-06 (Q2)",
      "signal": "YoY REVENUE GROWTH DECELERATION",
      "detail": "YoY growth: +12.2% vs prior quarter YoY: +27.0% (decel: -14.8%)",
      "severity": "WARNING"
    },
    {
      "quarter": "2023-03 (Q1)",
      "signal": "OPERATING LEVERAGE",
      "detail": "Rev growth +17.7% vs OpEx growth +4.6% (leverage: 3.9x)",
      "severity": "MEDIUM"
    },
    {
      "quarter": "2022-12 (Q4)",
      "signal": "YoY REVENUE GROWTH DECELERATION",
      "detail": "YoY growth: +26.1% vs prior quarter YoY: +50.4% (decel: -24.3%)",
      "severity": "WARNING"
    },
    {
      "quarter": "2022-09 (Q3)",
      "signal": "YoY REVENUE GROWTH DECELERATION",
      "detail": "YoY growth: +50.4% vs prior quarter YoY: +56.7% (decel: -6.3%)",
      "severity": "WARNING"
    },
    {
      "quarter": "2022-06 (Q2)",
      "signal": "OPERATING LEVERAGE",
      "detail": "Rev growth +12.4% vs OpEx growth +2.7% (leverage: 4.5x)",
      "severity": "MEDIUM"
    },
    {
      "quarter": "2022-06 (Q2)",
      "signal": "YoY REVENUE GROWTH DECELERATION",
      "detail": "YoY growth: +56.7% vs prior quarter YoY: +78.6% (decel: -21.9%)",
      "severity": "WARNING"
    },
    {
      "quarter": "2022-03 (Q1)",
      "signal": "OPERATING LEVERAGE",
      "detail": "Rev growth +16.8% vs OpEx growth +1.9% (leverage: 8.7x)",
      "severity": "MEDIUM"
    },
    {
      "quarter": "2022-03 (Q1)",
      "signal": "YoY REVENUE GROWTH ACCELERATION",
      "detail": "YoY growth: +78.6% vs prior quarter YoY: +59.6% (accel: +19.0%)",
      "severity": "HIGH"
    },
    {
      "quarter": "2021-12 (Q4)",
      "signal": "OPERATING LEVERAGE",
      "detail": "Rev growth +13.5% vs OpEx growth +1.6% (leverage: 8.6x)",
      "severity": "MEDIUM"
    },
    {
      "quarter": "2021-09 (Q3)",
      "signal": "OPERATING LEVERAGE",
      "detail": "Rev growth +5.1% vs OpEx growth +1.5% (leverage: 3.5x)",
      "severity": "MEDIUM"
    },
    {
      "quarter": "2021-06 (Q2)",
      "signal": "OPERATING LEVERAGE",
      "detail": "Rev growth +28.1% vs OpEx growth +9.6% (leverage: 2.9x)",
      "severity": "MEDIUM"
    }
  ],
  "data_quality": {
    "n_quarters": 20,
    "coverage": {
      "revenue": [
        20,
        20
      ],
      "gross_profit": [
        20,
        20
      ],
      "op_income": [
        20,
        20
      ],
      "fcf": [
        2,
        20
      ]
    },
    "gaps": [],
    "warnings": [
      "fcf: 2/20Q"
    ]
  },
  "market_cap": null,
  "source": "SEC EDGAR",
  "last_updated": "2026-02-02T22:25:45.785345"
}