{
  "ticker": "SAFE",
  "name": "Safehold\u00a0Inc.",
  "sector": "Real Estate",
  "industry": "REIT - Diversified",
  "quarters": [
    {
      "date": "2021-03-31T00:00:00",
      "quarter_label": "2021-03 (Q1)",
      "revenue": 113260000,
      "gross_profit": null,
      "operating_income": null,
      "net_income": 5469000,
      "opex": 119317000,
      "cogs": null,
      "rd": null,
      "sga": null,
      "fcf": -3795000,
      "ocf": -3795000,
      "capex": null,
      "gross_margin": null,
      "op_margin": null,
      "fcf_margin": -0.03350697510153629
    },
    {
      "date": "2021-06-30T00:00:00",
      "quarter_label": "2021-06 (Q2)",
      "revenue": 105588000,
      "gross_profit": null,
      "operating_income": null,
      "net_income": -13669000,
      "opex": 131246000,
      "cogs": null,
      "rd": null,
      "sga": null,
      "fcf": -41167000,
      "ocf": -41167000,
      "capex": null,
      "gross_margin": null,
      "op_margin": null,
      "fcf_margin": -0.38988332007425086,
      "fcf_margin_change": -0.3563763449727146
    },
    {
      "date": "2021-09-30T00:00:00",
      "quarter_label": "2021-09 (Q3)",
      "revenue": 195485000,
      "gross_profit": null,
      "operating_income": null,
      "net_income": 127730000,
      "opex": 179317000,
      "cogs": null,
      "rd": null,
      "sga": null,
      "fcf": 40221000,
      "ocf": 40221000,
      "capex": null,
      "gross_margin": null,
      "op_margin": null,
      "fcf_margin": 0.20574980177507227,
      "op_leverage_ratio": 2.3245214320841123,
      "fcf_margin_change": 0.5956331218493232
    },
    {
      "date": "2021-12-31T00:00:00",
      "quarter_label": "2021-12 (Q4)",
      "revenue": 50760000,
      "gross_profit": null,
      "operating_income": null,
      "net_income": 12951000,
      "opex": 42955000,
      "cogs": null,
      "rd": null,
      "sga": null,
      "fcf": 31658000,
      "ocf": 31658000,
      "capex": null,
      "gross_margin": null,
      "op_margin": null,
      "fcf_margin": 0.6236800630417652,
      "fcf_margin_change": 0.41793026126669286
    },
    {
      "date": "2022-03-31T00:00:00",
      "quarter_label": "2022-03 (Q1)",
      "revenue": 31953000,
      "gross_profit": 31246000,
      "operating_income": 22631000,
      "net_income": 616729000,
      "opex": 57934000,
      "cogs": 707000,
      "rd": null,
      "sga": null,
      "fcf": 24599000,
      "ocf": 24599000,
      "capex": null,
      "gross_margin": 0.9778737520733577,
      "op_margin": 0.7082590054142021,
      "fcf_margin": 0.7698494664037806,
      "rev_growth_yoy": -0.7178792159632703,
      "fcf_margin_change": 0.14616940336201545
    },
    {
      "date": "2022-06-30T00:00:00",
      "quarter_label": "2022-06 (Q2)",
      "revenue": 48063000,
      "gross_profit": 47364000,
      "operating_income": 20459000,
      "net_income": -132611000,
      "opex": 83387000,
      "cogs": 699000,
      "rd": null,
      "sga": null,
      "fcf": 22066000,
      "ocf": 22066000,
      "capex": null,
      "gross_margin": 0.9854565882279508,
      "op_margin": 0.4256704741693194,
      "fcf_margin": 0.4591057570272351,
      "rev_growth_yoy": -0.5448062279804523,
      "rev_growth_yoy_accel": 0.173072987982818,
      "op_leverage_ratio": 1.1475680240283965,
      "fcf_margin_change": -0.3107437093765455
    },
    {
      "date": "2022-09-30T00:00:00",
      "quarter_label": "2022-09 (Q3)",
      "revenue": 47757000,
      "gross_profit": 46891000,
      "operating_income": 73147000,
      "net_income": 18005000,
      "opex": 74780000,
      "cogs": 866000,
      "rd": null,
      "sga": null,
      "fcf": 5482000,
      "ocf": 5482000,
      "capex": null,
      "gross_margin": 0.9818665326548988,
      "op_margin": 1.5316498104989844,
      "fcf_margin": 0.11478945494901271,
      "rev_growth_yoy": -0.7556999258255109,
      "rev_growth_yoy_accel": -0.21089369784505863,
      "fcf_margin_change": -0.3443163020782224
    },
    {
      "date": "2022-12-31T00:00:00",
      "quarter_label": "2022-12 (Q4)",
      "revenue": 30278000,
      "gross_profit": 29440000,
      "operating_income": 19392000,
      "net_income": -80835000,
      "opex": 92766000,
      "cogs": 838000,
      "rd": null,
      "sga": null,
      "fcf": 12705000,
      "ocf": 12705000,
      "capex": null,
      "gross_margin": 0.9723231389127419,
      "op_margin": 0.6404650241099148,
      "fcf_margin": 0.41961159918092344,
      "rev_growth_yoy": -0.40350669818754925,
      "rev_growth_yoy_accel": 0.3521932276379617,
      "fcf_margin_change": 0.30482214423191073
    },
    {
      "date": "2023-03-31T00:00:00",
      "quarter_label": "2023-03 (Q1)",
      "revenue": 78329000,
      "gross_profit": 77123000,
      "operating_income": 2454000,
      "net_income": 4682000,
      "opex": 75875000,
      "cogs": 1206000,
      "rd": null,
      "sga": null,
      "fcf": -6813000,
      "ocf": -6813000,
      "capex": null,
      "gross_margin": 0.9846034035925392,
      "op_margin": 0.031329392689808375,
      "fcf_margin": -0.08697927970483474,
      "incr_op_margin_yoy": -0.4350741762980852,
      "rev_growth_yoy": 1.451381716896692,
      "rev_growth_yoy_accel": 1.8548884150842413,
      "op_leverage_ratio": null,
      "fcf_margin_change": -0.5065908788857582
    },
    {
      "date": "2023-06-30T00:00:00",
      "quarter_label": "2023-06 (Q2)",
      "revenue": 85661000,
      "gross_profit": 84648000,
      "operating_income": 15829000,
      "net_income": 22130000,
      "opex": 69832000,
      "cogs": 1013000,
      "rd": null,
      "sga": null,
      "fcf": -2657000,
      "ocf": -2657000,
      "capex": null,
      "gross_margin": 0.9881743150325119,
      "op_margin": 0.18478654230046346,
      "fcf_margin": -0.031017615951249692,
      "incr_op_margin_yoy": -0.1231448481302197,
      "rev_growth_yoy": 0.7822649439277615,
      "rev_growth_yoy_accel": -0.6691167729689306,
      "op_leverage_ratio": null,
      "fcf_margin_change": 0.05596166375358505
    },
    {
      "date": "2023-09-30T00:00:00",
      "quarter_label": "2023-09 (Q3)",
      "revenue": 85561000,
      "gross_profit": 84560000,
      "operating_income": -130242000,
      "net_income": -122969000,
      "opex": 215803000,
      "cogs": 1001000,
      "rd": null,
      "sga": null,
      "fcf": 1799000,
      "ocf": 1799000,
      "capex": null,
      "gross_margin": 0.9883007444980774,
      "op_margin": -1.5222122228585453,
      "fcf_margin": 0.02102593471324552,
      "incr_op_margin_yoy": -5.380092053750926,
      "rev_growth_yoy": 0.7915907615637499,
      "rev_growth_yoy_accel": 0.009325817635988387,
      "fcf_margin_change": 0.05204355066449522
    },
    {
      "date": "2023-12-31T00:00:00",
      "quarter_label": "2023-12 (Q4)",
      "revenue": 103027000,
      "gross_profit": 101593000,
      "operating_income": 34884000,
      "net_income": 41184000,
      "opex": 68590000,
      "cogs": 1434000,
      "rd": null,
      "sga": null,
      "fcf": 23062000,
      "ocf": 23062000,
      "capex": null,
      "gross_margin": 0.986081318489328,
      "op_margin": 0.3385908548244635,
      "fcf_margin": 0.22384423500635756,
      "incr_op_margin_yoy": 0.21295138077499348,
      "rev_growth_yoy": 2.402701631547658,
      "rev_growth_yoy_accel": 1.6111108699839083,
      "op_leverage_ratio": null,
      "fcf_margin_change": 0.20281830029311204
    },
    {
      "date": "2024-03-31T00:00:00",
      "quarter_label": "2024-03 (Q1)",
      "revenue": 93213000,
      "gross_profit": 92134000,
      "operating_income": 24588000,
      "net_income": 30728000,
      "opex": 68625000,
      "cogs": 1079000,
      "rd": null,
      "sga": null,
      "fcf": -3064000,
      "ocf": -3064000,
      "capex": null,
      "gross_margin": 0.9884243614088164,
      "op_margin": 0.2637829487303273,
      "fcf_margin": -0.03287095147672535,
      "incr_op_margin_yoy": 1.4871002418704649,
      "rev_growth_yoy": 0.19001902232889478,
      "rev_growth_yoy_accel": -2.2126826092187635,
      "fcf_margin_change": -0.2567151864830829
    },
    {
      "date": "2024-06-30T00:00:00",
      "quarter_label": "2024-06 (Q2)",
      "revenue": 89895000,
      "gross_profit": 88854000,
      "operating_income": 23996000,
      "net_income": 29665000,
      "opex": 65899000,
      "cogs": 1041000,
      "rd": null,
      "sga": null,
      "fcf": 24759000,
      "ocf": 24759000,
      "capex": null,
      "gross_margin": 0.9884198231269815,
      "op_margin": 0.2669336448078314,
      "fcf_margin": 0.27542132487902554,
      "incr_op_margin_yoy": 1.9289088332546056,
      "rev_growth_yoy": 0.04942739402995529,
      "rev_growth_yoy_accel": -0.1405916282989395,
      "fcf_margin_change": 0.3082922763557509
    },
    {
      "date": "2024-09-30T00:00:00",
      "quarter_label": "2024-09 (Q3)",
      "revenue": 90705000,
      "gross_profit": 89658000,
      "operating_income": 15874000,
      "net_income": 19331000,
      "opex": 74831000,
      "cogs": 1047000,
      "rd": null,
      "sga": null,
      "fcf": 8262000,
      "ocf": 8262000,
      "capex": null,
      "gross_margin": 0.9884570861584256,
      "op_margin": 0.17500689046910314,
      "fcf_margin": 0.09108648916818257,
      "incr_op_margin_yoy": 28.405132192846033,
      "rev_growth_yoy": 0.060120849452437446,
      "rev_growth_yoy_accel": 0.010693455422482158,
      "fcf_margin_change": -0.18433483571084297
    },
    {
      "date": "2024-12-31T00:00:00",
      "quarter_label": "2024-12 (Q4)",
      "revenue": 91872000,
      "gross_profit": 90815000,
      "operating_income": 22625000,
      "net_income": 26039000,
      "opex": 69247000,
      "cogs": 1057000,
      "rd": null,
      "sga": null,
      "fcf": 7898000,
      "ocf": 7898000,
      "capex": null,
      "gross_margin": 0.9884948624172762,
      "op_margin": 0.24626654475792406,
      "fcf_margin": 0.08596743295019157,
      "incr_op_margin_yoy": 1.0989690721649485,
      "rev_growth_yoy": -0.10827258873887427,
      "rev_growth_yoy_accel": -0.16839343819131172,
      "op_leverage_ratio": null,
      "fcf_margin_change": -0.005119056217990997
    },
    {
      "date": "2025-03-31T00:00:00",
      "quarter_label": "2025-03 (Q1)",
      "revenue": 97677000,
      "gross_profit": 96519000,
      "operating_income": 25301000,
      "net_income": 29364000,
      "opex": 72376000,
      "cogs": 1158000,
      "rd": null,
      "sga": null,
      "fcf": 8901000,
      "ocf": 8901000,
      "capex": null,
      "gross_margin": 0.9881445990355969,
      "op_margin": 0.2590272019001403,
      "fcf_margin": 0.09112687736109831,
      "incr_op_margin_yoy": 0.1597222222222222,
      "rev_growth_yoy": 0.047890315728492804,
      "rev_growth_yoy_accel": 0.15616290446736708,
      "op_leverage_ratio": 1.3983453843656921,
      "fcf_margin_change": 0.005159444410906738
    },
    {
      "date": "2025-06-30T00:00:00",
      "quarter_label": "2025-06 (Q2)",
      "revenue": 93842000,
      "gross_profit": 92961000,
      "operating_income": 23919000,
      "net_income": 27947000,
      "opex": 69923000,
      "cogs": 881000,
      "rd": null,
      "sga": null,
      "fcf": 28001000,
      "ocf": 28001000,
      "capex": null,
      "gross_margin": 0.9906118795422092,
      "op_margin": 0.25488587199761303,
      "fcf_margin": 0.2983845186590226,
      "incr_op_margin_yoy": -0.01950848745882949,
      "rev_growth_yoy": 0.043906780132376665,
      "rev_growth_yoy_accel": -0.003983535596116139,
      "fcf_margin_change": 0.2072576412979243
    },
    {
      "date": "2025-09-30T00:00:00",
      "quarter_label": "2025-09 (Q3)",
      "revenue": 96162000,
      "gross_profit": 94765000,
      "operating_income": 24879000,
      "net_income": 29282000,
      "opex": 71283000,
      "cogs": 1397000,
      "rd": null,
      "sga": null,
      "fcf": -1407000,
      "ocf": -1407000,
      "capex": null,
      "gross_margin": 0.9854724319377717,
      "op_margin": 0.25871966057278345,
      "fcf_margin": -0.014631559243776128,
      "incr_op_margin_yoy": 1.6501740883269196,
      "rev_growth_yoy": 0.06016206383330577,
      "rev_growth_yoy_accel": 0.01625528370092911,
      "op_leverage_ratio": 1.2710770418864248,
      "fcf_margin_change": -0.31301607790279873
    },
    {
      "date": "2025-12-31T00:00:00",
      "quarter_label": "2025-12 (Q4)",
      "revenue": 97871000,
      "gross_profit": 96546000,
      "operating_income": 26799000,
      "net_income": 27876000,
      "opex": 71072000,
      "cogs": 1325000,
      "rd": null,
      "sga": null,
      "fcf": 12319000,
      "ocf": 12319000,
      "capex": null,
      "gross_margin": 0.9864617711068652,
      "op_margin": 0.2738196197034872,
      "fcf_margin": 0.12586976734681365,
      "incr_op_margin_yoy": 0.6957826304384064,
      "rev_growth_yoy": 0.06529737025426681,
      "rev_growth_yoy_accel": 0.005135306420961036,
      "op_leverage_ratio": null,
      "fcf_margin_change": 0.14050132659058978
    }
  ],
  "signals": [
    {
      "quarter": "2025-12 (Q4)",
      "signal": "FCF TURNED POSITIVE",
      "detail": "FCF margin: -1.5% -> +12.6%",
      "severity": "HIGH"
    },
    {
      "quarter": "2025-12 (Q4)",
      "signal": "INCREMENTAL MARGIN (YoY)",
      "detail": "YoY Incr OPM: +69.6% vs year-ago OPM: +24.6%",
      "severity": "HIGH"
    },
    {
      "quarter": "2025-09 (Q3)",
      "signal": "INCREMENTAL MARGIN (YoY)",
      "detail": "YoY Incr OPM: +165.0% vs year-ago OPM: +17.5%",
      "severity": "HIGH"
    },
    {
      "quarter": "2025-06 (Q2)",
      "signal": "FCF MARGIN EXPANSION",
      "detail": "FCF margin: +9.1% -> +29.8% (+20.7%)",
      "severity": "MEDIUM"
    },
    {
      "quarter": "2025-03 (Q1)",
      "signal": "YoY REVENUE GROWTH ACCELERATION",
      "detail": "YoY growth: +4.8% vs prior quarter YoY: -10.8% (accel: +15.6%)",
      "severity": "HIGH"
    },
    {
      "quarter": "2024-12 (Q4)",
      "signal": "YoY REVENUE GROWTH DECELERATION",
      "detail": "YoY growth: -10.8% vs prior quarter YoY: +6.0% (decel: -16.8%)",
      "severity": "WARNING"
    },
    {
      "quarter": "2024-12 (Q4)",
      "signal": "INCREMENTAL MARGIN (YoY)",
      "detail": "YoY Incr OPM: +109.9% vs year-ago OPM: +33.9%",
      "severity": "HIGH"
    },
    {
      "quarter": "2024-09 (Q3)",
      "signal": "OP MARGIN TURNED POSITIVE (YoY)",
      "detail": "Op margin: -152.2% (year-ago) -> +17.5%",
      "severity": "HIGH"
    },
    {
      "quarter": "2024-06 (Q2)",
      "signal": "FCF TURNED POSITIVE",
      "detail": "FCF margin: -3.3% -> +27.5%",
      "severity": "HIGH"
    },
    {
      "quarter": "2024-06 (Q2)",
      "signal": "YoY REVENUE GROWTH DECELERATION",
      "detail": "YoY growth: +4.9% vs prior quarter YoY: +19.0% (decel: -14.1%)",
      "severity": "WARNING"
    },
    {
      "quarter": "2024-06 (Q2)",
      "signal": "INCREMENTAL MARGIN (YoY)",
      "detail": "YoY Incr OPM: +192.9% vs year-ago OPM: +18.5%",
      "severity": "HIGH"
    },
    {
      "quarter": "2024-03 (Q1)",
      "signal": "YoY REVENUE GROWTH DECELERATION",
      "detail": "YoY growth: +19.0% vs prior quarter YoY: +240.3% (decel: -221.3%)",
      "severity": "WARNING"
    },
    {
      "quarter": "2024-03 (Q1)",
      "signal": "INCREMENTAL MARGIN (YoY)",
      "detail": "YoY Incr OPM: +148.7% vs year-ago OPM: +3.1%",
      "severity": "HIGH"
    },
    {
      "quarter": "2023-12 (Q4)",
      "signal": "FCF MARGIN EXPANSION",
      "detail": "FCF margin: +2.1% -> +22.4% (+20.3%)",
      "severity": "MEDIUM"
    },
    {
      "quarter": "2023-12 (Q4)",
      "signal": "YoY REVENUE GROWTH ACCELERATION",
      "detail": "YoY growth: +240.3% vs prior quarter YoY: +79.2% (accel: +161.1%)",
      "severity": "HIGH"
    },
    {
      "quarter": "2023-12 (Q4)",
      "signal": "OP MARGIN TURNED POSITIVE (QoQ)",
      "detail": "Op margin: -152.2% -> +33.9%",
      "severity": "HIGH"
    },
    {
      "quarter": "2023-09 (Q3)",
      "signal": "FCF TURNED POSITIVE",
      "detail": "FCF margin: -3.1% -> +2.1%",
      "severity": "HIGH"
    },
    {
      "quarter": "2023-06 (Q2)",
      "signal": "FCF MARGIN EXPANSION",
      "detail": "FCF margin: -8.7% -> -3.1% (+5.6%)",
      "severity": "MEDIUM"
    },
    {
      "quarter": "2023-06 (Q2)",
      "signal": "YoY REVENUE GROWTH DECELERATION",
      "detail": "YoY growth: +78.2% vs prior quarter YoY: +145.1% (decel: -66.9%)",
      "severity": "WARNING"
    },
    {
      "quarter": "2023-03 (Q1)",
      "signal": "YoY REVENUE GROWTH ACCELERATION",
      "detail": "YoY growth: +145.1% vs prior quarter YoY: -40.4% (accel: +185.5%)",
      "severity": "HIGH"
    },
    {
      "quarter": "2022-12 (Q4)",
      "signal": "FCF MARGIN EXPANSION",
      "detail": "FCF margin: +11.5% -> +42.0% (+30.5%)",
      "severity": "MEDIUM"
    },
    {
      "quarter": "2022-12 (Q4)",
      "signal": "YoY REVENUE GROWTH ACCELERATION",
      "detail": "YoY growth: -40.4% vs prior quarter YoY: -75.6% (accel: +35.2%)",
      "severity": "HIGH"
    },
    {
      "quarter": "2022-09 (Q3)",
      "signal": "YoY REVENUE GROWTH DECELERATION",
      "detail": "YoY growth: -75.6% vs prior quarter YoY: -54.5% (decel: -21.1%)",
      "severity": "WARNING"
    },
    {
      "quarter": "2022-06 (Q2)",
      "signal": "YoY REVENUE GROWTH ACCELERATION",
      "detail": "YoY growth: -54.5% vs prior quarter YoY: -71.8% (accel: +17.3%)",
      "severity": "HIGH"
    },
    {
      "quarter": "2022-03 (Q1)",
      "signal": "FCF MARGIN EXPANSION",
      "detail": "FCF margin: +62.4% -> +77.0% (+14.6%)",
      "severity": "MEDIUM"
    },
    {
      "quarter": "2021-12 (Q4)",
      "signal": "FCF MARGIN EXPANSION",
      "detail": "FCF margin: +20.6% -> +62.4% (+41.8%)",
      "severity": "MEDIUM"
    },
    {
      "quarter": "2021-09 (Q3)",
      "signal": "FCF TURNED POSITIVE",
      "detail": "FCF margin: -39.0% -> +20.6%",
      "severity": "HIGH"
    },
    {
      "quarter": "2021-09 (Q3)",
      "signal": "OPERATING LEVERAGE",
      "detail": "Rev growth +85.1% vs OpEx growth +36.6% (leverage: 2.3x)",
      "severity": "MEDIUM"
    }
  ],
  "data_quality": {
    "n_quarters": 20,
    "coverage": {
      "revenue": [
        20,
        20
      ],
      "gross_profit": [
        16,
        20
      ],
      "op_income": [
        16,
        20
      ],
      "fcf": [
        20,
        20
      ]
    },
    "gaps": [],
    "warnings": []
  },
  "market_cap": null,
  "source": "SEC EDGAR",
  "last_updated": "2026-02-13T11:38:48.428774"
}