{
  "ticker": "SAFT",
  "name": "SAFETY INSURANCE GROUP,\u00a0INC.",
  "quarters": [
    {
      "date": "2020-12-31T00:00:00",
      "quarter_label": "2020-12 (Q4)",
      "revenue": 235034000,
      "gross_profit": null,
      "operating_income": null,
      "net_income": 52965000,
      "opex": 71290000,
      "cogs": null,
      "rd": null,
      "sga": null,
      "fcf": 31527000,
      "ocf": 33348000,
      "capex": -1821000,
      "gross_margin": null,
      "op_margin": null,
      "fcf_margin": 0.13413803960278087
    },
    {
      "date": "2021-03-31T00:00:00",
      "quarter_label": "2021-03 (Q1)",
      "revenue": 221908000,
      "gross_profit": null,
      "operating_income": null,
      "net_income": 36174000,
      "opex": 65024000,
      "cogs": null,
      "rd": null,
      "sga": null,
      "fcf": 9650000,
      "ocf": 12523000,
      "capex": -2873000,
      "gross_margin": null,
      "op_margin": null,
      "fcf_margin": 0.043486489896713956,
      "fcf_margin_change": -0.09065154970606691
    },
    {
      "date": "2021-06-30T00:00:00",
      "quarter_label": "2021-06 (Q2)",
      "revenue": 222875000,
      "gross_profit": null,
      "operating_income": null,
      "net_income": 37667000,
      "opex": 65089000,
      "cogs": null,
      "rd": null,
      "sga": null,
      "fcf": 47515000,
      "ocf": 50067000,
      "capex": -2552000,
      "gross_margin": null,
      "op_margin": null,
      "fcf_margin": 0.21319125070106562,
      "fcf_margin_change": 0.16970476080435165
    },
    {
      "date": "2021-09-30T00:00:00",
      "quarter_label": "2021-09 (Q3)",
      "revenue": 213708000,
      "gross_profit": null,
      "operating_income": null,
      "net_income": 24820000,
      "opex": 63291000,
      "cogs": null,
      "rd": null,
      "sga": null,
      "fcf": 46564000,
      "ocf": 47994000,
      "capex": -1430000,
      "gross_margin": null,
      "op_margin": null,
      "fcf_margin": 0.217886087558725,
      "fcf_margin_change": 0.004694836857659368
    },
    {
      "date": "2021-12-31T00:00:00",
      "quarter_label": "2021-12 (Q4)",
      "revenue": 226420000,
      "gross_profit": null,
      "operating_income": null,
      "net_income": 32049000,
      "opex": 64988000,
      "cogs": null,
      "rd": null,
      "sga": null,
      "fcf": 29440000,
      "ocf": 30810000,
      "capex": -1370000,
      "gross_margin": null,
      "op_margin": null,
      "fcf_margin": 0.1300238494832612,
      "rev_growth_yoy": -0.036650016593343944,
      "op_leverage_ratio": 2.2184682597269862,
      "fcf_margin_change": -0.08786223807546378
    },
    {
      "date": "2022-03-31T00:00:00",
      "quarter_label": "2022-03 (Q1)",
      "revenue": 195003000,
      "gross_profit": null,
      "operating_income": null,
      "net_income": 7838000,
      "opex": 61594000,
      "cogs": null,
      "rd": null,
      "sga": null,
      "fcf": -15967000,
      "ocf": -15276000,
      "capex": -691000,
      "gross_margin": null,
      "op_margin": null,
      "fcf_margin": -0.08188079157756548,
      "rev_growth_yoy": -0.12124393892964652,
      "rev_growth_yoy_accel": -0.08459392233630258,
      "fcf_margin_change": -0.21190464106082668
    },
    {
      "date": "2022-06-30T00:00:00",
      "quarter_label": "2022-06 (Q2)",
      "revenue": 183605000,
      "gross_profit": null,
      "operating_income": null,
      "net_income": 7901000,
      "opex": 60872000,
      "cogs": null,
      "rd": null,
      "sga": null,
      "fcf": 15001000,
      "ocf": 15001000,
      "capex": null,
      "gross_margin": null,
      "op_margin": null,
      "fcf_margin": 0.08170256801285368,
      "rev_growth_yoy": -0.17619742007851935,
      "rev_growth_yoy_accel": -0.05495348114887283,
      "fcf_margin_change": 0.16358335959041914
    },
    {
      "date": "2022-09-30T00:00:00",
      "quarter_label": "2022-09 (Q3)",
      "revenue": 192348000,
      "gross_profit": null,
      "operating_income": null,
      "net_income": 6192000,
      "opex": 60373000,
      "cogs": null,
      "rd": null,
      "sga": null,
      "fcf": 22810000,
      "ocf": 23641000,
      "capex": -831000,
      "gross_margin": null,
      "op_margin": null,
      "fcf_margin": 0.11858714413458939,
      "rev_growth_yoy": -0.09994946375428154,
      "rev_growth_yoy_accel": 0.07624795632423781,
      "op_leverage_ratio": Infinity,
      "fcf_margin_change": 0.03688457612173571
    },
    {
      "date": "2022-12-31T00:00:00",
      "quarter_label": "2022-12 (Q4)",
      "revenue": 226603000,
      "gross_profit": null,
      "operating_income": null,
      "net_income": 24630000,
      "opex": null,
      "cogs": null,
      "rd": null,
      "sga": null,
      "fcf": 20390000,
      "ocf": 20960000,
      "capex": -570000,
      "gross_margin": null,
      "op_margin": null,
      "fcf_margin": 0.08998115647189137,
      "rev_growth_yoy": 0.0008082324882960869,
      "rev_growth_yoy_accel": 0.10075769624257763,
      "fcf_margin_change": -0.02860598766269802
    },
    {
      "date": "2023-03-31T00:00:00",
      "quarter_label": "2023-03 (Q1)",
      "revenue": 213759000,
      "gross_profit": null,
      "operating_income": null,
      "net_income": -12337000,
      "opex": null,
      "cogs": null,
      "rd": null,
      "sga": null,
      "fcf": -13427000,
      "ocf": -12892000,
      "capex": -535000,
      "gross_margin": null,
      "op_margin": null,
      "fcf_margin": -0.06281372948039615,
      "rev_growth_yoy": 0.09618313564406701,
      "rev_growth_yoy_accel": 0.09537490315577092,
      "fcf_margin_change": -0.15279488595228752
    },
    {
      "date": "2023-06-30T00:00:00",
      "quarter_label": "2023-06 (Q2)",
      "revenue": 229443000,
      "gross_profit": null,
      "operating_income": null,
      "net_income": 17001000,
      "opex": null,
      "cogs": null,
      "rd": null,
      "sga": null,
      "fcf": -563000,
      "ocf": -546000,
      "capex": -17000,
      "gross_margin": null,
      "op_margin": null,
      "fcf_margin": -0.002453768474087246,
      "rev_growth_yoy": 0.24965551047084775,
      "rev_growth_yoy_accel": 0.15347237482678072,
      "fcf_margin_change": 0.06035996100630891
    },
    {
      "date": "2023-09-30T00:00:00",
      "quarter_label": "2023-09 (Q3)",
      "revenue": 229358000,
      "gross_profit": null,
      "operating_income": null,
      "net_income": 1949000,
      "opex": null,
      "cogs": null,
      "rd": null,
      "sga": null,
      "fcf": 29651000,
      "ocf": 30501000,
      "capex": -850000,
      "gross_margin": null,
      "op_margin": null,
      "fcf_margin": 0.1292782462351433,
      "rev_growth_yoy": 0.1924116705138603,
      "rev_growth_yoy_accel": -0.05724383995698745,
      "fcf_margin_change": 0.13173201470923054
    },
    {
      "date": "2023-12-31T00:00:00",
      "quarter_label": "2023-12 (Q4)",
      "revenue": 258396000,
      "gross_profit": null,
      "operating_income": null,
      "net_income": 12262000,
      "opex": null,
      "cogs": null,
      "rd": null,
      "sga": null,
      "fcf": 34670000,
      "ocf": 35051000,
      "capex": -381000,
      "gross_margin": null,
      "op_margin": null,
      "fcf_margin": 0.1341739036207991,
      "rev_growth_yoy": 0.14030264383084073,
      "rev_growth_yoy_accel": -0.05210902668301956,
      "fcf_margin_change": 0.004895657385655783
    },
    {
      "date": "2024-03-31T00:00:00",
      "quarter_label": "2024-03 (Q1)",
      "revenue": 268233000,
      "gross_profit": null,
      "operating_income": null,
      "net_income": 20078000,
      "opex": null,
      "cogs": null,
      "rd": null,
      "sga": null,
      "fcf": -24202000,
      "ocf": -21135000,
      "capex": -3067000,
      "gross_margin": null,
      "op_margin": null,
      "fcf_margin": -0.09022752606875366,
      "rev_growth_yoy": 0.25483839276942727,
      "rev_growth_yoy_accel": 0.11453574893858653,
      "fcf_margin_change": -0.22440142968955273
    },
    {
      "date": "2024-06-30T00:00:00",
      "quarter_label": "2024-06 (Q2)",
      "revenue": 269783000,
      "gross_profit": null,
      "operating_income": null,
      "net_income": 16636000,
      "opex": null,
      "cogs": null,
      "rd": null,
      "sga": null,
      "fcf": 25048000,
      "ocf": 25589000,
      "capex": -541000,
      "gross_margin": null,
      "op_margin": null,
      "fcf_margin": 0.09284499023289088,
      "rev_growth_yoy": 0.17581708746834726,
      "rev_growth_yoy_accel": -0.07902130530108001,
      "fcf_margin_change": 0.18307251630164453
    },
    {
      "date": "2024-09-30T00:00:00",
      "quarter_label": "2024-09 (Q3)",
      "revenue": 295282000,
      "gross_profit": null,
      "operating_income": null,
      "net_income": 25889000,
      "opex": null,
      "cogs": null,
      "rd": null,
      "sga": null,
      "fcf": 73212000,
      "ocf": 73815000,
      "capex": -603000,
      "gross_margin": null,
      "op_margin": null,
      "fcf_margin": 0.24793925806517159,
      "rev_growth_yoy": 0.2874283870630194,
      "rev_growth_yoy_accel": 0.11161129959467211,
      "fcf_margin_change": 0.1550942678322807
    },
    {
      "date": "2024-12-31T00:00:00",
      "quarter_label": "2024-12 (Q4)",
      "revenue": 286719000,
      "gross_profit": null,
      "operating_income": null,
      "net_income": 8131000,
      "opex": null,
      "cogs": null,
      "rd": null,
      "sga": null,
      "fcf": 50264000,
      "ocf": 50419000,
      "capex": -155000,
      "gross_margin": null,
      "op_margin": null,
      "fcf_margin": 0.1753075310670029,
      "rev_growth_yoy": 0.10961082988900757,
      "rev_growth_yoy_accel": -0.17781755717401182,
      "fcf_margin_change": -0.0726317269981687
    },
    {
      "date": "2025-03-31T00:00:00",
      "quarter_label": "2025-03 (Q1)",
      "revenue": 301429000,
      "gross_profit": null,
      "operating_income": null,
      "net_income": 21896000,
      "opex": null,
      "cogs": null,
      "rd": null,
      "sga": null,
      "fcf": 2841000,
      "ocf": 3173000,
      "capex": -332000,
      "gross_margin": null,
      "op_margin": null,
      "fcf_margin": 0.009425105082788982,
      "rev_growth_yoy": 0.12375807600108861,
      "rev_growth_yoy_accel": 0.014147246112081041,
      "fcf_margin_change": -0.1658824259842139
    },
    {
      "date": "2025-06-30T00:00:00",
      "quarter_label": "2025-06 (Q2)",
      "revenue": 316344000,
      "gross_profit": null,
      "operating_income": null,
      "net_income": 28937000,
      "opex": null,
      "cogs": null,
      "rd": null,
      "sga": null,
      "fcf": 32255000,
      "ocf": 32323000,
      "capex": -68000,
      "gross_margin": null,
      "op_margin": null,
      "fcf_margin": 0.10196178843284526,
      "rev_growth_yoy": 0.1725868568442044,
      "rev_growth_yoy_accel": 0.0488287808431158,
      "fcf_margin_change": 0.09253668335005627
    },
    {
      "date": "2025-09-30T00:00:00",
      "quarter_label": "2025-09 (Q3)",
      "revenue": 326624000,
      "gross_profit": null,
      "operating_income": null,
      "net_income": 28310000,
      "opex": null,
      "cogs": null,
      "rd": null,
      "sga": null,
      "fcf": 85452000,
      "ocf": 85452000,
      "capex": null,
      "gross_margin": null,
      "op_margin": null,
      "fcf_margin": 0.26162192612912705,
      "rev_growth_yoy": 0.1061426026645715,
      "rev_growth_yoy_accel": -0.06644425417963291,
      "fcf_margin_change": 0.1596601376962818
    }
  ],
  "signals": [
    {
      "quarter": "2025-09 (Q3)",
      "signal": "FCF MARGIN EXPANSION",
      "detail": "FCF margin: +10.2% -> +26.2% (+16.0%)",
      "severity": "MEDIUM"
    },
    {
      "quarter": "2025-09 (Q3)",
      "signal": "YoY REVENUE GROWTH DECELERATION",
      "detail": "YoY growth: +10.6% vs prior quarter YoY: +17.3% (decel: -6.6%)",
      "severity": "WARNING"
    },
    {
      "quarter": "2025-06 (Q2)",
      "signal": "FCF MARGIN EXPANSION",
      "detail": "FCF margin: +0.9% -> +10.2% (+9.3%)",
      "severity": "MEDIUM"
    },
    {
      "quarter": "2024-12 (Q4)",
      "signal": "YoY REVENUE GROWTH DECELERATION",
      "detail": "YoY growth: +11.0% vs prior quarter YoY: +28.7% (decel: -17.8%)",
      "severity": "WARNING"
    },
    {
      "quarter": "2024-09 (Q3)",
      "signal": "FCF MARGIN EXPANSION",
      "detail": "FCF margin: +9.3% -> +24.8% (+15.5%)",
      "severity": "MEDIUM"
    },
    {
      "quarter": "2024-09 (Q3)",
      "signal": "YoY REVENUE GROWTH ACCELERATION",
      "detail": "YoY growth: +28.7% vs prior quarter YoY: +17.6% (accel: +11.2%)",
      "severity": "MEDIUM"
    },
    {
      "quarter": "2024-06 (Q2)",
      "signal": "FCF TURNED POSITIVE",
      "detail": "FCF margin: -9.0% -> +9.3%",
      "severity": "HIGH"
    },
    {
      "quarter": "2024-06 (Q2)",
      "signal": "YoY REVENUE GROWTH DECELERATION",
      "detail": "YoY growth: +17.6% vs prior quarter YoY: +25.5% (decel: -7.9%)",
      "severity": "WARNING"
    },
    {
      "quarter": "2024-03 (Q1)",
      "signal": "YoY REVENUE GROWTH ACCELERATION",
      "detail": "YoY growth: +25.5% vs prior quarter YoY: +14.0% (accel: +11.5%)",
      "severity": "MEDIUM"
    },
    {
      "quarter": "2023-12 (Q4)",
      "signal": "YoY REVENUE GROWTH DECELERATION",
      "detail": "YoY growth: +14.0% vs prior quarter YoY: +19.2% (decel: -5.2%)",
      "severity": "WARNING"
    },
    {
      "quarter": "2023-09 (Q3)",
      "signal": "FCF TURNED POSITIVE",
      "detail": "FCF margin: -0.2% -> +12.9%",
      "severity": "HIGH"
    },
    {
      "quarter": "2023-09 (Q3)",
      "signal": "YoY REVENUE GROWTH DECELERATION",
      "detail": "YoY growth: +19.2% vs prior quarter YoY: +25.0% (decel: -5.7%)",
      "severity": "WARNING"
    },
    {
      "quarter": "2023-06 (Q2)",
      "signal": "FCF MARGIN EXPANSION",
      "detail": "FCF margin: -6.3% -> -0.2% (+6.0%)",
      "severity": "MEDIUM"
    },
    {
      "quarter": "2023-06 (Q2)",
      "signal": "YoY REVENUE GROWTH ACCELERATION",
      "detail": "YoY growth: +25.0% vs prior quarter YoY: +9.6% (accel: +15.3%)",
      "severity": "HIGH"
    },
    {
      "quarter": "2023-03 (Q1)",
      "signal": "YoY REVENUE GROWTH ACCELERATION",
      "detail": "YoY growth: +9.6% vs prior quarter YoY: +0.1% (accel: +9.5%)",
      "severity": "MEDIUM"
    },
    {
      "quarter": "2022-12 (Q4)",
      "signal": "YoY REVENUE GROWTH ACCELERATION",
      "detail": "YoY growth: +0.1% vs prior quarter YoY: -10.0% (accel: +10.1%)",
      "severity": "MEDIUM"
    },
    {
      "quarter": "2022-09 (Q3)",
      "signal": "YoY REVENUE GROWTH ACCELERATION",
      "detail": "YoY growth: -10.0% vs prior quarter YoY: -17.6% (accel: +7.6%)",
      "severity": "MEDIUM"
    },
    {
      "quarter": "2022-06 (Q2)",
      "signal": "FCF TURNED POSITIVE",
      "detail": "FCF margin: -8.2% -> +8.2%",
      "severity": "HIGH"
    },
    {
      "quarter": "2022-06 (Q2)",
      "signal": "YoY REVENUE GROWTH DECELERATION",
      "detail": "YoY growth: -17.6% vs prior quarter YoY: -12.1% (decel: -5.5%)",
      "severity": "WARNING"
    },
    {
      "quarter": "2022-03 (Q1)",
      "signal": "YoY REVENUE GROWTH DECELERATION",
      "detail": "YoY growth: -12.1% vs prior quarter YoY: -3.7% (decel: -8.5%)",
      "severity": "WARNING"
    },
    {
      "quarter": "2021-12 (Q4)",
      "signal": "OPERATING LEVERAGE",
      "detail": "Rev growth +5.9% vs OpEx growth +2.7% (leverage: 2.2x)",
      "severity": "MEDIUM"
    },
    {
      "quarter": "2021-06 (Q2)",
      "signal": "FCF MARGIN EXPANSION",
      "detail": "FCF margin: +4.3% -> +21.3% (+17.0%)",
      "severity": "MEDIUM"
    }
  ],
  "data_quality": {
    "n_quarters": 20,
    "coverage": {
      "revenue": [
        20,
        20
      ],
      "gross_profit": [
        0,
        20
      ],
      "op_income": [
        0,
        20
      ],
      "fcf": [
        20,
        20
      ]
    },
    "gaps": [],
    "warnings": [
      "gross_profit: no data",
      "op_income: no data"
    ]
  },
  "market_cap": null,
  "source": "SEC EDGAR",
  "last_updated": "2026-02-02T21:57:24.680746"
}