{
  "ticker": "SAIA",
  "name": "Saia, Inc.",
  "quarters": [
    {
      "date": "2020-12-31T00:00:00",
      "quarter_label": "2020-12 (Q4)",
      "revenue": 476482000,
      "gross_profit": null,
      "operating_income": 50648000,
      "net_income": 40236000,
      "opex": 425834000,
      "cogs": null,
      "rd": null,
      "sga": null,
      "fcf": 44349000,
      "ocf": 70184000,
      "capex": -25835000,
      "gross_margin": null,
      "op_margin": 0.10629572575669176,
      "fcf_margin": 0.09307591892243569
    },
    {
      "date": "2021-03-31T00:00:00",
      "quarter_label": "2021-03 (Q1)",
      "revenue": 484074000,
      "gross_profit": null,
      "operating_income": 48714000,
      "net_income": 37291000,
      "opex": 435360000,
      "cogs": null,
      "rd": null,
      "sga": null,
      "fcf": 35403000,
      "ocf": 60971000,
      "capex": -25568000,
      "gross_margin": null,
      "op_margin": 0.1006333742361705,
      "fcf_margin": 0.07313551233902255,
      "op_leverage_ratio": 0.712261479115599,
      "fcf_margin_change": -0.019940406583413145
    },
    {
      "date": "2021-06-30T00:00:00",
      "quarter_label": "2021-06 (Q2)",
      "revenue": 571333000,
      "gross_profit": null,
      "operating_income": 82925000,
      "net_income": 62474000,
      "opex": 488408000,
      "cogs": null,
      "rd": null,
      "sga": null,
      "fcf": 4535000,
      "ocf": 79169000,
      "capex": -74634000,
      "gross_margin": null,
      "op_margin": 0.14514302517095984,
      "fcf_margin": 0.007937577559846884,
      "op_leverage_ratio": 1.4793740083985447,
      "fcf_margin_change": -0.06519793477917567
    },
    {
      "date": "2021-09-30T00:00:00",
      "quarter_label": "2021-09 (Q3)",
      "revenue": 616216000,
      "gross_profit": null,
      "operating_income": 106117000,
      "net_income": 79709000,
      "opex": 510099000,
      "cogs": null,
      "rd": null,
      "sga": null,
      "fcf": 72864000,
      "ocf": 127546000,
      "capex": -54682000,
      "gross_margin": null,
      "op_margin": 0.1722074727043764,
      "fcf_margin": 0.11824425201552702,
      "op_leverage_ratio": 1.7688693744526212,
      "fcf_margin_change": 0.11030667445568014
    },
    {
      "date": "2021-12-31T00:00:00",
      "quarter_label": "2021-12 (Q4)",
      "revenue": 617081000,
      "gross_profit": null,
      "operating_income": 97385000,
      "net_income": 73761000,
      "opex": 519696000,
      "cogs": null,
      "rd": null,
      "sga": null,
      "fcf": -15956000,
      "ocf": 114906000,
      "capex": -130862000,
      "gross_margin": null,
      "op_margin": 0.15781558660856515,
      "fcf_margin": -0.025857221337231256,
      "incr_op_margin_yoy": 0.33241345955518886,
      "rev_growth_yoy": 0.29507725370528165,
      "fcf_margin_change": -0.14410147335275827
    },
    {
      "date": "2022-03-31T00:00:00",
      "quarter_label": "2022-03 (Q1)",
      "revenue": 661216000,
      "gross_profit": null,
      "operating_income": 103449000,
      "net_income": 79424000,
      "opex": 557767000,
      "cogs": null,
      "rd": null,
      "sga": null,
      "fcf": 49702000,
      "ocf": 95961000,
      "capex": -46259000,
      "gross_margin": null,
      "op_margin": 0.15645265692300248,
      "fcf_margin": 0.07516757005275129,
      "incr_op_margin_yoy": 0.3089893983357984,
      "rev_growth_yoy": 0.36593991827695765,
      "rev_growth_yoy_accel": 0.070862664571676,
      "op_leverage_ratio": 0.9763286776031882,
      "fcf_margin_change": 0.10102479138998255
    },
    {
      "date": "2022-06-30T00:00:00",
      "quarter_label": "2022-06 (Q2)",
      "revenue": 745554000,
      "gross_profit": null,
      "operating_income": 145993000,
      "net_income": 109245000,
      "opex": null,
      "cogs": null,
      "rd": null,
      "sga": null,
      "fcf": 1852000,
      "ocf": 111944000,
      "capex": -110092000,
      "gross_margin": null,
      "op_margin": 0.1958181432867371,
      "fcf_margin": 0.0024840588341018895,
      "incr_op_margin_yoy": 0.3619999885203276,
      "rev_growth_yoy": 0.3049377508388278,
      "rev_growth_yoy_accel": -0.06100216743812986,
      "fcf_margin_change": -0.0726835112186494
    },
    {
      "date": "2022-09-30T00:00:00",
      "quarter_label": "2022-09 (Q3)",
      "revenue": 729561000,
      "gross_profit": null,
      "operating_income": 128355000,
      "net_income": 97891000,
      "opex": null,
      "cogs": null,
      "rd": null,
      "sga": null,
      "fcf": 13463000,
      "ocf": 136169000,
      "capex": -122706000,
      "gross_margin": null,
      "op_margin": 0.17593456887086892,
      "fcf_margin": 0.018453563170180425,
      "incr_op_margin_yoy": 0.19619745026247298,
      "rev_growth_yoy": 0.18393712594285122,
      "rev_growth_yoy_accel": -0.12100062489597657,
      "fcf_margin_change": 0.015969504336078535
    },
    {
      "date": "2022-12-31T00:00:00",
      "quarter_label": "2022-12 (Q4)",
      "revenue": 655726000,
      "gross_profit": null,
      "operating_income": 92691000,
      "net_income": 70862000,
      "opex": null,
      "cogs": null,
      "rd": null,
      "sga": null,
      "fcf": 40580000,
      "ocf": 128952000,
      "capex": -88372000,
      "gross_margin": null,
      "op_margin": 0.14135629820992304,
      "fcf_margin": 0.061885604658043145,
      "incr_op_margin_yoy": -0.12146461379221116,
      "rev_growth_yoy": 0.06262549000860503,
      "rev_growth_yoy_accel": -0.1213116359342462,
      "fcf_margin_change": 0.04343204148786272
    },
    {
      "date": "2023-03-31T00:00:00",
      "quarter_label": "2023-03 (Q1)",
      "revenue": 660535000,
      "gross_profit": null,
      "operating_income": 99143000,
      "net_income": 76097000,
      "opex": null,
      "cogs": null,
      "rd": null,
      "sga": null,
      "fcf": -9145000,
      "ocf": 119270000,
      "capex": -128415000,
      "gross_margin": null,
      "op_margin": 0.15009499875101243,
      "fcf_margin": -0.01384483789655355,
      "rev_growth_yoy": -0.0010299206310797077,
      "rev_growth_yoy_accel": -0.06365541063968473,
      "fcf_margin_change": -0.0757304425545967
    },
    {
      "date": "2023-06-30T00:00:00",
      "quarter_label": "2023-06 (Q2)",
      "revenue": 694622000,
      "gross_profit": null,
      "operating_income": 120255000,
      "net_income": 91319000,
      "opex": null,
      "cogs": null,
      "rd": null,
      "sga": null,
      "fcf": 73528000,
      "ocf": 172135000,
      "capex": -98607000,
      "gross_margin": null,
      "op_margin": 0.173122935927742,
      "fcf_margin": 0.10585325543964919,
      "incr_op_margin_yoy": 0.5053404539385847,
      "rev_growth_yoy": -0.06831430050673727,
      "rev_growth_yoy_accel": -0.06728437987565757,
      "fcf_margin_change": 0.11969809333620274
    },
    {
      "date": "2023-09-30T00:00:00",
      "quarter_label": "2023-09 (Q3)",
      "revenue": 775144000,
      "gross_profit": null,
      "operating_income": 128435000,
      "net_income": 98213000,
      "opex": null,
      "cogs": null,
      "rd": null,
      "sga": null,
      "fcf": 11357000,
      "ocf": 124863000,
      "capex": -113506000,
      "gross_margin": null,
      "op_margin": 0.1656917940408492,
      "fcf_margin": 0.014651471210510563,
      "incr_op_margin_yoy": 0.0017550402562358774,
      "rev_growth_yoy": 0.06248003936613936,
      "rev_growth_yoy_accel": 0.13079433987287664,
      "fcf_margin_change": -0.09120178422913862
    },
    {
      "date": "2023-12-31T00:00:00",
      "quarter_label": "2023-12 (Q4)",
      "revenue": 751132000,
      "gross_profit": null,
      "operating_income": 112663000,
      "net_income": 89228000,
      "opex": null,
      "cogs": null,
      "rd": null,
      "sga": null,
      "fcf": 62326000,
      "ocf": 161677000,
      "capex": -99351000,
      "gross_margin": null,
      "op_margin": 0.14999094699733204,
      "fcf_margin": 0.08297609474766086,
      "incr_op_margin_yoy": 0.20933693897658429,
      "rev_growth_yoy": 0.14549674711693603,
      "rev_growth_yoy_accel": 0.08301670775079667,
      "fcf_margin_change": 0.0683246235371503
    },
    {
      "date": "2024-03-31T00:00:00",
      "quarter_label": "2024-03 (Q1)",
      "revenue": 754775000,
      "gross_profit": null,
      "operating_income": 117912000,
      "net_income": 90695000,
      "opex": null,
      "cogs": null,
      "rd": null,
      "sga": null,
      "fcf": -350696000,
      "ocf": 106468000,
      "capex": -457164000,
      "gross_margin": null,
      "op_margin": 0.1562213904806068,
      "fcf_margin": -0.4646364810705177,
      "incr_op_margin_yoy": 0.19916171477079797,
      "rev_growth_yoy": 0.1426722278153315,
      "rev_growth_yoy_accel": -0.0028245193016045167,
      "fcf_margin_change": -0.5476125758181786
    },
    {
      "date": "2024-06-30T00:00:00",
      "quarter_label": "2024-06 (Q2)",
      "revenue": 823244000,
      "gross_profit": null,
      "operating_income": 137593000,
      "net_income": 102519000,
      "opex": null,
      "cogs": null,
      "rd": null,
      "sga": null,
      "fcf": -93981000,
      "ocf": 130774000,
      "capex": -224755000,
      "gross_margin": null,
      "op_margin": 0.16713513854944584,
      "fcf_margin": -0.11415935008332888,
      "incr_op_margin_yoy": 0.13479809052883643,
      "rev_growth_yoy": 0.18516833615981065,
      "rev_growth_yoy_accel": 0.042496108344479144,
      "fcf_margin_change": 0.3504771309871888
    },
    {
      "date": "2024-09-30T00:00:00",
      "quarter_label": "2024-09 (Q3)",
      "revenue": 842103000,
      "gross_profit": null,
      "operating_income": 125171000,
      "net_income": 92748000,
      "opex": null,
      "cogs": null,
      "rd": null,
      "sga": null,
      "fcf": -11662000,
      "ocf": 181721000,
      "capex": -193383000,
      "gross_margin": null,
      "op_margin": 0.1486409619725853,
      "fcf_margin": -0.013848662218279711,
      "incr_op_margin_yoy": -0.04874624770381875,
      "rev_growth_yoy": 0.08638265922202842,
      "rev_growth_yoy_accel": -0.09878567693778223,
      "fcf_margin_change": 0.10031068786504917
    },
    {
      "date": "2024-12-31T00:00:00",
      "quarter_label": "2024-12 (Q4)",
      "revenue": 788952000,
      "gross_profit": null,
      "operating_income": 101484000,
      "net_income": 76103000,
      "opex": null,
      "cogs": null,
      "rd": null,
      "sga": null,
      "fcf": -3516000,
      "ocf": 164739000,
      "capex": -168255000,
      "gross_margin": null,
      "op_margin": 0.12863139962887477,
      "fcf_margin": -0.004456544884859915,
      "incr_op_margin_yoy": -0.29558434690639873,
      "rev_growth_yoy": 0.05035067072099178,
      "rev_growth_yoy_accel": -0.036031988501036644,
      "fcf_margin_change": 0.009392117333419797
    },
    {
      "date": "2025-03-31T00:00:00",
      "quarter_label": "2025-03 (Q1)",
      "revenue": 787575000,
      "gross_profit": null,
      "operating_income": 70168000,
      "net_income": 49810000,
      "opex": null,
      "cogs": null,
      "rd": null,
      "sga": null,
      "fcf": -93816000,
      "ocf": 109073000,
      "capex": -202889000,
      "gross_margin": null,
      "op_margin": 0.08909373710440276,
      "fcf_margin": -0.11912008380154271,
      "incr_op_margin_yoy": -1.455609756097561,
      "rev_growth_yoy": 0.04345665926931867,
      "rev_growth_yoy_accel": -0.006894011451673107,
      "fcf_margin_change": -0.1146635389166828
    },
    {
      "date": "2025-06-30T00:00:00",
      "quarter_label": "2025-06 (Q2)",
      "revenue": 817115000,
      "gross_profit": null,
      "operating_income": 99399000,
      "net_income": 71391000,
      "opex": null,
      "cogs": null,
      "rd": null,
      "sga": null,
      "fcf": -3909000,
      "ocf": 170742000,
      "capex": -174651000,
      "gross_margin": null,
      "op_margin": 0.12164627989940216,
      "fcf_margin": -0.004783904346389431,
      "incr_op_margin_yoy": 6.231685429923315,
      "rev_growth_yoy": -0.0074449373454285725,
      "rev_growth_yoy_accel": -0.050901596614747247,
      "fcf_margin_change": 0.11433617945515327
    },
    {
      "date": "2025-09-30T00:00:00",
      "quarter_label": "2025-09 (Q3)",
      "revenue": 839644000,
      "gross_profit": null,
      "operating_income": 118610000,
      "net_income": 86316000,
      "opex": null,
      "cogs": null,
      "rd": null,
      "sga": null,
      "fcf": 87576000,
      "ocf": 177850000,
      "capex": -90274000,
      "gross_margin": null,
      "op_margin": 0.1412622492389632,
      "fcf_margin": 0.10430134676124643,
      "incr_op_margin_yoy": 2.668157787718585,
      "rev_growth_yoy": -0.0029200703476890593,
      "rev_growth_yoy_accel": 0.004524866997739513,
      "fcf_margin_change": 0.10908525110763587
    }
  ],
  "signals": [
    {
      "quarter": "2025-09 (Q3)",
      "signal": "FCF TURNED POSITIVE",
      "detail": "FCF margin: -0.5% -> +10.4%",
      "severity": "HIGH"
    },
    {
      "quarter": "2025-09 (Q3)",
      "signal": "INCREMENTAL MARGIN (YoY)",
      "detail": "YoY Incr OPM: +266.8% vs year-ago OPM: +14.9%",
      "severity": "HIGH"
    },
    {
      "quarter": "2025-06 (Q2)",
      "signal": "FCF MARGIN EXPANSION",
      "detail": "FCF margin: -11.9% -> -0.5% (+11.4%)",
      "severity": "MEDIUM"
    },
    {
      "quarter": "2025-06 (Q2)",
      "signal": "YoY REVENUE GROWTH DECELERATION",
      "detail": "YoY growth: -0.7% vs prior quarter YoY: +4.3% (decel: -5.1%)",
      "severity": "WARNING"
    },
    {
      "quarter": "2025-06 (Q2)",
      "signal": "INCREMENTAL MARGIN (YoY)",
      "detail": "YoY Incr OPM: +623.2% vs year-ago OPM: +16.7%",
      "severity": "HIGH"
    },
    {
      "quarter": "2024-09 (Q3)",
      "signal": "FCF MARGIN EXPANSION",
      "detail": "FCF margin: -11.4% -> -1.4% (+10.0%)",
      "severity": "MEDIUM"
    },
    {
      "quarter": "2024-09 (Q3)",
      "signal": "YoY REVENUE GROWTH DECELERATION",
      "detail": "YoY growth: +8.6% vs prior quarter YoY: +18.5% (decel: -9.9%)",
      "severity": "WARNING"
    },
    {
      "quarter": "2024-06 (Q2)",
      "signal": "FCF MARGIN EXPANSION",
      "detail": "FCF margin: -46.5% -> -11.4% (+35.0%)",
      "severity": "MEDIUM"
    },
    {
      "quarter": "2023-12 (Q4)",
      "signal": "FCF MARGIN EXPANSION",
      "detail": "FCF margin: +1.5% -> +8.3% (+6.8%)",
      "severity": "MEDIUM"
    },
    {
      "quarter": "2023-12 (Q4)",
      "signal": "YoY REVENUE GROWTH ACCELERATION",
      "detail": "YoY growth: +14.5% vs prior quarter YoY: +6.2% (accel: +8.3%)",
      "severity": "MEDIUM"
    },
    {
      "quarter": "2023-09 (Q3)",
      "signal": "YoY REVENUE GROWTH ACCELERATION",
      "detail": "YoY growth: +6.2% vs prior quarter YoY: -6.8% (accel: +13.1%)",
      "severity": "MEDIUM"
    },
    {
      "quarter": "2023-06 (Q2)",
      "signal": "FCF TURNED POSITIVE",
      "detail": "FCF margin: -1.4% -> +10.6%",
      "severity": "HIGH"
    },
    {
      "quarter": "2023-06 (Q2)",
      "signal": "YoY REVENUE GROWTH DECELERATION",
      "detail": "YoY growth: -6.8% vs prior quarter YoY: -0.1% (decel: -6.7%)",
      "severity": "WARNING"
    },
    {
      "quarter": "2023-06 (Q2)",
      "signal": "INCREMENTAL MARGIN (YoY)",
      "detail": "YoY Incr OPM: +50.5% vs year-ago OPM: +19.6%",
      "severity": "HIGH"
    },
    {
      "quarter": "2023-03 (Q1)",
      "signal": "YoY REVENUE GROWTH DECELERATION",
      "detail": "YoY growth: -0.1% vs prior quarter YoY: +6.3% (decel: -6.4%)",
      "severity": "WARNING"
    },
    {
      "quarter": "2022-12 (Q4)",
      "signal": "YoY REVENUE GROWTH DECELERATION",
      "detail": "YoY growth: +6.3% vs prior quarter YoY: +18.4% (decel: -12.1%)",
      "severity": "WARNING"
    },
    {
      "quarter": "2022-09 (Q3)",
      "signal": "YoY REVENUE GROWTH DECELERATION",
      "detail": "YoY growth: +18.4% vs prior quarter YoY: +30.5% (decel: -12.1%)",
      "severity": "WARNING"
    },
    {
      "quarter": "2022-06 (Q2)",
      "signal": "YoY REVENUE GROWTH DECELERATION",
      "detail": "YoY growth: +30.5% vs prior quarter YoY: +36.6% (decel: -6.1%)",
      "severity": "WARNING"
    },
    {
      "quarter": "2022-06 (Q2)",
      "signal": "INCREMENTAL MARGIN (YoY)",
      "detail": "YoY Incr OPM: +36.2% vs year-ago OPM: +14.5%",
      "severity": "HIGH"
    },
    {
      "quarter": "2022-03 (Q1)",
      "signal": "FCF TURNED POSITIVE",
      "detail": "FCF margin: -2.6% -> +7.5%",
      "severity": "HIGH"
    },
    {
      "quarter": "2022-03 (Q1)",
      "signal": "YoY REVENUE GROWTH ACCELERATION",
      "detail": "YoY growth: +36.6% vs prior quarter YoY: +29.5% (accel: +7.1%)",
      "severity": "MEDIUM"
    },
    {
      "quarter": "2022-03 (Q1)",
      "signal": "INCREMENTAL MARGIN (YoY)",
      "detail": "YoY Incr OPM: +30.9% vs year-ago OPM: +10.1%",
      "severity": "HIGH"
    },
    {
      "quarter": "2021-12 (Q4)",
      "signal": "INCREMENTAL MARGIN (YoY)",
      "detail": "YoY Incr OPM: +33.2% vs year-ago OPM: +10.6%",
      "severity": "HIGH"
    },
    {
      "quarter": "2021-09 (Q3)",
      "signal": "FCF MARGIN EXPANSION",
      "detail": "FCF margin: +0.8% -> +11.8% (+11.0%)",
      "severity": "MEDIUM"
    },
    {
      "quarter": "2021-09 (Q3)",
      "signal": "OPERATING LEVERAGE",
      "detail": "Rev growth +7.9% vs OpEx growth +4.4% (leverage: 1.8x)",
      "severity": "MEDIUM"
    }
  ],
  "data_quality": {
    "n_quarters": 20,
    "coverage": {
      "revenue": [
        20,
        20
      ],
      "gross_profit": [
        0,
        20
      ],
      "op_income": [
        20,
        20
      ],
      "fcf": [
        20,
        20
      ]
    },
    "gaps": [],
    "warnings": [
      "gross_profit: no data"
    ]
  },
  "market_cap": null,
  "source": "SEC EDGAR",
  "last_updated": "2026-02-02T20:40:50.644647"
}