{
  "ticker": "SAIC",
  "name": "Science\u00a0Applications International\u00a0Corporation",
  "quarters": [
    {
      "date": "2021-01-29T00:00:00",
      "quarter_label": "2021-01 (Q1)",
      "revenue": 1717000000,
      "gross_profit": 200000000,
      "operating_income": 102000000,
      "net_income": 62000000,
      "opex": 98000000,
      "cogs": 1517000000,
      "rd": null,
      "sga": 91000000,
      "fcf": 39000000,
      "ocf": 53000000,
      "capex": -14000000,
      "gross_margin": 0.11648223645894001,
      "op_margin": 0.0594059405940594,
      "fcf_margin": 0.022714036109493303
    },
    {
      "date": "2021-04-30T00:00:00",
      "quarter_label": "2021-04 (Q2)",
      "revenue": 1878000000,
      "gross_profit": 217000000,
      "operating_income": 130000000,
      "net_income": 81000000,
      "opex": 87000000,
      "cogs": 1661000000,
      "rd": null,
      "sga": 80000000,
      "fcf": 179000000,
      "ocf": 189000000,
      "capex": -10000000,
      "gross_margin": 0.11554845580404687,
      "op_margin": 0.06922257720979766,
      "fcf_margin": 0.09531416400425985,
      "op_leverage_ratio": Infinity,
      "fcf_margin_change": 0.07260012789476655
    },
    {
      "date": "2021-07-30T00:00:00",
      "quarter_label": "2021-07 (Q3)",
      "revenue": 1836000000,
      "gross_profit": 232000000,
      "operating_income": 133000000,
      "net_income": 82000000,
      "opex": 99000000,
      "cogs": 1604000000,
      "rd": null,
      "sga": 85000000,
      "fcf": 85000000,
      "ocf": 92000000,
      "capex": -7000000,
      "gross_margin": 0.12636165577342048,
      "op_margin": 0.0724400871459695,
      "fcf_margin": 0.046296296296296294,
      "fcf_margin_change": -0.049017867707963556
    },
    {
      "date": "2021-10-29T00:00:00",
      "quarter_label": "2021-10 (Q4)",
      "revenue": 1898000000,
      "gross_profit": 213000000,
      "operating_income": 114000000,
      "net_income": 71000000,
      "opex": 99000000,
      "cogs": 1685000000,
      "rd": null,
      "sga": 87000000,
      "fcf": 124000000,
      "ocf": 134000000,
      "capex": -10000000,
      "gross_margin": 0.11222339304531086,
      "op_margin": 0.06006322444678609,
      "fcf_margin": 0.06533192834562697,
      "op_leverage_ratio": Infinity,
      "fcf_margin_change": 0.019035632049330675
    },
    {
      "date": "2022-01-28T00:00:00",
      "quarter_label": "2022-01 (Q1)",
      "revenue": 1782000000,
      "gross_profit": 197000000,
      "operating_income": 85000000,
      "net_income": 43000000,
      "opex": 112000000,
      "cogs": 1585000000,
      "rd": null,
      "sga": 92000000,
      "fcf": 94000000,
      "ocf": 103000000,
      "capex": -9000000,
      "gross_margin": 0.11054994388327721,
      "op_margin": 0.04769921436588103,
      "fcf_margin": 0.052749719416386086,
      "incr_op_margin_yoy": -0.26153846153846155,
      "rev_growth_yoy": 0.0378567268491555,
      "fcf_margin_change": -0.012582208929240883
    },
    {
      "date": "2022-04-29T00:00:00",
      "quarter_label": "2022-04 (Q2)",
      "revenue": 1996000000,
      "gross_profit": 226000000,
      "operating_income": 125000000,
      "net_income": 73000000,
      "opex": 101000000,
      "cogs": 1770000000,
      "rd": null,
      "sga": 92000000,
      "fcf": 113000000,
      "ocf": 118000000,
      "capex": -5000000,
      "gross_margin": 0.11322645290581163,
      "op_margin": 0.062625250501002,
      "fcf_margin": 0.05661322645290581,
      "incr_op_margin_yoy": -0.0423728813559322,
      "rev_growth_yoy": 0.06283280085197018,
      "rev_growth_yoy_accel": 0.02497607400281468,
      "op_leverage_ratio": Infinity,
      "fcf_margin_change": 0.003863507036519727
    },
    {
      "date": "2022-07-29T00:00:00",
      "quarter_label": "2022-07 (Q3)",
      "revenue": 1831000000,
      "gross_profit": 219000000,
      "operating_income": 125000000,
      "net_income": 73000000,
      "opex": 94000000,
      "cogs": 1612000000,
      "rd": null,
      "sga": 93000000,
      "fcf": 134000000,
      "ocf": 141000000,
      "capex": -7000000,
      "gross_margin": 0.11960677225559803,
      "op_margin": 0.06826870562534135,
      "fcf_margin": 0.07318405243036592,
      "incr_op_margin_yoy": 1.6,
      "rev_growth_yoy": -0.0027233115468409588,
      "rev_growth_yoy_accel": -0.06555611239881114,
      "fcf_margin_change": 0.01657082597746011
    },
    {
      "date": "2022-10-28T00:00:00",
      "quarter_label": "2022-10 (Q4)",
      "revenue": 1909000000,
      "gross_profit": 221000000,
      "operating_income": 133000000,
      "net_income": 80000000,
      "opex": 88000000,
      "cogs": 1688000000,
      "rd": null,
      "sga": 87000000,
      "fcf": 122000000,
      "ocf": 128000000,
      "capex": -6000000,
      "gross_margin": 0.11576741749607124,
      "op_margin": 0.06966998428496594,
      "fcf_margin": 0.06390780513357779,
      "incr_op_margin_yoy": 1.7272727272727273,
      "rev_growth_yoy": 0.005795574288724974,
      "rev_growth_yoy_accel": 0.008518885835565933,
      "op_leverage_ratio": Infinity,
      "fcf_margin_change": -0.009276247296788137
    },
    {
      "date": "2023-02-03T00:00:00",
      "quarter_label": "2023-02 (Q1)",
      "revenue": 1968000000,
      "gross_profit": 222000000,
      "operating_income": 118000000,
      "net_income": 74000000,
      "opex": 104000000,
      "cogs": 1746000000,
      "rd": null,
      "sga": 102000000,
      "fcf": 138000000,
      "ocf": 145000000,
      "capex": -7000000,
      "gross_margin": 0.11280487804878049,
      "op_margin": 0.059959349593495935,
      "fcf_margin": 0.0701219512195122,
      "incr_op_margin_yoy": 0.1774193548387097,
      "rev_growth_yoy": 0.10437710437710437,
      "rev_growth_yoy_accel": 0.0985815300883794,
      "op_leverage_ratio": 0.16998428496595078,
      "fcf_margin_change": 0.006214146085934416
    },
    {
      "date": "2023-05-05T00:00:00",
      "quarter_label": "2023-05 (Q2)",
      "revenue": 2028000000,
      "gross_profit": 235000000,
      "operating_income": 157000000,
      "net_income": 98000000,
      "opex": 78000000,
      "cogs": 1793000000,
      "rd": null,
      "sga": 84000000,
      "fcf": 76000000,
      "ocf": 82000000,
      "capex": -6000000,
      "gross_margin": 0.11587771203155818,
      "op_margin": 0.07741617357001973,
      "fcf_margin": 0.03747534516765286,
      "incr_op_margin_yoy": 1.0,
      "rev_growth_yoy": 0.01603206412825651,
      "rev_growth_yoy_accel": -0.08834504024884786,
      "op_leverage_ratio": Infinity,
      "fcf_margin_change": -0.032646606051859345
    },
    {
      "date": "2023-08-04T00:00:00",
      "quarter_label": "2023-08 (Q3)",
      "revenue": 1784000000,
      "gross_profit": 216000000,
      "operating_income": 362000000,
      "net_income": 247000000,
      "opex": -146000000,
      "cogs": 1568000000,
      "rd": null,
      "sga": 88000000,
      "fcf": 144000000,
      "ocf": 150000000,
      "capex": -6000000,
      "gross_margin": 0.1210762331838565,
      "op_margin": 0.20291479820627803,
      "fcf_margin": 0.08071748878923767,
      "incr_op_margin_yoy": -5.042553191489362,
      "rev_growth_yoy": -0.025669033315128344,
      "rev_growth_yoy_accel": -0.041701097443384856,
      "fcf_margin_change": 0.04324214362158481
    },
    {
      "date": "2023-11-03T00:00:00",
      "quarter_label": "2023-11 (Q4)",
      "revenue": 1895000000,
      "gross_profit": 229000000,
      "operating_income": 143000000,
      "net_income": 93000000,
      "opex": 86000000,
      "cogs": 1666000000,
      "rd": null,
      "sga": 87000000,
      "fcf": 97000000,
      "ocf": 101000000,
      "capex": -4000000,
      "gross_margin": 0.12084432717678101,
      "op_margin": 0.07546174142480211,
      "fcf_margin": 0.05118733509234828,
      "incr_op_margin_yoy": -0.7142857142857143,
      "rev_growth_yoy": -0.007333682556312206,
      "rev_growth_yoy_accel": 0.01833535075881614,
      "op_leverage_ratio": Infinity,
      "fcf_margin_change": -0.029530153696889383
    },
    {
      "date": "2024-02-02T00:00:00",
      "quarter_label": "2024-02 (Q1)",
      "revenue": 1737000000,
      "gross_profit": 192000000,
      "operating_income": 79000000,
      "net_income": 39000000,
      "opex": 113000000,
      "cogs": 1545000000,
      "rd": null,
      "sga": 114000000,
      "fcf": 52000000,
      "ocf": 63000000,
      "capex": -11000000,
      "gross_margin": 0.11053540587219343,
      "op_margin": 0.04548071387449626,
      "fcf_margin": 0.029936672423719057,
      "incr_op_margin_yoy": 0.16883116883116883,
      "rev_growth_yoy": -0.1173780487804878,
      "rev_growth_yoy_accel": -0.1100443662241756,
      "fcf_margin_change": -0.021250662668629225
    },
    {
      "date": "2024-05-03T00:00:00",
      "quarter_label": "2024-05 (Q2)",
      "revenue": 1847000000,
      "gross_profit": 213000000,
      "operating_income": 131000000,
      "net_income": 77000000,
      "opex": 82000000,
      "cogs": 1634000000,
      "rd": null,
      "sga": 85000000,
      "fcf": 92000000,
      "ocf": 98000000,
      "capex": -6000000,
      "gross_margin": 0.11532214401732539,
      "op_margin": 0.07092582566323768,
      "fcf_margin": 0.04981050351922036,
      "incr_op_margin_yoy": 0.143646408839779,
      "rev_growth_yoy": -0.08925049309664694,
      "rev_growth_yoy_accel": 0.028127555683840857,
      "op_leverage_ratio": Infinity,
      "fcf_margin_change": 0.019873831095501303
    },
    {
      "date": "2024-08-02T00:00:00",
      "quarter_label": "2024-08 (Q3)",
      "revenue": 1818000000,
      "gross_profit": 210000000,
      "operating_income": 134000000,
      "net_income": 81000000,
      "opex": 76000000,
      "cogs": 1608000000,
      "rd": null,
      "sga": 77000000,
      "fcf": 132000000,
      "ocf": 138000000,
      "capex": -6000000,
      "gross_margin": 0.11551155115511551,
      "op_margin": 0.0737073707370737,
      "fcf_margin": 0.07260726072607261,
      "incr_op_margin_yoy": -6.705882352941177,
      "rev_growth_yoy": 0.01905829596412556,
      "rev_growth_yoy_accel": 0.1083087890607725,
      "fcf_margin_change": 0.02279675720685225
    },
    {
      "date": "2024-11-01T00:00:00",
      "quarter_label": "2024-11 (Q4)",
      "revenue": 1976000000,
      "gross_profit": 237000000,
      "operating_income": 160000000,
      "net_income": 106000000,
      "opex": 77000000,
      "cogs": 1739000000,
      "rd": null,
      "sga": 83000000,
      "fcf": 134000000,
      "ocf": 143000000,
      "capex": -9000000,
      "gross_margin": 0.11993927125506072,
      "op_margin": 0.08097165991902834,
      "fcf_margin": 0.06781376518218624,
      "incr_op_margin_yoy": 0.20987654320987653,
      "rev_growth_yoy": 0.042744063324538256,
      "rev_growth_yoy_accel": 0.023685767360412696,
      "op_leverage_ratio": 6.605060506050606,
      "fcf_margin_change": -0.004793495543886375
    },
    {
      "date": "2025-01-31T00:00:00",
      "quarter_label": "2025-01 (Q1)",
      "revenue": 1838000000,
      "gross_profit": 232000000,
      "operating_income": 138000000,
      "net_income": 98000000,
      "opex": 94000000,
      "cogs": 1606000000,
      "rd": null,
      "sga": 94000000,
      "fcf": 100000000,
      "ocf": 115000000,
      "capex": -15000000,
      "gross_margin": 0.12622415669205658,
      "op_margin": 0.0750816104461371,
      "fcf_margin": 0.0544069640914037,
      "incr_op_margin_yoy": 0.5841584158415841,
      "rev_growth_yoy": 0.05814622913068509,
      "rev_growth_yoy_accel": 0.015402165806146832,
      "fcf_margin_change": -0.013406801090782537
    },
    {
      "date": "2025-05-02T00:00:00",
      "quarter_label": "2025-05 (Q2)",
      "revenue": 1877000000,
      "gross_profit": 209000000,
      "operating_income": 121000000,
      "net_income": 68000000,
      "opex": 88000000,
      "cogs": 1668000000,
      "rd": null,
      "sga": 89000000,
      "fcf": 92000000,
      "ocf": 100000000,
      "capex": -8000000,
      "gross_margin": 0.11134789557805008,
      "op_margin": 0.06446457112413426,
      "fcf_margin": 0.049014384656366546,
      "incr_op_margin_yoy": -0.3333333333333333,
      "rev_growth_yoy": 0.016242555495397944,
      "rev_growth_yoy_accel": -0.041903673635287145,
      "op_leverage_ratio": Infinity,
      "fcf_margin_change": -0.005392579435037154
    },
    {
      "date": "2025-08-01T00:00:00",
      "quarter_label": "2025-08 (Q3)",
      "revenue": 1769000000,
      "gross_profit": 215000000,
      "operating_income": 139000000,
      "net_income": 127000000,
      "opex": 76000000,
      "cogs": 1554000000,
      "rd": null,
      "sga": 75000000,
      "fcf": 115000000,
      "ocf": 122000000,
      "capex": -7000000,
      "gross_margin": 0.1215375918598078,
      "op_margin": 0.07857546636517806,
      "fcf_margin": 0.06500847936687394,
      "incr_op_margin_yoy": -0.10204081632653061,
      "rev_growth_yoy": -0.02695269526952695,
      "rev_growth_yoy_accel": -0.04319525076492489,
      "fcf_margin_change": 0.015994094710507396
    },
    {
      "date": "2025-10-31T00:00:00",
      "quarter_label": "2025-10 (Q4)",
      "revenue": 1866000000,
      "gross_profit": 227000000,
      "operating_income": 128000000,
      "net_income": 78000000,
      "opex": 99000000,
      "cogs": 1639000000,
      "rd": null,
      "sga": 101000000,
      "fcf": 120000000,
      "ocf": 129000000,
      "capex": -9000000,
      "gross_margin": 0.12165058949624866,
      "op_margin": 0.06859592711682744,
      "fcf_margin": 0.06430868167202572,
      "incr_op_margin_yoy": 0.2909090909090909,
      "rev_growth_yoy": -0.05566801619433198,
      "rev_growth_yoy_accel": -0.02871532092480503,
      "op_leverage_ratio": 0.18118809447735149,
      "fcf_margin_change": -0.0006997976948482226
    }
  ],
  "signals": [
    {
      "quarter": "2025-10 (Q4)",
      "signal": "INCREMENTAL MARGIN (YoY)",
      "detail": "YoY Incr OPM: +29.1% vs year-ago OPM: +8.1%",
      "severity": "HIGH"
    },
    {
      "quarter": "2025-01 (Q1)",
      "signal": "INCREMENTAL MARGIN (YoY)",
      "detail": "YoY Incr OPM: +58.4% vs year-ago OPM: +4.5%",
      "severity": "HIGH"
    },
    {
      "quarter": "2024-11 (Q4)",
      "signal": "OPERATING LEVERAGE",
      "detail": "Rev growth +8.7% vs OpEx growth +1.3% (leverage: 6.6x)",
      "severity": "MEDIUM"
    },
    {
      "quarter": "2024-11 (Q4)",
      "signal": "INCREMENTAL MARGIN (YoY)",
      "detail": "YoY Incr OPM: +21.0% vs year-ago OPM: +7.5%",
      "severity": "MEDIUM"
    },
    {
      "quarter": "2024-08 (Q3)",
      "signal": "YoY REVENUE GROWTH ACCELERATION",
      "detail": "YoY growth: +1.9% vs prior quarter YoY: -8.9% (accel: +10.8%)",
      "severity": "MEDIUM"
    },
    {
      "quarter": "2024-02 (Q1)",
      "signal": "YoY REVENUE GROWTH DECELERATION",
      "detail": "YoY growth: -11.7% vs prior quarter YoY: -0.7% (decel: -11.0%)",
      "severity": "WARNING"
    },
    {
      "quarter": "2024-02 (Q1)",
      "signal": "INCREMENTAL MARGIN (YoY)",
      "detail": "YoY Incr OPM: +16.9% vs year-ago OPM: +6.0%",
      "severity": "MEDIUM"
    },
    {
      "quarter": "2023-05 (Q2)",
      "signal": "YoY REVENUE GROWTH DECELERATION",
      "detail": "YoY growth: +1.6% vs prior quarter YoY: +10.4% (decel: -8.8%)",
      "severity": "WARNING"
    },
    {
      "quarter": "2023-05 (Q2)",
      "signal": "INCREMENTAL MARGIN (YoY)",
      "detail": "YoY Incr OPM: +100.0% vs year-ago OPM: +6.3%",
      "severity": "HIGH"
    },
    {
      "quarter": "2023-02 (Q1)",
      "signal": "YoY REVENUE GROWTH ACCELERATION",
      "detail": "YoY growth: +10.4% vs prior quarter YoY: +0.6% (accel: +9.9%)",
      "severity": "MEDIUM"
    },
    {
      "quarter": "2023-02 (Q1)",
      "signal": "INCREMENTAL MARGIN (YoY)",
      "detail": "YoY Incr OPM: +17.7% vs year-ago OPM: +4.8%",
      "severity": "MEDIUM"
    },
    {
      "quarter": "2022-10 (Q4)",
      "signal": "INCREMENTAL MARGIN (YoY)",
      "detail": "YoY Incr OPM: +172.7% vs year-ago OPM: +6.0%",
      "severity": "HIGH"
    },
    {
      "quarter": "2022-07 (Q3)",
      "signal": "YoY REVENUE GROWTH DECELERATION",
      "detail": "YoY growth: -0.3% vs prior quarter YoY: +6.3% (decel: -6.6%)",
      "severity": "WARNING"
    },
    {
      "quarter": "2022-07 (Q3)",
      "signal": "INCREMENTAL MARGIN (YoY)",
      "detail": "YoY Incr OPM: +160.0% vs year-ago OPM: +7.2%",
      "severity": "HIGH"
    },
    {
      "quarter": "2021-04 (Q2)",
      "signal": "FCF MARGIN EXPANSION",
      "detail": "FCF margin: +2.3% -> +9.5% (+7.3%)",
      "severity": "MEDIUM"
    }
  ],
  "data_quality": {
    "n_quarters": 20,
    "coverage": {
      "revenue": [
        20,
        20
      ],
      "gross_profit": [
        20,
        20
      ],
      "op_income": [
        20,
        20
      ],
      "fcf": [
        20,
        20
      ]
    },
    "gaps": [],
    "warnings": []
  },
  "market_cap": null,
  "source": "SEC EDGAR",
  "last_updated": "2026-02-02T21:06:23.430607"
}