{
  "ticker": "SALM",
  "name": "SALEM MEDIA GROUP, INC.",
  "quarters": [
    {
      "date": "2018-12-31T00:00:00",
      "quarter_label": "2018-12 (Q4)",
      "revenue": 67188000,
      "gross_profit": null,
      "operating_income": 3677000,
      "net_income": -3060000,
      "opex": 63511000,
      "cogs": null,
      "rd": null,
      "sga": null,
      "fcf": 2763000,
      "ocf": 2763000,
      "capex": null,
      "gross_margin": null,
      "op_margin": 0.05472703458951003,
      "fcf_margin": 0.04112341489551705
    },
    {
      "date": "2019-03-31T00:00:00",
      "quarter_label": "2019-03 (Q1)",
      "revenue": 60469000,
      "gross_profit": null,
      "operating_income": -984000,
      "net_income": 322000,
      "opex": 61453000,
      "cogs": null,
      "rd": null,
      "sga": null,
      "fcf": 8967000,
      "ocf": 8967000,
      "capex": null,
      "gross_margin": null,
      "op_margin": -0.016272800939324282,
      "fcf_margin": 0.1482908597793911,
      "fcf_margin_change": 0.10716744488387406
    },
    {
      "date": "2019-06-30T00:00:00",
      "quarter_label": "2019-06 (Q2)",
      "revenue": 64680000,
      "gross_profit": null,
      "operating_income": 5601000,
      "net_income": -3644000,
      "opex": 59079000,
      "cogs": null,
      "rd": null,
      "sga": null,
      "fcf": -1206000,
      "ocf": -1206000,
      "capex": null,
      "gross_margin": null,
      "op_margin": 0.08659554730983303,
      "fcf_margin": -0.018645640074211503,
      "op_leverage_ratio": Infinity,
      "fcf_margin_change": -0.1669364998536026
    },
    {
      "date": "2019-09-30T00:00:00",
      "quarter_label": "2019-09 (Q3)",
      "revenue": 64116000,
      "gross_profit": null,
      "operating_income": -14487000,
      "net_income": -20005000,
      "opex": 78603000,
      "cogs": null,
      "rd": null,
      "sga": null,
      "fcf": 6710000,
      "ocf": 6710000,
      "capex": null,
      "gross_margin": null,
      "op_margin": -0.22594984091334455,
      "fcf_margin": 0.10465406450807911,
      "fcf_margin_change": 0.12329970458229061
    },
    {
      "date": "2019-12-31T00:00:00",
      "quarter_label": "2019-12 (Q4)",
      "revenue": 64633000,
      "gross_profit": null,
      "operating_income": 1669000,
      "net_income": -4512000,
      "opex": 62964000,
      "cogs": null,
      "rd": null,
      "sga": null,
      "fcf": 2539000,
      "ocf": 2539000,
      "capex": null,
      "gross_margin": null,
      "op_margin": 0.025822722138845483,
      "fcf_margin": 0.0392833382327913,
      "incr_op_margin_yoy": 0.7859099804305284,
      "rev_growth_yoy": -0.038027623980472706,
      "fcf_margin_change": -0.06537072627528781
    },
    {
      "date": "2020-03-31T00:00:00",
      "quarter_label": "2020-03 (Q1)",
      "revenue": 58250000,
      "gross_profit": null,
      "operating_income": -18010000,
      "net_income": -55204000,
      "opex": 76260000,
      "cogs": null,
      "rd": null,
      "sga": null,
      "fcf": 7733000,
      "ocf": 7733000,
      "capex": null,
      "gross_margin": null,
      "op_margin": -0.3091845493562232,
      "fcf_margin": 0.13275536480686695,
      "incr_op_margin_yoy": 7.672825597115818,
      "rev_growth_yoy": -0.03669648911012254,
      "rev_growth_yoy_accel": 0.0013311348703501646,
      "fcf_margin_change": 0.09347202657407565
    },
    {
      "date": "2020-06-30T00:00:00",
      "quarter_label": "2020-06 (Q2)",
      "revenue": 52871000,
      "gross_profit": null,
      "operating_income": -888000,
      "net_income": -2515000,
      "opex": 53759000,
      "cogs": null,
      "rd": null,
      "sga": null,
      "fcf": 11232000,
      "ocf": 11232000,
      "capex": null,
      "gross_margin": null,
      "op_margin": -0.01679559683002024,
      "fcf_margin": 0.212441603147283,
      "incr_op_margin_yoy": 0.5494961470065205,
      "rev_growth_yoy": -0.18257575757575759,
      "rev_growth_yoy_accel": -0.14587926846563504,
      "fcf_margin_change": 0.07968623834041605
    },
    {
      "date": "2020-09-30T00:00:00",
      "quarter_label": "2020-09 (Q3)",
      "revenue": 60641000,
      "gross_profit": null,
      "operating_income": 4752000,
      "net_income": 329000,
      "opex": 55889000,
      "cogs": null,
      "rd": null,
      "sga": null,
      "fcf": 4180000,
      "ocf": 4180000,
      "capex": null,
      "gross_margin": null,
      "op_margin": 0.07836282383206082,
      "fcf_margin": 0.06893026170412757,
      "incr_op_margin_yoy": -5.536402877697841,
      "rev_growth_yoy": -0.05419863996506332,
      "rev_growth_yoy_accel": 0.12837711761069426,
      "op_leverage_ratio": 3.7091557687179613,
      "fcf_margin_change": -0.14351134144315542
    },
    {
      "date": "2020-12-31T00:00:00",
      "quarter_label": "2020-12 (Q4)",
      "revenue": 64477000,
      "gross_profit": null,
      "operating_income": 6392000,
      "net_income": 3328000,
      "opex": 58085000,
      "cogs": null,
      "rd": null,
      "sga": null,
      "fcf": -294000,
      "ocf": -294000,
      "capex": null,
      "gross_margin": null,
      "op_margin": 0.09913612606045567,
      "fcf_margin": -0.0045597654977744,
      "rev_growth_yoy": -0.002413627713397181,
      "rev_growth_yoy_accel": 0.05178501225166614,
      "op_leverage_ratio": 1.609927234872593,
      "fcf_margin_change": -0.07349002720190197
    },
    {
      "date": "2021-03-31T00:00:00",
      "quarter_label": "2021-03 (Q1)",
      "revenue": 59353000,
      "gross_profit": null,
      "operating_income": 4356000,
      "net_income": 323000,
      "opex": 54997000,
      "cogs": null,
      "rd": null,
      "sga": null,
      "fcf": 9197000,
      "ocf": 9197000,
      "capex": null,
      "gross_margin": null,
      "op_margin": 0.07339140397284047,
      "fcf_margin": 0.1549542567351271,
      "incr_op_margin_yoy": 20.27742520398912,
      "rev_growth_yoy": 0.018935622317596566,
      "rev_growth_yoy_accel": 0.021349250030993746,
      "fcf_margin_change": 0.1595140222329015
    },
    {
      "date": "2021-06-30T00:00:00",
      "quarter_label": "2021-06 (Q2)",
      "revenue": 63782000,
      "gross_profit": null,
      "operating_income": 5641000,
      "net_income": 2257000,
      "opex": 58141000,
      "cogs": null,
      "rd": null,
      "sga": null,
      "fcf": 1000000,
      "ocf": 1000000,
      "capex": null,
      "gross_margin": null,
      "op_margin": 0.0884418801542755,
      "fcf_margin": 0.01567840456555141,
      "incr_op_margin_yoy": 0.5983869489506003,
      "rev_growth_yoy": 0.20637022186075543,
      "rev_growth_yoy_accel": 0.18743459954315886,
      "op_leverage_ratio": 1.3053274401413135,
      "fcf_margin_change": -0.1392758521695757
    },
    {
      "date": "2021-09-30T00:00:00",
      "quarter_label": "2021-09 (Q3)",
      "revenue": 65983000,
      "gross_profit": null,
      "operating_income": 15799000,
      "net_income": 22094000,
      "opex": 50184000,
      "cogs": null,
      "rd": null,
      "sga": null,
      "fcf": 4549000,
      "ocf": 4549000,
      "capex": null,
      "gross_margin": null,
      "op_margin": 0.23944046193716564,
      "fcf_margin": 0.06894200021217586,
      "incr_op_margin_yoy": 2.0679520778734557,
      "rev_growth_yoy": 0.0880922148381458,
      "rev_growth_yoy_accel": -0.11827800702260963,
      "op_leverage_ratio": Infinity,
      "fcf_margin_change": 0.05326359564662445
    },
    {
      "date": "2021-12-31T00:00:00",
      "quarter_label": "2021-12 (Q4)",
      "revenue": 69129000,
      "gross_profit": null,
      "operating_income": 20452000,
      "net_income": 16840000,
      "opex": 48677000,
      "cogs": null,
      "rd": null,
      "sga": null,
      "fcf": 7745000,
      "ocf": 7745000,
      "capex": null,
      "gross_margin": null,
      "op_margin": 0.29585268121916997,
      "fcf_margin": 0.11203691648946174,
      "incr_op_margin_yoy": 3.0223559759243335,
      "rev_growth_yoy": 0.07214975882872962,
      "rev_growth_yoy_accel": -0.015942456009416184,
      "op_leverage_ratio": Infinity,
      "fcf_margin_change": 0.04309491627728587
    },
    {
      "date": "2022-03-31T00:00:00",
      "quarter_label": "2022-03 (Q1)",
      "revenue": 62609000,
      "gross_profit": null,
      "operating_income": 4974000,
      "net_income": 1739000,
      "opex": 57635000,
      "cogs": null,
      "rd": null,
      "sga": null,
      "fcf": 4313000,
      "ocf": 4313000,
      "capex": null,
      "gross_margin": null,
      "op_margin": 0.07944544714018752,
      "fcf_margin": 0.06888785957290486,
      "incr_op_margin_yoy": 0.1898034398034398,
      "rev_growth_yoy": 0.0548582211514161,
      "rev_growth_yoy_accel": -0.01729153767731352,
      "fcf_margin_change": -0.04314905691655688
    },
    {
      "date": "2022-06-30T00:00:00",
      "quarter_label": "2022-06 (Q2)",
      "revenue": 68682000,
      "gross_profit": null,
      "operating_income": 7328000,
      "net_income": 9117000,
      "opex": 61354000,
      "cogs": null,
      "rd": null,
      "sga": null,
      "fcf": 3487000,
      "ocf": 3487000,
      "capex": null,
      "gross_margin": null,
      "op_margin": 0.10669462158935383,
      "fcf_margin": 0.05077021635945372,
      "incr_op_margin_yoy": 0.3442857142857143,
      "rev_growth_yoy": 0.07682418237120191,
      "rev_growth_yoy_accel": 0.021965961219785807,
      "op_leverage_ratio": 1.5032341488350742,
      "fcf_margin_change": -0.01811764321345114
    },
    {
      "date": "2022-09-30T00:00:00",
      "quarter_label": "2022-09 (Q3)",
      "revenue": 66862000,
      "gross_profit": null,
      "operating_income": -8784000,
      "net_income": -11885000,
      "opex": 75646000,
      "cogs": null,
      "rd": null,
      "sga": null,
      "fcf": 2212000,
      "ocf": 2212000,
      "capex": null,
      "gross_margin": null,
      "op_margin": -0.1313750710418474,
      "fcf_margin": 0.03308306661481858,
      "rev_growth_yoy": 0.013321613142779201,
      "rev_growth_yoy_accel": -0.0635025692284227,
      "fcf_margin_change": -0.017687149744635138
    },
    {
      "date": "2022-12-31T00:00:00",
      "quarter_label": "2022-12 (Q4)",
      "revenue": 68813000,
      "gross_profit": null,
      "operating_income": 1634000,
      "net_income": -2207000,
      "opex": 67179000,
      "cogs": null,
      "rd": null,
      "sga": null,
      "fcf": -2270000,
      "ocf": -2270000,
      "capex": null,
      "gross_margin": null,
      "op_margin": 0.02374551320244721,
      "fcf_margin": -0.032987952857744904,
      "rev_growth_yoy": -0.004571164055606185,
      "rev_growth_yoy_accel": -0.017892777198385387,
      "op_leverage_ratio": Infinity,
      "fcf_margin_change": -0.06607101947256348
    },
    {
      "date": "2023-03-31T00:00:00",
      "quarter_label": "2023-03 (Q1)",
      "revenue": 63489000,
      "gross_profit": null,
      "operating_income": -4180000,
      "net_income": -5154000,
      "opex": 67669000,
      "cogs": null,
      "rd": null,
      "sga": null,
      "fcf": -570000,
      "ocf": -570000,
      "capex": null,
      "gross_margin": null,
      "op_margin": -0.0658381766920254,
      "fcf_margin": -0.008977933185276189,
      "rev_growth_yoy": 0.014055487230270409,
      "rev_growth_yoy_accel": 0.018626651285876594,
      "fcf_margin_change": 0.024010019672468713
    },
    {
      "date": "2023-06-30T00:00:00",
      "quarter_label": "2023-06 (Q2)",
      "revenue": 65774000,
      "gross_profit": null,
      "operating_income": -4101000,
      "net_income": -7094000,
      "opex": 69875000,
      "cogs": null,
      "rd": null,
      "sga": null,
      "fcf": -2884000,
      "ocf": -2884000,
      "capex": null,
      "gross_margin": null,
      "op_margin": -0.06234986468817466,
      "fcf_margin": -0.043847112840940186,
      "incr_op_margin_yoy": 3.9301925722145805,
      "rev_growth_yoy": -0.042340059986604936,
      "rev_growth_yoy_accel": -0.05639554721687534,
      "op_leverage_ratio": 1.104007358903571,
      "fcf_margin_change": -0.034869179655663995
    },
    {
      "date": "2023-09-30T00:00:00",
      "quarter_label": "2023-09 (Q3)",
      "revenue": 63497000,
      "gross_profit": null,
      "operating_income": -36290000,
      "net_income": -31297000,
      "opex": 99787000,
      "cogs": null,
      "rd": null,
      "sga": null,
      "fcf": 1974000,
      "ocf": 1974000,
      "capex": null,
      "gross_margin": null,
      "op_margin": -0.5715230640817677,
      "fcf_margin": 0.031088082901554404,
      "incr_op_margin_yoy": 8.174145616641901,
      "rev_growth_yoy": -0.05032754030690078,
      "rev_growth_yoy_accel": -0.007987480320295844,
      "fcf_margin_change": 0.07493519574249459
    }
  ],
  "signals": [
    {
      "quarter": "2023-09 (Q3)",
      "signal": "FCF TURNED POSITIVE",
      "detail": "FCF margin: -4.4% -> +3.1%",
      "severity": "HIGH"
    },
    {
      "quarter": "2023-06 (Q2)",
      "signal": "YoY REVENUE GROWTH DECELERATION",
      "detail": "YoY growth: -4.2% vs prior quarter YoY: +1.4% (decel: -5.6%)",
      "severity": "WARNING"
    },
    {
      "quarter": "2022-12 (Q4)",
      "signal": "OP MARGIN TURNED POSITIVE (QoQ)",
      "detail": "Op margin: -13.1% -> +2.4%",
      "severity": "HIGH"
    },
    {
      "quarter": "2022-09 (Q3)",
      "signal": "YoY REVENUE GROWTH DECELERATION",
      "detail": "YoY growth: +1.3% vs prior quarter YoY: +7.7% (decel: -6.4%)",
      "severity": "WARNING"
    },
    {
      "quarter": "2022-06 (Q2)",
      "signal": "OPERATING LEVERAGE",
      "detail": "Rev growth +9.7% vs OpEx growth +6.5% (leverage: 1.5x)",
      "severity": "MEDIUM"
    },
    {
      "quarter": "2022-06 (Q2)",
      "signal": "INCREMENTAL MARGIN (YoY)",
      "detail": "YoY Incr OPM: +34.4% vs year-ago OPM: +8.8%",
      "severity": "HIGH"
    },
    {
      "quarter": "2022-03 (Q1)",
      "signal": "INCREMENTAL MARGIN (YoY)",
      "detail": "YoY Incr OPM: +19.0% vs year-ago OPM: +7.3%",
      "severity": "MEDIUM"
    },
    {
      "quarter": "2021-12 (Q4)",
      "signal": "INCREMENTAL MARGIN (YoY)",
      "detail": "YoY Incr OPM: +302.2% vs year-ago OPM: +9.9%",
      "severity": "HIGH"
    },
    {
      "quarter": "2021-09 (Q3)",
      "signal": "FCF MARGIN EXPANSION",
      "detail": "FCF margin: +1.6% -> +6.9% (+5.3%)",
      "severity": "MEDIUM"
    },
    {
      "quarter": "2021-09 (Q3)",
      "signal": "YoY REVENUE GROWTH DECELERATION",
      "detail": "YoY growth: +8.8% vs prior quarter YoY: +20.6% (decel: -11.8%)",
      "severity": "WARNING"
    },
    {
      "quarter": "2021-09 (Q3)",
      "signal": "INCREMENTAL MARGIN (YoY)",
      "detail": "YoY Incr OPM: +206.8% vs year-ago OPM: +7.8%",
      "severity": "HIGH"
    },
    {
      "quarter": "2021-06 (Q2)",
      "signal": "YoY REVENUE GROWTH ACCELERATION",
      "detail": "YoY growth: +20.6% vs prior quarter YoY: +1.9% (accel: +18.7%)",
      "severity": "HIGH"
    },
    {
      "quarter": "2021-06 (Q2)",
      "signal": "OP MARGIN TURNED POSITIVE (YoY)",
      "detail": "Op margin: -1.7% (year-ago) -> +8.8%",
      "severity": "HIGH"
    },
    {
      "quarter": "2021-03 (Q1)",
      "signal": "FCF TURNED POSITIVE",
      "detail": "FCF margin: -0.5% -> +15.5%",
      "severity": "HIGH"
    },
    {
      "quarter": "2021-03 (Q1)",
      "signal": "OP MARGIN TURNED POSITIVE (YoY)",
      "detail": "Op margin: -30.9% (year-ago) -> +7.3%",
      "severity": "HIGH"
    },
    {
      "quarter": "2020-12 (Q4)",
      "signal": "OPERATING LEVERAGE",
      "detail": "Rev growth +6.3% vs OpEx growth +3.9% (leverage: 1.6x)",
      "severity": "MEDIUM"
    },
    {
      "quarter": "2020-12 (Q4)",
      "signal": "YoY REVENUE GROWTH ACCELERATION",
      "detail": "YoY growth: -0.2% vs prior quarter YoY: -5.4% (accel: +5.2%)",
      "severity": "MEDIUM"
    },
    {
      "quarter": "2020-09 (Q3)",
      "signal": "OPERATING LEVERAGE",
      "detail": "Rev growth +14.7% vs OpEx growth +4.0% (leverage: 3.7x)",
      "severity": "MEDIUM"
    },
    {
      "quarter": "2020-09 (Q3)",
      "signal": "YoY REVENUE GROWTH ACCELERATION",
      "detail": "YoY growth: -5.4% vs prior quarter YoY: -18.3% (accel: +12.8%)",
      "severity": "MEDIUM"
    },
    {
      "quarter": "2020-09 (Q3)",
      "signal": "OP MARGIN TURNED POSITIVE (YoY)",
      "detail": "Op margin: -22.6% (year-ago) -> +7.8%",
      "severity": "HIGH"
    },
    {
      "quarter": "2020-09 (Q3)",
      "signal": "OP MARGIN TURNED POSITIVE (QoQ)",
      "detail": "Op margin: -1.7% -> +7.8%",
      "severity": "HIGH"
    },
    {
      "quarter": "2020-06 (Q2)",
      "signal": "FCF MARGIN EXPANSION",
      "detail": "FCF margin: +13.3% -> +21.2% (+8.0%)",
      "severity": "MEDIUM"
    },
    {
      "quarter": "2020-06 (Q2)",
      "signal": "YoY REVENUE GROWTH DECELERATION",
      "detail": "YoY growth: -18.3% vs prior quarter YoY: -3.7% (decel: -14.6%)",
      "severity": "WARNING"
    },
    {
      "quarter": "2020-03 (Q1)",
      "signal": "FCF MARGIN EXPANSION",
      "detail": "FCF margin: +3.9% -> +13.3% (+9.3%)",
      "severity": "MEDIUM"
    },
    {
      "quarter": "2019-12 (Q4)",
      "signal": "INCREMENTAL MARGIN (YoY)",
      "detail": "YoY Incr OPM: +78.6% vs year-ago OPM: +5.5%",
      "severity": "HIGH"
    },
    {
      "quarter": "2019-12 (Q4)",
      "signal": "OP MARGIN TURNED POSITIVE (QoQ)",
      "detail": "Op margin: -22.6% -> +2.6%",
      "severity": "HIGH"
    },
    {
      "quarter": "2019-09 (Q3)",
      "signal": "FCF TURNED POSITIVE",
      "detail": "FCF margin: -1.9% -> +10.5%",
      "severity": "HIGH"
    },
    {
      "quarter": "2019-06 (Q2)",
      "signal": "OP MARGIN TURNED POSITIVE (QoQ)",
      "detail": "Op margin: -1.6% -> +8.7%",
      "severity": "HIGH"
    },
    {
      "quarter": "2019-03 (Q1)",
      "signal": "FCF MARGIN EXPANSION",
      "detail": "FCF margin: +4.1% -> +14.8% (+10.7%)",
      "severity": "MEDIUM"
    }
  ],
  "data_quality": {
    "n_quarters": 20,
    "coverage": {
      "revenue": [
        20,
        20
      ],
      "gross_profit": [
        0,
        20
      ],
      "op_income": [
        20,
        20
      ],
      "fcf": [
        20,
        20
      ]
    },
    "gaps": [],
    "warnings": [
      "gross_profit: no data"
    ]
  },
  "market_cap": null,
  "source": "SEC EDGAR",
  "last_updated": "2026-02-03T01:01:26.892380"
}