{
  "ticker": "SAMG",
  "name": "Silvercrest Asset Management Group Inc.",
  "quarters": [
    {
      "date": "2020-12-31T00:00:00",
      "quarter_label": "2020-12 (Q4)",
      "revenue": 28415000,
      "gross_profit": null,
      "operating_income": 3361000,
      "net_income": 1879000,
      "opex": 25054000,
      "cogs": null,
      "rd": null,
      "sga": null,
      "fcf": 16568000,
      "ocf": 16741000,
      "capex": -173000,
      "gross_margin": null,
      "op_margin": 0.11828259721977828,
      "fcf_margin": 0.5830723209572409
    },
    {
      "date": "2021-03-31T00:00:00",
      "quarter_label": "2021-03 (Q1)",
      "revenue": 31237000,
      "gross_profit": null,
      "operating_income": 5688000,
      "net_income": 2552000,
      "opex": 25549000,
      "cogs": null,
      "rd": null,
      "sga": null,
      "fcf": -15736000,
      "ocf": -15594000,
      "capex": -142000,
      "gross_margin": null,
      "op_margin": 0.18209175016806992,
      "fcf_margin": -0.5037615648109613,
      "op_leverage_ratio": 5.026679819486436,
      "fcf_margin_change": -1.0868338857682023
    },
    {
      "date": "2021-06-30T00:00:00",
      "quarter_label": "2021-06 (Q2)",
      "revenue": 33101000,
      "gross_profit": null,
      "operating_income": 7342000,
      "net_income": 3335000,
      "opex": 25759000,
      "cogs": null,
      "rd": null,
      "sga": null,
      "fcf": 17291000,
      "ocf": 17545000,
      "capex": -254000,
      "gross_margin": null,
      "op_margin": 0.22180598773450952,
      "fcf_margin": 0.5223709253496873,
      "op_leverage_ratio": 7.259909417555798,
      "fcf_margin_change": 1.0261324901606486
    },
    {
      "date": "2021-09-30T00:00:00",
      "quarter_label": "2021-09 (Q3)",
      "revenue": 33461000,
      "gross_profit": null,
      "operating_income": 8181000,
      "net_income": 3723000,
      "opex": 25280000,
      "cogs": null,
      "rd": null,
      "sga": null,
      "fcf": 19458000,
      "ocf": 19692000,
      "capex": -234000,
      "gross_margin": null,
      "op_margin": 0.24449358955201578,
      "fcf_margin": 0.5815128059531992,
      "op_leverage_ratio": Infinity,
      "fcf_margin_change": 0.05914188060351189
    },
    {
      "date": "2021-12-31T00:00:00",
      "quarter_label": "2021-12 (Q4)",
      "revenue": 33804000,
      "gross_profit": null,
      "operating_income": 9310000,
      "net_income": 5083000,
      "opex": 24494000,
      "cogs": null,
      "rd": null,
      "sga": null,
      "fcf": 22357000,
      "ocf": 22635000,
      "capex": -278000,
      "gross_margin": null,
      "op_margin": 0.2754111939415454,
      "fcf_margin": 0.6613714353330967,
      "incr_op_margin_yoy": 1.1039153831879756,
      "rev_growth_yoy": 0.18965335210276263,
      "op_leverage_ratio": Infinity,
      "fcf_margin_change": 0.07985862937989752
    },
    {
      "date": "2022-03-31T00:00:00",
      "quarter_label": "2022-03 (Q1)",
      "revenue": 33510000,
      "gross_profit": null,
      "operating_income": 15439000,
      "net_income": 7568000,
      "opex": 18071000,
      "cogs": null,
      "rd": null,
      "sga": null,
      "fcf": -23588000,
      "ocf": -23555000,
      "capex": -33000,
      "gross_margin": null,
      "op_margin": 0.4607281408534766,
      "fcf_margin": -0.703909280811698,
      "incr_op_margin_yoy": 4.289925208974923,
      "rev_growth_yoy": 0.07276627076863976,
      "rev_growth_yoy_accel": -0.11688708133412287,
      "fcf_margin_change": -1.3652807161447948
    },
    {
      "date": "2022-06-30T00:00:00",
      "quarter_label": "2022-06 (Q2)",
      "revenue": 32173000,
      "gross_profit": null,
      "operating_income": 11900000,
      "net_income": 5770000,
      "opex": 20273000,
      "cogs": null,
      "rd": null,
      "sga": null,
      "fcf": 16737000,
      "ocf": 16994000,
      "capex": -257000,
      "gross_margin": null,
      "op_margin": 0.36987536132782145,
      "fcf_margin": 0.520218817020483,
      "rev_growth_yoy": -0.028035406785293496,
      "rev_growth_yoy_accel": -0.10080167755393325,
      "fcf_margin_change": 1.224128097832181
    },
    {
      "date": "2022-09-30T00:00:00",
      "quarter_label": "2022-09 (Q3)",
      "revenue": 29042000,
      "gross_profit": null,
      "operating_income": 7102000,
      "net_income": 3433000,
      "opex": 21940000,
      "cogs": null,
      "rd": null,
      "sga": null,
      "fcf": 13876000,
      "ocf": 14255000,
      "capex": -379000,
      "gross_margin": null,
      "op_margin": 0.24454238688795538,
      "fcf_margin": 0.47779078575855655,
      "incr_op_margin_yoy": 0.24417288979407106,
      "rev_growth_yoy": -0.13206419413645737,
      "rev_growth_yoy_accel": -0.10402878735116387,
      "fcf_margin_change": -0.04242803126192646
    },
    {
      "date": "2022-12-31T00:00:00",
      "quarter_label": "2022-12 (Q4)",
      "revenue": 28492000,
      "gross_profit": null,
      "operating_income": 4121000,
      "net_income": 2057000,
      "opex": 24371000,
      "cogs": null,
      "rd": null,
      "sga": null,
      "fcf": 15402000,
      "ocf": 15689000,
      "capex": -287000,
      "gross_margin": null,
      "op_margin": 0.14463709111329495,
      "fcf_margin": 0.5405727923627685,
      "incr_op_margin_yoy": 0.9768448795180723,
      "rev_growth_yoy": -0.15714116672583126,
      "rev_growth_yoy_accel": -0.025076972589373886,
      "fcf_margin_change": 0.0627820066042119
    },
    {
      "date": "2023-03-31T00:00:00",
      "quarter_label": "2023-03 (Q1)",
      "revenue": 29430000,
      "gross_profit": null,
      "operating_income": 6751000,
      "net_income": 3204000,
      "opex": 22679000,
      "cogs": null,
      "rd": null,
      "sga": null,
      "fcf": -26583000,
      "ocf": -25520000,
      "capex": -1063000,
      "gross_margin": null,
      "op_margin": 0.2293917770981991,
      "fcf_margin": -0.9032619775739041,
      "incr_op_margin_yoy": 2.1294117647058823,
      "rev_growth_yoy": -0.12175470008952552,
      "rev_growth_yoy_accel": 0.035386466636305736,
      "op_leverage_ratio": Infinity,
      "fcf_margin_change": -1.4438347699366725
    },
    {
      "date": "2023-06-30T00:00:00",
      "quarter_label": "2023-06 (Q2)",
      "revenue": 29734000,
      "gross_profit": null,
      "operating_income": 6518000,
      "net_income": 3085000,
      "opex": 23216000,
      "cogs": null,
      "rd": null,
      "sga": null,
      "fcf": 14048000,
      "ocf": 15630000,
      "capex": -1582000,
      "gross_margin": null,
      "op_margin": 0.21921033160691464,
      "fcf_margin": 0.4724557745342033,
      "incr_op_margin_yoy": 2.206642066420664,
      "rev_growth_yoy": -0.07580890809063501,
      "rev_growth_yoy_accel": 0.04594579199889051,
      "op_leverage_ratio": 0.4362474855905912,
      "fcf_margin_change": 1.3757177521081074
    },
    {
      "date": "2023-09-30T00:00:00",
      "quarter_label": "2023-09 (Q3)",
      "revenue": 29704000,
      "gross_profit": null,
      "operating_income": 6519000,
      "net_income": 3216000,
      "opex": 23185000,
      "cogs": null,
      "rd": null,
      "sga": null,
      "fcf": 15428000,
      "ocf": 16138000,
      "capex": -710000,
      "gross_margin": null,
      "op_margin": 0.2194653918664153,
      "fcf_margin": 0.519391327767304,
      "rev_growth_yoy": 0.022794573376489224,
      "rev_growth_yoy_accel": 0.09860348146712423,
      "fcf_margin_change": 0.046935553233100724
    },
    {
      "date": "2023-12-31T00:00:00",
      "quarter_label": "2023-12 (Q4)",
      "revenue": 28542000,
      "gross_profit": null,
      "operating_income": -969000,
      "net_income": -411000,
      "opex": 29511000,
      "cogs": null,
      "rd": null,
      "sga": null,
      "fcf": 14204000,
      "ocf": 14727000,
      "capex": -523000,
      "gross_margin": null,
      "op_margin": -0.033949968467521546,
      "fcf_margin": 0.49765258215962443,
      "rev_growth_yoy": 0.0017548785624034817,
      "rev_growth_yoy_accel": -0.02103969481408574,
      "fcf_margin_change": -0.021738745607679577
    },
    {
      "date": "2024-03-31T00:00:00",
      "quarter_label": "2024-03 (Q1)",
      "revenue": 30272000,
      "gross_profit": null,
      "operating_income": 5904000,
      "net_income": 3000000,
      "opex": 24368000,
      "cogs": null,
      "rd": null,
      "sga": null,
      "fcf": -24691000,
      "ocf": -24088000,
      "capex": -603000,
      "gross_margin": null,
      "op_margin": 0.19503171247357293,
      "fcf_margin": -0.8156382135306554,
      "rev_growth_yoy": 0.028610261637784573,
      "rev_growth_yoy_accel": 0.02685538307538109,
      "op_leverage_ratio": Infinity,
      "fcf_margin_change": -1.3132907956902797
    },
    {
      "date": "2024-06-30T00:00:00",
      "quarter_label": "2024-06 (Q2)",
      "revenue": 30993000,
      "gross_profit": null,
      "operating_income": 5309000,
      "net_income": 2665000,
      "opex": 25684000,
      "cogs": null,
      "rd": null,
      "sga": null,
      "fcf": 15627000,
      "ocf": 15981000,
      "capex": -354000,
      "gross_margin": null,
      "op_margin": 0.17129674442616075,
      "fcf_margin": 0.5042106282063692,
      "incr_op_margin_yoy": -0.960285941223193,
      "rev_growth_yoy": 0.04234209995291585,
      "rev_growth_yoy_accel": 0.013731838315131278,
      "op_leverage_ratio": 0.44101985965543605,
      "fcf_margin_change": 1.3198488417370244
    },
    {
      "date": "2024-09-30T00:00:00",
      "quarter_label": "2024-09 (Q3)",
      "revenue": 30424000,
      "gross_profit": null,
      "operating_income": 4457000,
      "net_income": 2252000,
      "opex": 25967000,
      "cogs": null,
      "rd": null,
      "sga": null,
      "fcf": 12910000,
      "ocf": 13290000,
      "capex": -380000,
      "gross_margin": null,
      "op_margin": 0.1464961872206153,
      "fcf_margin": 0.42433605048645806,
      "rev_growth_yoy": 0.024239159709130084,
      "rev_growth_yoy_accel": -0.018102940243785767,
      "fcf_margin_change": -0.07987457771991113
    },
    {
      "date": "2024-12-31T00:00:00",
      "quarter_label": "2024-12 (Q4)",
      "revenue": 31962000,
      "gross_profit": null,
      "operating_income": 1956000,
      "net_income": 1618000,
      "opex": 30005000,
      "cogs": null,
      "rd": null,
      "sga": null,
      "fcf": 16044000,
      "ocf": 16407000,
      "capex": -363000,
      "gross_margin": null,
      "op_margin": 0.06119767223577999,
      "fcf_margin": 0.5019710906701709,
      "incr_op_margin_yoy": 0.8552631578947368,
      "rev_growth_yoy": 0.11982341812066429,
      "rev_growth_yoy_accel": 0.0955842584115342,
      "op_leverage_ratio": 0.32508391878521387,
      "fcf_margin_change": 0.07763504018371281
    },
    {
      "date": "2025-03-31T00:00:00",
      "quarter_label": "2025-03 (Q1)",
      "revenue": 31392000,
      "gross_profit": null,
      "operating_income": 4837000,
      "net_income": 2469000,
      "opex": 26555000,
      "cogs": null,
      "rd": null,
      "sga": null,
      "fcf": -25116000,
      "ocf": -24714000,
      "capex": -402000,
      "gross_margin": null,
      "op_margin": 0.15408384301732925,
      "fcf_margin": -0.8000764525993884,
      "incr_op_margin_yoy": -0.9526785714285714,
      "rev_growth_yoy": 0.03699788583509514,
      "rev_growth_yoy_accel": -0.08282553228556915,
      "fcf_margin_change": -1.3020475432695593
    },
    {
      "date": "2025-06-30T00:00:00",
      "quarter_label": "2025-06 (Q2)",
      "revenue": 30673000,
      "gross_profit": null,
      "operating_income": 4041000,
      "net_income": 1918000,
      "opex": 26632000,
      "cogs": null,
      "rd": null,
      "sga": null,
      "fcf": 13379000,
      "ocf": 13849000,
      "capex": -470000,
      "gross_margin": null,
      "op_margin": 0.13174453102076744,
      "fcf_margin": 0.43618165813581977,
      "rev_growth_yoy": -0.010324912076920595,
      "rev_growth_yoy_accel": -0.047322797912015734,
      "fcf_margin_change": 1.2362581107352082
    },
    {
      "date": "2025-09-30T00:00:00",
      "quarter_label": "2025-09 (Q3)",
      "revenue": 31295000,
      "gross_profit": null,
      "operating_income": 1331000,
      "net_income": 618000,
      "opex": 29964000,
      "cogs": null,
      "rd": null,
      "sga": null,
      "fcf": 13790000,
      "ocf": 14599000,
      "capex": -809000,
      "gross_margin": null,
      "op_margin": 0.042530755711775045,
      "fcf_margin": 0.4406454705224477,
      "rev_growth_yoy": 0.028628714173021298,
      "rev_growth_yoy_accel": 0.03895362624994189,
      "op_leverage_ratio": 0.16208130303273788,
      "fcf_margin_change": 0.004463812386627908
    }
  ],
  "signals": [
    {
      "quarter": "2025-06 (Q2)",
      "signal": "FCF TURNED POSITIVE",
      "detail": "FCF margin: -80.0% -> +43.6%",
      "severity": "HIGH"
    },
    {
      "quarter": "2025-03 (Q1)",
      "signal": "YoY REVENUE GROWTH DECELERATION",
      "detail": "YoY growth: +3.7% vs prior quarter YoY: +12.0% (decel: -8.3%)",
      "severity": "WARNING"
    },
    {
      "quarter": "2024-12 (Q4)",
      "signal": "FCF MARGIN EXPANSION",
      "detail": "FCF margin: +42.4% -> +50.2% (+7.8%)",
      "severity": "MEDIUM"
    },
    {
      "quarter": "2024-12 (Q4)",
      "signal": "YoY REVENUE GROWTH ACCELERATION",
      "detail": "YoY growth: +12.0% vs prior quarter YoY: +2.4% (accel: +9.6%)",
      "severity": "MEDIUM"
    },
    {
      "quarter": "2024-12 (Q4)",
      "signal": "OP MARGIN TURNED POSITIVE (YoY)",
      "detail": "Op margin: -3.4% (year-ago) -> +6.1%",
      "severity": "HIGH"
    },
    {
      "quarter": "2024-06 (Q2)",
      "signal": "FCF TURNED POSITIVE",
      "detail": "FCF margin: -81.6% -> +50.4%",
      "severity": "HIGH"
    },
    {
      "quarter": "2024-03 (Q1)",
      "signal": "OP MARGIN TURNED POSITIVE (QoQ)",
      "detail": "Op margin: -3.4% -> +19.5%",
      "severity": "HIGH"
    },
    {
      "quarter": "2023-09 (Q3)",
      "signal": "YoY REVENUE GROWTH ACCELERATION",
      "detail": "YoY growth: +2.3% vs prior quarter YoY: -7.6% (accel: +9.9%)",
      "severity": "MEDIUM"
    },
    {
      "quarter": "2023-06 (Q2)",
      "signal": "FCF TURNED POSITIVE",
      "detail": "FCF margin: -90.3% -> +47.2%",
      "severity": "HIGH"
    },
    {
      "quarter": "2023-06 (Q2)",
      "signal": "INCREMENTAL MARGIN (YoY)",
      "detail": "YoY Incr OPM: +220.7% vs year-ago OPM: +37.0%",
      "severity": "HIGH"
    },
    {
      "quarter": "2023-03 (Q1)",
      "signal": "INCREMENTAL MARGIN (YoY)",
      "detail": "YoY Incr OPM: +212.9% vs year-ago OPM: +46.1%",
      "severity": "HIGH"
    },
    {
      "quarter": "2022-12 (Q4)",
      "signal": "FCF MARGIN EXPANSION",
      "detail": "FCF margin: +47.8% -> +54.1% (+6.3%)",
      "severity": "MEDIUM"
    },
    {
      "quarter": "2022-12 (Q4)",
      "signal": "INCREMENTAL MARGIN (YoY)",
      "detail": "YoY Incr OPM: +97.7% vs year-ago OPM: +27.5%",
      "severity": "HIGH"
    },
    {
      "quarter": "2022-09 (Q3)",
      "signal": "YoY REVENUE GROWTH DECELERATION",
      "detail": "YoY growth: -13.2% vs prior quarter YoY: -2.8% (decel: -10.4%)",
      "severity": "WARNING"
    },
    {
      "quarter": "2022-06 (Q2)",
      "signal": "FCF TURNED POSITIVE",
      "detail": "FCF margin: -70.4% -> +52.0%",
      "severity": "HIGH"
    },
    {
      "quarter": "2022-06 (Q2)",
      "signal": "YoY REVENUE GROWTH DECELERATION",
      "detail": "YoY growth: -2.8% vs prior quarter YoY: +7.3% (decel: -10.1%)",
      "severity": "WARNING"
    },
    {
      "quarter": "2022-03 (Q1)",
      "signal": "YoY REVENUE GROWTH DECELERATION",
      "detail": "YoY growth: +7.3% vs prior quarter YoY: +19.0% (decel: -11.7%)",
      "severity": "WARNING"
    },
    {
      "quarter": "2022-03 (Q1)",
      "signal": "INCREMENTAL MARGIN (YoY)",
      "detail": "YoY Incr OPM: +429.0% vs year-ago OPM: +18.2%",
      "severity": "HIGH"
    },
    {
      "quarter": "2021-12 (Q4)",
      "signal": "FCF MARGIN EXPANSION",
      "detail": "FCF margin: +58.2% -> +66.1% (+8.0%)",
      "severity": "MEDIUM"
    },
    {
      "quarter": "2021-12 (Q4)",
      "signal": "INCREMENTAL MARGIN (YoY)",
      "detail": "YoY Incr OPM: +110.4% vs year-ago OPM: +11.8%",
      "severity": "HIGH"
    },
    {
      "quarter": "2021-09 (Q3)",
      "signal": "FCF MARGIN EXPANSION",
      "detail": "FCF margin: +52.2% -> +58.2% (+5.9%)",
      "severity": "MEDIUM"
    },
    {
      "quarter": "2021-06 (Q2)",
      "signal": "FCF TURNED POSITIVE",
      "detail": "FCF margin: -50.4% -> +52.2%",
      "severity": "HIGH"
    },
    {
      "quarter": "2021-06 (Q2)",
      "signal": "OPERATING LEVERAGE",
      "detail": "Rev growth +6.0% vs OpEx growth +0.8% (leverage: 7.3x)",
      "severity": "MEDIUM"
    },
    {
      "quarter": "2021-03 (Q1)",
      "signal": "OPERATING LEVERAGE",
      "detail": "Rev growth +9.9% vs OpEx growth +2.0% (leverage: 5.0x)",
      "severity": "MEDIUM"
    }
  ],
  "data_quality": {
    "n_quarters": 20,
    "coverage": {
      "revenue": [
        20,
        20
      ],
      "gross_profit": [
        0,
        20
      ],
      "op_income": [
        20,
        20
      ],
      "fcf": [
        20,
        20
      ]
    },
    "gaps": [],
    "warnings": [
      "gross_profit: no data"
    ]
  },
  "market_cap": null,
  "source": "SEC EDGAR",
  "last_updated": "2026-02-02T23:13:40.479020"
}