{
  "ticker": "SARO",
  "name": "StandardAero, Inc.",
  "quarters": [
    {
      "date": "2023-09-30T00:00:00",
      "quarter_label": "2023-09 (Q3)",
      "revenue": 1099441000,
      "gross_profit": 151401000,
      "operating_income": 74759000,
      "net_income": -17933000,
      "opex": 76642000,
      "cogs": 948040000,
      "rd": null,
      "sga": 53020000,
      "fcf": null,
      "ocf": null,
      "capex": null,
      "gross_margin": 0.13770725304950424,
      "op_margin": 0.06799728225525517,
      "fcf_margin": null
    },
    {
      "date": "2023-12-31T00:00:00",
      "quarter_label": "2023-12 (Q4)",
      "revenue": 1157771000,
      "gross_profit": 158032000,
      "operating_income": 79874000,
      "net_income": -4559000,
      "opex": 78158000,
      "cogs": 999739000,
      "rd": null,
      "sga": 54545000,
      "fcf": 163753000,
      "ocf": 163753000,
      "capex": null,
      "gross_margin": 0.13649676835920058,
      "op_margin": 0.06898946337401783,
      "fcf_margin": 0.14143816005064905,
      "op_leverage_ratio": 2.682178493686378
    },
    {
      "date": "2024-03-31T00:00:00",
      "quarter_label": "2024-03 (Q1)",
      "revenue": 1235723000,
      "gross_profit": 181411000,
      "operating_income": 105507000,
      "net_income": 3187000,
      "opex": 75904000,
      "cogs": 1054312000,
      "rd": null,
      "sga": 52612000,
      "fcf": -102042000,
      "ocf": -83551000,
      "capex": -18491000,
      "gross_margin": 0.14680555431921233,
      "op_margin": 0.08538078517596581,
      "fcf_margin": -0.08257675870725073,
      "op_leverage_ratio": Infinity,
      "fcf_margin_change": -0.22401491875789978
    },
    {
      "date": "2024-06-30T00:00:00",
      "quarter_label": "2024-06 (Q2)",
      "revenue": 1347198000,
      "gross_profit": 184606000,
      "operating_income": 105077000,
      "net_income": 5404000,
      "opex": 79529000,
      "cogs": 1162592000,
      "rd": null,
      "sga": 56236000,
      "fcf": 38787000,
      "ocf": 65397000,
      "capex": -26610000,
      "gross_margin": 0.13702959772802514,
      "op_margin": 0.07799670130151619,
      "fcf_margin": 0.028790868157464605,
      "op_leverage_ratio": 1.8889175559292148,
      "fcf_margin_change": 0.11136762686471534
    },
    {
      "date": "2024-09-30T00:00:00",
      "quarter_label": "2024-09 (Q3)",
      "revenue": 1244627000,
      "gross_profit": 186231000,
      "operating_income": 98048000,
      "net_income": 16436000,
      "opex": 88183000,
      "cogs": 1058396000,
      "rd": null,
      "sga": 62895000,
      "fcf": -39186000,
      "ocf": -13865000,
      "capex": -25321000,
      "gross_margin": 0.149627960826818,
      "op_margin": 0.07877701512179955,
      "fcf_margin": -0.03148413139036836,
      "incr_op_margin_yoy": 0.16040802832229004,
      "rev_growth_yoy": 0.13205438036238415,
      "fcf_margin_change": -0.06027499954783297
    },
    {
      "date": "2024-12-31T00:00:00",
      "quarter_label": "2024-12 (Q4)",
      "revenue": 1409613000,
      "gross_profit": 201894000,
      "operating_income": 94588000,
      "net_income": -14053000,
      "opex": 107306000,
      "cogs": 1207719000,
      "rd": null,
      "sga": 82348000,
      "fcf": 75836000,
      "ocf": 108349000,
      "capex": -32513000,
      "gross_margin": 0.14322654515813915,
      "op_margin": 0.06710210532961884,
      "fcf_margin": 0.05379916331645636,
      "incr_op_margin_yoy": 0.05842552076301808,
      "rev_growth_yoy": 0.21752315440618222,
      "rev_growth_yoy_accel": 0.08546877404379807,
      "op_leverage_ratio": 0.6112751204355057,
      "fcf_margin_change": 0.08528329470682472
    },
    {
      "date": "2025-03-31T00:00:00",
      "quarter_label": "2025-03 (Q1)",
      "revenue": 1435588000,
      "gross_profit": 217730000,
      "operating_income": 128923000,
      "net_income": 62943000,
      "opex": 88807000,
      "cogs": 1217858000,
      "rd": null,
      "sga": 64475000,
      "fcf": -49324000,
      "ocf": -23986000,
      "capex": -25338000,
      "gross_margin": 0.1516660768967141,
      "op_margin": 0.08980501369473692,
      "fcf_margin": -0.034358047016274866,
      "incr_op_margin_yoy": 0.1171590823806069,
      "rev_growth_yoy": 0.16173932183830841,
      "rev_growth_yoy_accel": -0.05578383256787381,
      "op_leverage_ratio": Infinity,
      "fcf_margin_change": -0.08815721033273122
    },
    {
      "date": "2025-06-30T00:00:00",
      "quarter_label": "2025-06 (Q2)",
      "revenue": 1528943000,
      "gross_profit": 236175000,
      "operating_income": 135570000,
      "net_income": 67713000,
      "opex": 100605000,
      "cogs": 1292768000,
      "rd": null,
      "sga": 76002000,
      "fcf": -19041000,
      "ocf": 2883000,
      "capex": -21924000,
      "gross_margin": 0.15446946027418942,
      "op_margin": 0.08866910015612092,
      "fcf_margin": -0.012453701674947987,
      "incr_op_margin_yoy": 0.16777903106000164,
      "rev_growth_yoy": 0.13490593067982584,
      "rev_growth_yoy_accel": -0.026833391158482572,
      "op_leverage_ratio": 0.48949309673000324,
      "fcf_margin_change": 0.02190434534132688
    },
    {
      "date": "2025-09-30T00:00:00",
      "quarter_label": "2025-09 (Q3)",
      "revenue": 1497962000,
      "gross_profit": 223159000,
      "operating_income": 137342000,
      "net_income": 68120000,
      "opex": 85817000,
      "cogs": 1274803000,
      "rd": null,
      "sga": 60944000,
      "fcf": -4672000,
      "ocf": 14799000,
      "capex": -19471000,
      "gross_margin": 0.1489750741340568,
      "op_margin": 0.09168590391478555,
      "fcf_margin": -0.0031189042178640046,
      "incr_op_margin_yoy": 0.15510687429687964,
      "rev_growth_yoy": 0.20354290883935508,
      "rev_growth_yoy_accel": 0.06863697815952924,
      "fcf_margin_change": 0.009334797457083982
    }
  ],
  "signals": [
    {
      "quarter": "2025-09 (Q3)",
      "signal": "YoY REVENUE GROWTH ACCELERATION",
      "detail": "YoY growth: +20.4% vs prior quarter YoY: +13.5% (accel: +6.9%)",
      "severity": "MEDIUM"
    },
    {
      "quarter": "2025-03 (Q1)",
      "signal": "YoY REVENUE GROWTH DECELERATION",
      "detail": "YoY growth: +16.2% vs prior quarter YoY: +21.8% (decel: -5.6%)",
      "severity": "WARNING"
    },
    {
      "quarter": "2024-12 (Q4)",
      "signal": "FCF TURNED POSITIVE",
      "detail": "FCF margin: -3.1% -> +5.4%",
      "severity": "HIGH"
    },
    {
      "quarter": "2024-12 (Q4)",
      "signal": "YoY REVENUE GROWTH ACCELERATION",
      "detail": "YoY growth: +21.8% vs prior quarter YoY: +13.2% (accel: +8.5%)",
      "severity": "MEDIUM"
    },
    {
      "quarter": "2024-06 (Q2)",
      "signal": "FCF TURNED POSITIVE",
      "detail": "FCF margin: -8.3% -> +2.9%",
      "severity": "HIGH"
    },
    {
      "quarter": "2024-06 (Q2)",
      "signal": "OPERATING LEVERAGE",
      "detail": "Rev growth +9.0% vs OpEx growth +4.8% (leverage: 1.9x)",
      "severity": "MEDIUM"
    },
    {
      "quarter": "2023-12 (Q4)",
      "signal": "OPERATING LEVERAGE",
      "detail": "Rev growth +5.3% vs OpEx growth +2.0% (leverage: 2.7x)",
      "severity": "MEDIUM"
    }
  ],
  "data_quality": {
    "n_quarters": 9,
    "coverage": {
      "revenue": [
        9,
        9
      ],
      "gross_profit": [
        9,
        9
      ],
      "op_income": [
        9,
        9
      ],
      "fcf": [
        8,
        9
      ]
    },
    "gaps": [],
    "warnings": []
  },
  "market_cap": null,
  "source": "SEC EDGAR",
  "last_updated": "2026-02-02T20:35:15.980119"
}