{
  "ticker": "SATS",
  "name": "EchoStar Corporation",
  "quarters": [
    {
      "date": "2020-12-31T00:00:00",
      "quarter_label": "2020-12 (Q4)",
      "revenue": 489273000,
      "gross_profit": null,
      "operating_income": 30108000,
      "net_income": null,
      "opex": 459165000,
      "cogs": null,
      "rd": 8070000,
      "sga": 120475000,
      "fcf": 55229000,
      "ocf": 168986000,
      "capex": -113757000,
      "gross_margin": null,
      "op_margin": 0.06153619758294449,
      "fcf_margin": 0.11287972154604893
    },
    {
      "date": "2021-03-31T00:00:00",
      "quarter_label": "2021-03 (Q1)",
      "revenue": 482582000,
      "gross_profit": null,
      "operating_income": 53462000,
      "net_income": null,
      "opex": 429120000,
      "cogs": null,
      "rd": 7545000,
      "sga": 114119000,
      "fcf": -62348000,
      "ocf": 116887000,
      "capex": -179235000,
      "gross_margin": null,
      "op_margin": 0.11078324512725299,
      "fcf_margin": -0.12919669610553233,
      "fcf_margin_change": -0.24207641765158128
    },
    {
      "date": "2021-06-30T00:00:00",
      "quarter_label": "2021-06 (Q2)",
      "revenue": 499834000,
      "gross_profit": null,
      "operating_income": 65308000,
      "net_income": null,
      "opex": 434526000,
      "cogs": null,
      "rd": 7441000,
      "sga": 114038000,
      "fcf": 108522000,
      "ocf": 191753000,
      "capex": -83231000,
      "gross_margin": null,
      "op_margin": 0.1306593789137994,
      "fcf_margin": 0.2171160825394031,
      "op_leverage_ratio": 2.837729828905777,
      "fcf_margin_change": 0.3463127786449354
    },
    {
      "date": "2021-09-30T00:00:00",
      "quarter_label": "2021-09 (Q3)",
      "revenue": 504660000,
      "gross_profit": null,
      "operating_income": 62597000,
      "net_income": null,
      "opex": 442063000,
      "cogs": null,
      "rd": 7974000,
      "sga": 112986000,
      "fcf": 29685000,
      "ocf": 119222000,
      "capex": -89537000,
      "gross_margin": null,
      "op_margin": 0.12403796615543138,
      "fcf_margin": 0.05882178100107003,
      "fcf_margin_change": -0.15829430153833307
    },
    {
      "date": "2021-12-31T00:00:00",
      "quarter_label": "2021-12 (Q4)",
      "revenue": 498644000,
      "gross_profit": null,
      "operating_income": 35643000,
      "net_income": null,
      "opex": 463001000,
      "cogs": null,
      "rd": 8817000,
      "sga": 120562000,
      "fcf": 2960202000,
      "ocf": 4227511000,
      "capex": -1267309000,
      "gross_margin": null,
      "op_margin": 0.0714798533623186,
      "fcf_margin": 5.9365037983009925,
      "incr_op_margin_yoy": 0.5906520115249173,
      "rev_growth_yoy": 0.019152906455087448,
      "fcf_margin_change": 5.8776820172999225
    },
    {
      "date": "2022-03-31T00:00:00",
      "quarter_label": "2022-03 (Q1)",
      "revenue": 501534000,
      "gross_profit": null,
      "operating_income": 45068000,
      "net_income": null,
      "opex": 456466000,
      "cogs": null,
      "rd": 7617000,
      "sga": 118170000,
      "fcf": -7785000,
      "ocf": 104353000,
      "capex": -112138000,
      "gross_margin": null,
      "op_margin": 0.08986030857329712,
      "fcf_margin": -0.015522377346301547,
      "incr_op_margin_yoy": -0.44290840016884764,
      "rev_growth_yoy": 0.03927208225752307,
      "rev_growth_yoy_accel": 0.020119175802435624,
      "fcf_margin_change": -5.952026175647294
    },
    {
      "date": "2022-06-30T00:00:00",
      "quarter_label": "2022-06 (Q2)",
      "revenue": 499316000,
      "gross_profit": null,
      "operating_income": 45906000,
      "net_income": null,
      "opex": 453410000,
      "cogs": null,
      "rd": 8764000,
      "sga": 113091000,
      "fcf": 71500000,
      "ocf": 147279000,
      "capex": -75779000,
      "gross_margin": null,
      "op_margin": 0.09193777087055091,
      "fcf_margin": 0.14319589198022895,
      "rev_growth_yoy": -0.0010363440662299883,
      "rev_growth_yoy_accel": -0.04030842632375306,
      "fcf_margin_change": 0.1587182693265305
    },
    {
      "date": "2022-09-30T00:00:00",
      "quarter_label": "2022-09 (Q3)",
      "revenue": 497387000,
      "gross_profit": null,
      "operating_income": 47034000,
      "net_income": null,
      "opex": 450353000,
      "cogs": null,
      "rd": 9181000,
      "sga": 111421000,
      "fcf": 30228000,
      "ocf": 91685000,
      "capex": -61457000,
      "gross_margin": null,
      "op_margin": 0.09456218196293832,
      "fcf_margin": 0.06077360284848619,
      "incr_op_margin_yoy": 2.139832256290389,
      "rev_growth_yoy": -0.014411683113383268,
      "rev_growth_yoy_accel": -0.01337533904715328,
      "fcf_margin_change": -0.08242228913174277
    },
    {
      "date": "2022-12-31T00:00:00",
      "quarter_label": "2022-12 (Q4)",
      "revenue": 4533017000,
      "gross_profit": null,
      "operating_income": 427514000,
      "net_income": null,
      "opex": 448220000,
      "cogs": null,
      "rd": 7248000,
      "sga": 112552000,
      "fcf": 476775000,
      "ocf": 3277873000,
      "capex": -2801098000,
      "gross_margin": null,
      "op_margin": 0.09431113979938748,
      "fcf_margin": 0.10517829516191976,
      "incr_op_margin_yoy": 0.09713306132080499,
      "rev_growth_yoy": 8.090687945708762,
      "rev_growth_yoy_accel": 8.105099628822146,
      "op_leverage_ratio": Infinity,
      "fcf_margin_change": 0.04440469231343357
    },
    {
      "date": "2023-03-31T00:00:00",
      "quarter_label": "2023-03 (Q1)",
      "revenue": 439597000,
      "gross_profit": -2023003000,
      "operating_income": 28247000,
      "net_income": null,
      "opex": 411350000,
      "cogs": 2462600000,
      "rd": 8255000,
      "sga": 110061000,
      "fcf": 23666000,
      "ocf": 789947000,
      "capex": -766281000,
      "gross_margin": -4.6019490578871105,
      "op_margin": 0.06425658045892033,
      "fcf_margin": 0.053835672217963274,
      "incr_op_margin_yoy": 0.2715824143888144,
      "rev_growth_yoy": -0.12349511698110198,
      "rev_growth_yoy_accel": -8.214183062689864,
      "fcf_margin_change": -0.05134262294395649
    },
    {
      "date": "2023-06-30T00:00:00",
      "quarter_label": "2023-06 (Q2)",
      "revenue": 453109000,
      "gross_profit": -1938431000,
      "operating_income": 44373000,
      "net_income": null,
      "opex": 408736000,
      "cogs": 2391540000,
      "rd": 6842000,
      "sga": 107420000,
      "fcf": -185378000,
      "ocf": 749159000,
      "capex": -934537000,
      "gross_margin": -4.27806774970261,
      "op_margin": 0.09793007863450075,
      "fcf_margin": -0.4091245152932297,
      "incr_op_margin_yoy": 0.03317679139524315,
      "rev_growth_yoy": -0.09254059553469146,
      "rev_growth_yoy_accel": 0.03095452144641052,
      "op_leverage_ratio": Infinity,
      "fcf_margin_change": -0.46296018751119294
    },
    {
      "date": "2023-09-30T00:00:00",
      "quarter_label": "2023-09 (Q3)",
      "revenue": 413074000,
      "gross_profit": -1955547000,
      "operating_income": 22080000,
      "net_income": null,
      "opex": 390994000,
      "cogs": 2368621000,
      "rd": 6463000,
      "sga": 104988000,
      "fcf": -350483000,
      "ocf": 482444000,
      "capex": -832927000,
      "gross_margin": -4.734132383059694,
      "op_margin": 0.05345289221785927,
      "fcf_margin": -0.8484750916300712,
      "incr_op_margin_yoy": 0.2959685932181277,
      "rev_growth_yoy": -0.16951186902753793,
      "rev_growth_yoy_accel": -0.07697127349284646,
      "fcf_margin_change": -0.4393505763368415
    },
    {
      "date": "2023-12-31T00:00:00",
      "quarter_label": "2023-12 (Q4)",
      "revenue": 4162596000,
      "gross_profit": 1874930000,
      "operating_income": -852126000,
      "net_income": null,
      "opex": 16082427000,
      "cogs": 2287666000,
      "rd": 88440000,
      "sga": 2666685000,
      "fcf": -156079000,
      "ocf": 411097000,
      "capex": -567176000,
      "gross_margin": 0.4504232454939177,
      "op_margin": -0.20471023370992525,
      "fcf_margin": -0.037495591693260645,
      "incr_op_margin_yoy": 3.4545557622273035,
      "rev_growth_yoy": -0.08171621681542338,
      "rev_growth_yoy_accel": 0.08779565221211455,
      "op_leverage_ratio": 0.2261806939280503,
      "fcf_margin_change": 0.8109794999368105
    },
    {
      "date": "2024-03-31T00:00:00",
      "quarter_label": "2024-03 (Q1)",
      "revenue": 4014843000,
      "gross_profit": 1457661000,
      "operating_income": -15244000,
      "net_income": -107376000,
      "opex": 4030087000,
      "cogs": 2557182000,
      "rd": 25000000,
      "sga": 624422000,
      "fcf": -68353000,
      "ocf": 451259000,
      "capex": -519612000,
      "gross_margin": 0.3630679954359361,
      "op_margin": -0.003796910613939325,
      "fcf_margin": -0.017025074205890493,
      "incr_op_margin_yoy": -0.01216447763314748,
      "rev_growth_yoy": 8.133008187044043,
      "rev_growth_yoy_accel": 8.214724403859465,
      "fcf_margin_change": 0.020470517487370152
    },
    {
      "date": "2024-06-30T00:00:00",
      "quarter_label": "2024-06 (Q2)",
      "revenue": 3952751000,
      "gross_profit": 1445273000,
      "operating_income": -65369000,
      "net_income": -205591000,
      "opex": 4018120000,
      "cogs": 2507478000,
      "rd": 29000000,
      "sga": 595024000,
      "fcf": 132415000,
      "ocf": 479725000,
      "capex": -347310000,
      "gross_margin": 0.36563724858965313,
      "op_margin": -0.016537596220961046,
      "fcf_margin": 0.03349945392462111,
      "incr_op_margin_yoy": -0.03135806462489592,
      "rev_growth_yoy": 7.7236205857751665,
      "rev_growth_yoy_accel": -0.4093876012688762,
      "fcf_margin_change": 0.0505245281305116
    },
    {
      "date": "2024-09-30T00:00:00",
      "quarter_label": "2024-09 (Q3)",
      "revenue": 3890984000,
      "gross_profit": 1352835000,
      "operating_income": -160767000,
      "net_income": -141812000,
      "opex": 4051751000,
      "cogs": 2538149000,
      "rd": 20000000,
      "sga": 643144000,
      "fcf": -57524000,
      "ocf": 276160000,
      "capex": -333684000,
      "gross_margin": 0.3476845445779268,
      "op_margin": -0.041317826030639035,
      "fcf_margin": -0.014783920982455852,
      "incr_op_margin_yoy": -0.052573815883677266,
      "rev_growth_yoy": 8.419580995172778,
      "rev_growth_yoy_accel": 0.6959604093976113,
      "fcf_margin_change": -0.04828337490707696
    },
    {
      "date": "2024-12-31T00:00:00",
      "quarter_label": "2024-12 (Q4)",
      "revenue": 3966938000,
      "gross_profit": 1434125000,
      "operating_income": -62690000,
      "net_income": null,
      "opex": 4029628000,
      "cogs": 2532813000,
      "rd": 17000000,
      "sga": 564226000,
      "fcf": -298718000,
      "ocf": 45553000,
      "capex": -344271000,
      "gross_margin": 0.3615193885056938,
      "op_margin": -0.015803120694097058,
      "fcf_margin": -0.07530190791991204,
      "incr_op_margin_yoy": -4.034774964478835,
      "rev_growth_yoy": -0.04700384087237868,
      "rev_growth_yoy_accel": -8.466584836045156,
      "op_leverage_ratio": Infinity,
      "fcf_margin_change": -0.060517986937456185
    },
    {
      "date": "2025-03-31T00:00:00",
      "quarter_label": "2025-03 (Q1)",
      "revenue": 3869758000,
      "gross_profit": 1437560000,
      "operating_income": -88132000,
      "net_income": -202669000,
      "opex": 3957890000,
      "cogs": 2432198000,
      "rd": 18000000,
      "sga": 597851000,
      "fcf": -51672000,
      "ocf": 206755000,
      "capex": -258427000,
      "gross_margin": 0.37148576215877066,
      "op_margin": -0.022774550760021686,
      "fcf_margin": -0.013352772964097497,
      "incr_op_margin_yoy": 0.5023813626494813,
      "rev_growth_yoy": -0.036137154055588226,
      "rev_growth_yoy_accel": 0.010866686816790455,
      "fcf_margin_change": 0.06194913495581454
    },
    {
      "date": "2025-06-30T00:00:00",
      "quarter_label": "2025-06 (Q2)",
      "revenue": 3724959000,
      "gross_profit": 1263328000,
      "operating_income": -213408000,
      "net_income": -306132000,
      "opex": 3938367000,
      "cogs": 2461631000,
      "rd": 16000000,
      "sga": 629494000,
      "fcf": -285661000,
      "ocf": 7512000,
      "capex": -293173000,
      "gross_margin": 0.3391521893261107,
      "op_margin": -0.05729136884459668,
      "fcf_margin": -0.07668836086518,
      "incr_op_margin_yoy": 0.6498867387792372,
      "rev_growth_yoy": -0.05762872490576816,
      "rev_growth_yoy_accel": -0.021491570850179935,
      "fcf_margin_change": -0.0633355879010825
    },
    {
      "date": "2025-09-30T00:00:00",
      "quarter_label": "2025-09 (Q3)",
      "revenue": 3614258000,
      "gross_profit": 1243895000,
      "operating_income": -16641875000,
      "net_income": -12781196000,
      "opex": 20256133000,
      "cogs": 2370363000,
      "rd": 19000000,
      "sga": 621487000,
      "fcf": -144351000,
      "ocf": 111681000,
      "capex": -256032000,
      "gross_margin": 0.3441633109755861,
      "op_margin": -4.60450665115772,
      "fcf_margin": -0.03993931811176734,
      "incr_op_margin_yoy": 59.55749730780628,
      "rev_growth_yoy": -0.07111979900200052,
      "rev_growth_yoy_accel": -0.013491074096232361,
      "fcf_margin_change": 0.036749042753412654
    }
  ],
  "signals": [
    {
      "quarter": "2025-03 (Q1)",
      "signal": "FCF MARGIN EXPANSION",
      "detail": "FCF margin: -7.5% -> -1.3% (+6.2%)",
      "severity": "MEDIUM"
    },
    {
      "quarter": "2024-12 (Q4)",
      "signal": "YoY REVENUE GROWTH DECELERATION",
      "detail": "YoY growth: -4.7% vs prior quarter YoY: +842.0% (decel: -846.7%)",
      "severity": "WARNING"
    },
    {
      "quarter": "2024-09 (Q3)",
      "signal": "YoY REVENUE GROWTH ACCELERATION",
      "detail": "YoY growth: +842.0% vs prior quarter YoY: +772.4% (accel: +69.6%)",
      "severity": "HIGH"
    },
    {
      "quarter": "2024-06 (Q2)",
      "signal": "FCF TURNED POSITIVE",
      "detail": "FCF margin: -1.7% -> +3.3%",
      "severity": "HIGH"
    },
    {
      "quarter": "2024-06 (Q2)",
      "signal": "YoY REVENUE GROWTH DECELERATION",
      "detail": "YoY growth: +772.4% vs prior quarter YoY: +813.3% (decel: -40.9%)",
      "severity": "WARNING"
    },
    {
      "quarter": "2024-03 (Q1)",
      "signal": "YoY REVENUE GROWTH ACCELERATION",
      "detail": "YoY growth: +813.3% vs prior quarter YoY: -8.2% (accel: +821.5%)",
      "severity": "HIGH"
    },
    {
      "quarter": "2023-12 (Q4)",
      "signal": "FCF MARGIN EXPANSION",
      "detail": "FCF margin: -84.8% -> -3.7% (+81.1%)",
      "severity": "MEDIUM"
    },
    {
      "quarter": "2023-12 (Q4)",
      "signal": "GROSS MARGIN INFLECTION",
      "detail": "GM: -427.8% -> -473.4% -> +45.0% (reversal +518.5%)",
      "severity": "HIGH"
    },
    {
      "quarter": "2023-12 (Q4)",
      "signal": "YoY REVENUE GROWTH ACCELERATION",
      "detail": "YoY growth: -8.2% vs prior quarter YoY: -17.0% (accel: +8.8%)",
      "severity": "MEDIUM"
    },
    {
      "quarter": "2023-09 (Q3)",
      "signal": "YoY REVENUE GROWTH DECELERATION",
      "detail": "YoY growth: -17.0% vs prior quarter YoY: -9.3% (decel: -7.7%)",
      "severity": "WARNING"
    },
    {
      "quarter": "2023-09 (Q3)",
      "signal": "INCREMENTAL MARGIN (YoY)",
      "detail": "YoY Incr OPM: +29.6% vs year-ago OPM: +9.5%",
      "severity": "HIGH"
    },
    {
      "quarter": "2023-03 (Q1)",
      "signal": "YoY REVENUE GROWTH DECELERATION",
      "detail": "YoY growth: -12.3% vs prior quarter YoY: +809.1% (decel: -821.4%)",
      "severity": "WARNING"
    },
    {
      "quarter": "2023-03 (Q1)",
      "signal": "INCREMENTAL MARGIN (YoY)",
      "detail": "YoY Incr OPM: +27.2% vs year-ago OPM: +9.0%",
      "severity": "MEDIUM"
    },
    {
      "quarter": "2022-12 (Q4)",
      "signal": "YoY REVENUE GROWTH ACCELERATION",
      "detail": "YoY growth: +809.1% vs prior quarter YoY: -1.4% (accel: +810.5%)",
      "severity": "HIGH"
    },
    {
      "quarter": "2022-09 (Q3)",
      "signal": "INCREMENTAL MARGIN (YoY)",
      "detail": "YoY Incr OPM: +214.0% vs year-ago OPM: +12.4%",
      "severity": "HIGH"
    },
    {
      "quarter": "2022-06 (Q2)",
      "signal": "FCF TURNED POSITIVE",
      "detail": "FCF margin: -1.6% -> +14.3%",
      "severity": "HIGH"
    },
    {
      "quarter": "2021-12 (Q4)",
      "signal": "FCF MARGIN EXPANSION",
      "detail": "FCF margin: +5.9% -> +593.7% (+587.8%)",
      "severity": "MEDIUM"
    },
    {
      "quarter": "2021-12 (Q4)",
      "signal": "INCREMENTAL MARGIN (YoY)",
      "detail": "YoY Incr OPM: +59.1% vs year-ago OPM: +6.2%",
      "severity": "HIGH"
    },
    {
      "quarter": "2021-06 (Q2)",
      "signal": "FCF TURNED POSITIVE",
      "detail": "FCF margin: -12.9% -> +21.7%",
      "severity": "HIGH"
    },
    {
      "quarter": "2021-06 (Q2)",
      "signal": "OPERATING LEVERAGE",
      "detail": "Rev growth +3.6% vs OpEx growth +1.3% (leverage: 2.8x)",
      "severity": "MEDIUM"
    }
  ],
  "data_quality": {
    "n_quarters": 20,
    "coverage": {
      "revenue": [
        20,
        20
      ],
      "gross_profit": [
        11,
        20
      ],
      "op_income": [
        20,
        20
      ],
      "fcf": [
        20,
        20
      ]
    },
    "gaps": [],
    "warnings": [
      "gross_profit: 11/20Q"
    ]
  },
  "market_cap": null,
  "source": "SEC EDGAR",
  "last_updated": "2026-02-02T20:05:34.290773"
}