{
  "ticker": "SAVA",
  "name": "CASSAVA SCIENCES INC",
  "quarters": [
    {
      "date": "2010-06-30T00:00:00",
      "quarter_label": "2010-06 (Q2)",
      "revenue": 2656000,
      "gross_profit": null,
      "operating_income": null,
      "net_income": null,
      "opex": null,
      "cogs": null,
      "rd": null,
      "sga": null,
      "fcf": null,
      "ocf": null,
      "capex": null,
      "gross_margin": null,
      "op_margin": null,
      "fcf_margin": null
    },
    {
      "date": "2010-09-30T00:00:00",
      "quarter_label": "2010-09 (Q3)",
      "revenue": 2895000,
      "gross_profit": null,
      "operating_income": null,
      "net_income": null,
      "opex": null,
      "cogs": null,
      "rd": null,
      "sga": null,
      "fcf": null,
      "ocf": null,
      "capex": null,
      "gross_margin": null,
      "op_margin": null,
      "fcf_margin": null
    },
    {
      "date": "2010-12-31T00:00:00",
      "quarter_label": "2010-12 (Q4)",
      "revenue": 8009000,
      "gross_profit": null,
      "operating_income": null,
      "net_income": null,
      "opex": null,
      "cogs": null,
      "rd": null,
      "sga": null,
      "fcf": null,
      "ocf": null,
      "capex": null,
      "gross_margin": null,
      "op_margin": null,
      "fcf_margin": null
    },
    {
      "date": "2011-03-31T00:00:00",
      "quarter_label": "2011-03 (Q1)",
      "revenue": 3236000,
      "gross_profit": null,
      "operating_income": null,
      "net_income": null,
      "opex": null,
      "cogs": null,
      "rd": null,
      "sga": null,
      "fcf": null,
      "ocf": null,
      "capex": null,
      "gross_margin": null,
      "op_margin": null,
      "fcf_margin": null
    },
    {
      "date": "2011-06-30T00:00:00",
      "quarter_label": "2011-06 (Q2)",
      "revenue": 2752000,
      "gross_profit": null,
      "operating_income": null,
      "net_income": null,
      "opex": null,
      "cogs": null,
      "rd": null,
      "sga": null,
      "fcf": null,
      "ocf": null,
      "capex": null,
      "gross_margin": null,
      "op_margin": null,
      "fcf_margin": null,
      "rev_growth_yoy": 0.03614457831325301
    },
    {
      "date": "2011-09-30T00:00:00",
      "quarter_label": "2011-09 (Q3)",
      "revenue": 2749000,
      "gross_profit": null,
      "operating_income": null,
      "net_income": null,
      "opex": null,
      "cogs": null,
      "rd": null,
      "sga": null,
      "fcf": null,
      "ocf": null,
      "capex": null,
      "gross_margin": null,
      "op_margin": null,
      "fcf_margin": null,
      "rev_growth_yoy": -0.05043177892918826,
      "rev_growth_yoy_accel": -0.08657635724244127
    },
    {
      "date": "2011-12-31T00:00:00",
      "quarter_label": "2011-12 (Q4)",
      "revenue": 2747000,
      "gross_profit": null,
      "operating_income": null,
      "net_income": null,
      "opex": null,
      "cogs": null,
      "rd": null,
      "sga": null,
      "fcf": null,
      "ocf": null,
      "capex": null,
      "gross_margin": null,
      "op_margin": null,
      "fcf_margin": null,
      "rev_growth_yoy": -0.6570108627793732,
      "rev_growth_yoy_accel": -0.6065790838501849
    },
    {
      "date": "2012-03-31T00:00:00",
      "quarter_label": "2012-03 (Q1)",
      "revenue": 2973000,
      "gross_profit": null,
      "operating_income": null,
      "net_income": null,
      "opex": null,
      "cogs": null,
      "rd": null,
      "sga": null,
      "fcf": null,
      "ocf": null,
      "capex": null,
      "gross_margin": null,
      "op_margin": null,
      "fcf_margin": null,
      "rev_growth_yoy": -0.08127317676143386,
      "rev_growth_yoy_accel": 0.5757376860179393
    },
    {
      "date": "2012-06-30T00:00:00",
      "quarter_label": "2012-06 (Q2)",
      "revenue": 2724000,
      "gross_profit": null,
      "operating_income": null,
      "net_income": null,
      "opex": null,
      "cogs": null,
      "rd": null,
      "sga": null,
      "fcf": null,
      "ocf": null,
      "capex": null,
      "gross_margin": null,
      "op_margin": null,
      "fcf_margin": null,
      "rev_growth_yoy": -0.010174418604651164,
      "rev_growth_yoy_accel": 0.0710987581567827
    },
    {
      "date": "2012-09-30T00:00:00",
      "quarter_label": "2012-09 (Q3)",
      "revenue": 2725000,
      "gross_profit": null,
      "operating_income": null,
      "net_income": null,
      "opex": null,
      "cogs": null,
      "rd": null,
      "sga": null,
      "fcf": null,
      "ocf": null,
      "capex": null,
      "gross_margin": null,
      "op_margin": null,
      "fcf_margin": null,
      "rev_growth_yoy": -0.008730447435431065,
      "rev_growth_yoy_accel": 0.0014439711692200985
    },
    {
      "date": "2012-12-31T00:00:00",
      "quarter_label": "2012-12 (Q4)",
      "revenue": 2468000,
      "gross_profit": null,
      "operating_income": null,
      "net_income": null,
      "opex": null,
      "cogs": null,
      "rd": null,
      "sga": null,
      "fcf": null,
      "ocf": null,
      "capex": null,
      "gross_margin": null,
      "op_margin": null,
      "fcf_margin": null,
      "rev_growth_yoy": -0.10156534401164907,
      "rev_growth_yoy_accel": -0.092834896576218
    },
    {
      "date": "2013-03-31T00:00:00",
      "quarter_label": "2013-03 (Q1)",
      "revenue": 1958000,
      "gross_profit": null,
      "operating_income": null,
      "net_income": null,
      "opex": null,
      "cogs": null,
      "rd": null,
      "sga": null,
      "fcf": null,
      "ocf": null,
      "capex": null,
      "gross_margin": null,
      "op_margin": null,
      "fcf_margin": null,
      "rev_growth_yoy": -0.341405987218298,
      "rev_growth_yoy_accel": -0.23984064320664894
    },
    {
      "date": "2013-06-30T00:00:00",
      "quarter_label": "2013-06 (Q2)",
      "revenue": 1959000,
      "gross_profit": null,
      "operating_income": null,
      "net_income": null,
      "opex": null,
      "cogs": null,
      "rd": null,
      "sga": null,
      "fcf": null,
      "ocf": null,
      "capex": null,
      "gross_margin": null,
      "op_margin": null,
      "fcf_margin": null,
      "rev_growth_yoy": -0.28083700440528636,
      "rev_growth_yoy_accel": 0.06056898281301165
    },
    {
      "date": "2013-09-30T00:00:00",
      "quarter_label": "2013-09 (Q3)",
      "revenue": 1958000,
      "gross_profit": null,
      "operating_income": null,
      "net_income": null,
      "opex": null,
      "cogs": null,
      "rd": null,
      "sga": null,
      "fcf": null,
      "ocf": null,
      "capex": null,
      "gross_margin": null,
      "op_margin": null,
      "fcf_margin": null,
      "rev_growth_yoy": -0.2814678899082569,
      "rev_growth_yoy_accel": -0.000630885502970524
    },
    {
      "date": "2013-12-31T00:00:00",
      "quarter_label": "2013-12 (Q4)",
      "revenue": 35244000,
      "gross_profit": null,
      "operating_income": null,
      "net_income": null,
      "opex": null,
      "cogs": null,
      "rd": null,
      "sga": null,
      "fcf": null,
      "ocf": null,
      "capex": null,
      "gross_margin": null,
      "op_margin": null,
      "fcf_margin": null,
      "rev_growth_yoy": 13.280388978930308,
      "rev_growth_yoy_accel": 13.561856868838564
    }
  ],
  "signals": [
    {
      "quarter": "2013-12 (Q4)",
      "signal": "YoY REVENUE GROWTH ACCELERATION",
      "detail": "YoY growth: +1328.0% vs prior quarter YoY: -28.1% (accel: +1356.2%)",
      "severity": "HIGH"
    },
    {
      "quarter": "2013-06 (Q2)",
      "signal": "YoY REVENUE GROWTH ACCELERATION",
      "detail": "YoY growth: -28.1% vs prior quarter YoY: -34.1% (accel: +6.1%)",
      "severity": "MEDIUM"
    },
    {
      "quarter": "2013-03 (Q1)",
      "signal": "YoY REVENUE GROWTH DECELERATION",
      "detail": "YoY growth: -34.1% vs prior quarter YoY: -10.2% (decel: -24.0%)",
      "severity": "WARNING"
    },
    {
      "quarter": "2012-12 (Q4)",
      "signal": "YoY REVENUE GROWTH DECELERATION",
      "detail": "YoY growth: -10.2% vs prior quarter YoY: -0.9% (decel: -9.3%)",
      "severity": "WARNING"
    },
    {
      "quarter": "2012-06 (Q2)",
      "signal": "YoY REVENUE GROWTH ACCELERATION",
      "detail": "YoY growth: -1.0% vs prior quarter YoY: -8.1% (accel: +7.1%)",
      "severity": "MEDIUM"
    },
    {
      "quarter": "2012-03 (Q1)",
      "signal": "YoY REVENUE GROWTH ACCELERATION",
      "detail": "YoY growth: -8.1% vs prior quarter YoY: -65.7% (accel: +57.6%)",
      "severity": "HIGH"
    },
    {
      "quarter": "2011-12 (Q4)",
      "signal": "YoY REVENUE GROWTH DECELERATION",
      "detail": "YoY growth: -65.7% vs prior quarter YoY: -5.0% (decel: -60.7%)",
      "severity": "WARNING"
    },
    {
      "quarter": "2011-09 (Q3)",
      "signal": "YoY REVENUE GROWTH DECELERATION",
      "detail": "YoY growth: -5.0% vs prior quarter YoY: +3.6% (decel: -8.7%)",
      "severity": "WARNING"
    }
  ],
  "data_quality": {
    "n_quarters": 15,
    "coverage": {
      "revenue": [
        15,
        15
      ],
      "gross_profit": [
        0,
        15
      ],
      "op_income": [
        0,
        15
      ],
      "fcf": [
        0,
        15
      ]
    },
    "gaps": [],
    "warnings": [
      "gross_profit: no data",
      "op_income: no data",
      "fcf: no data"
    ]
  },
  "market_cap": null,
  "source": "SEC EDGAR",
  "last_updated": "2026-02-02T23:21:00.046053"
}