{
  "ticker": "SBGI",
  "name": "Sinclair,\u00a0Inc.",
  "quarters": [
    {
      "date": "2022-06-30T00:00:00",
      "quarter_label": "2022-06 (Q2)",
      "revenue": 837000000,
      "gross_profit": null,
      "operating_income": 107000000,
      "net_income": -11000000,
      "opex": 730000000,
      "cogs": null,
      "rd": null,
      "sga": 195000000,
      "fcf": null,
      "ocf": null,
      "capex": null,
      "gross_margin": null,
      "op_margin": 0.12783751493428913,
      "fcf_margin": null
    },
    {
      "date": "2022-09-30T00:00:00",
      "quarter_label": "2022-09 (Q3)",
      "revenue": 843000000,
      "gross_profit": null,
      "operating_income": 154000000,
      "net_income": 21000000,
      "opex": 689000000,
      "cogs": null,
      "rd": null,
      "sga": 190000000,
      "fcf": 222000000,
      "ocf": 251000000,
      "capex": -29000000,
      "gross_margin": null,
      "op_margin": 0.1826809015421115,
      "fcf_margin": 0.26334519572953735
    },
    {
      "date": "2022-12-31T00:00:00",
      "quarter_label": "2022-12 (Q4)",
      "revenue": 960000000,
      "gross_profit": null,
      "operating_income": 253000000,
      "net_income": 55000000,
      "opex": 707000000,
      "cogs": null,
      "rd": null,
      "sga": 207000000,
      "fcf": 310000000,
      "ocf": 341000000,
      "capex": -31000000,
      "gross_margin": null,
      "op_margin": 0.2635416666666667,
      "fcf_margin": 0.3229166666666667,
      "op_leverage_ratio": 5.312574139976275,
      "fcf_margin_change": 0.059571470937129334
    },
    {
      "date": "2023-03-31T00:00:00",
      "quarter_label": "2023-03 (Q1)",
      "revenue": 773000000,
      "gross_profit": null,
      "operating_income": 21000000,
      "net_income": 185000000,
      "opex": 752000000,
      "cogs": null,
      "rd": null,
      "sga": 191000000,
      "fcf": 42000000,
      "ocf": 62000000,
      "capex": -20000000,
      "gross_margin": null,
      "op_margin": 0.027166882276843468,
      "fcf_margin": 0.054333764553686936,
      "fcf_margin_change": -0.26858290211297975
    },
    {
      "date": "2023-06-30T00:00:00",
      "quarter_label": "2023-06 (Q2)",
      "revenue": 768000000,
      "gross_profit": null,
      "operating_income": -3000000,
      "net_income": -89000000,
      "opex": 771000000,
      "cogs": null,
      "rd": null,
      "sga": 190000000,
      "fcf": 60000000,
      "ocf": 80000000,
      "capex": -20000000,
      "gross_margin": null,
      "op_margin": -0.00390625,
      "fcf_margin": 0.078125,
      "incr_op_margin_yoy": 1.5942028985507246,
      "rev_growth_yoy": -0.08243727598566308,
      "fcf_margin_change": 0.023791235446313064
    },
    {
      "date": "2023-09-30T00:00:00",
      "quarter_label": "2023-09 (Q3)",
      "revenue": 767000000,
      "gross_profit": null,
      "operating_income": 37000000,
      "net_income": -46000000,
      "opex": 730000000,
      "cogs": null,
      "rd": null,
      "sga": 176000000,
      "fcf": -29000000,
      "ocf": 1000000,
      "capex": -30000000,
      "gross_margin": null,
      "op_margin": 0.048239895697522815,
      "fcf_margin": -0.03780964797913951,
      "incr_op_margin_yoy": 1.5394736842105263,
      "rev_growth_yoy": -0.09015421115065243,
      "rev_growth_yoy_accel": -0.00771693516498935,
      "fcf_margin_change": -0.11593464797913951
    },
    {
      "date": "2023-12-31T00:00:00",
      "quarter_label": "2023-12 (Q4)",
      "revenue": 826000000,
      "gross_profit": null,
      "operating_income": -386000000,
      "net_income": -341000000,
      "opex": 1212000000,
      "cogs": null,
      "rd": null,
      "sga": 190000000,
      "fcf": 70000000,
      "ocf": 92000000,
      "capex": -22000000,
      "gross_margin": null,
      "op_margin": -0.46731234866828086,
      "fcf_margin": 0.0847457627118644,
      "incr_op_margin_yoy": 4.768656716417911,
      "rev_growth_yoy": -0.13958333333333334,
      "rev_growth_yoy_accel": -0.049429122182680904,
      "op_leverage_ratio": 0.1165017555059049,
      "fcf_margin_change": 0.12255541069100391
    },
    {
      "date": "2024-03-31T00:00:00",
      "quarter_label": "2024-03 (Q1)",
      "revenue": 798000000,
      "gross_profit": null,
      "operating_income": 42000000,
      "net_income": 23000000,
      "opex": 756000000,
      "cogs": null,
      "rd": null,
      "sga": 196000000,
      "fcf": -25000000,
      "ocf": -4000000,
      "capex": -21000000,
      "gross_margin": null,
      "op_margin": 0.05263157894736842,
      "fcf_margin": -0.03132832080200501,
      "incr_op_margin_yoy": 0.84,
      "rev_growth_yoy": 0.03234152652005175,
      "rev_growth_yoy_accel": 0.17192485985338507,
      "fcf_margin_change": -0.11607408351386941
    },
    {
      "date": "2024-06-30T00:00:00",
      "quarter_label": "2024-06 (Q2)",
      "revenue": 829000000,
      "gross_profit": null,
      "operating_income": 64000000,
      "net_income": 17000000,
      "opex": 765000000,
      "cogs": null,
      "rd": null,
      "sga": 194000000,
      "fcf": -329000000,
      "ocf": -306000000,
      "capex": -23000000,
      "gross_margin": null,
      "op_margin": 0.07720144752714113,
      "fcf_margin": -0.3968636911942099,
      "incr_op_margin_yoy": 1.098360655737705,
      "rev_growth_yoy": 0.07942708333333333,
      "rev_growth_yoy_accel": 0.04708555681328158,
      "op_leverage_ratio": 3.263157894736842,
      "fcf_margin_change": -0.36553537039220485
    },
    {
      "date": "2024-09-30T00:00:00",
      "quarter_label": "2024-09 (Q3)",
      "revenue": 917000000,
      "gross_profit": null,
      "operating_income": 179000000,
      "net_income": 94000000,
      "opex": 738000000,
      "cogs": null,
      "rd": null,
      "sga": 201000000,
      "fcf": 193000000,
      "ocf": 210000000,
      "capex": -17000000,
      "gross_margin": null,
      "op_margin": 0.19520174482006544,
      "fcf_margin": 0.21046892039258452,
      "incr_op_margin_yoy": 0.9466666666666667,
      "rev_growth_yoy": 0.19556714471968709,
      "rev_growth_yoy_accel": 0.11614006138635376,
      "op_leverage_ratio": Infinity,
      "fcf_margin_change": 0.6073326115867944
    },
    {
      "date": "2024-12-31T00:00:00",
      "quarter_label": "2024-12 (Q4)",
      "revenue": 1004000000,
      "gross_profit": null,
      "operating_income": 266000000,
      "net_income": 176000000,
      "opex": 738000000,
      "cogs": null,
      "rd": null,
      "sga": 203000000,
      "fcf": 175000000,
      "ocf": 198000000,
      "capex": -23000000,
      "gross_margin": null,
      "op_margin": 0.2649402390438247,
      "fcf_margin": 0.17430278884462153,
      "incr_op_margin_yoy": 3.662921348314607,
      "rev_growth_yoy": 0.21549636803874092,
      "rev_growth_yoy_accel": 0.019929223319053835,
      "op_leverage_ratio": Infinity,
      "fcf_margin_change": -0.036166131547963
    },
    {
      "date": "2025-03-31T00:00:00",
      "quarter_label": "2025-03 (Q1)",
      "revenue": 776000000,
      "gross_profit": null,
      "operating_income": 14000000,
      "net_income": -156000000,
      "opex": 762000000,
      "cogs": null,
      "rd": null,
      "sga": 192000000,
      "fcf": -11000000,
      "ocf": 5000000,
      "capex": -16000000,
      "gross_margin": null,
      "op_margin": 0.01804123711340206,
      "fcf_margin": -0.014175257731958763,
      "incr_op_margin_yoy": 1.2727272727272727,
      "rev_growth_yoy": -0.02756892230576441,
      "rev_growth_yoy_accel": -0.24306529034450533,
      "fcf_margin_change": -0.1884780465765803
    },
    {
      "date": "2025-06-30T00:00:00",
      "quarter_label": "2025-06 (Q2)",
      "revenue": 784000000,
      "gross_profit": null,
      "operating_income": 21000000,
      "net_income": -64000000,
      "opex": 763000000,
      "cogs": null,
      "rd": null,
      "sga": 200000000,
      "fcf": 105000000,
      "ocf": 122000000,
      "capex": -17000000,
      "gross_margin": null,
      "op_margin": 0.026785714285714284,
      "fcf_margin": 0.13392857142857142,
      "incr_op_margin_yoy": 0.9555555555555556,
      "rev_growth_yoy": -0.054282267792521106,
      "rev_growth_yoy_accel": -0.026713345486756697,
      "op_leverage_ratio": 7.855670103092783,
      "fcf_margin_change": 0.1481038291605302
    },
    {
      "date": "2025-09-30T00:00:00",
      "quarter_label": "2025-09 (Q3)",
      "revenue": 773000000,
      "gross_profit": null,
      "operating_income": 58000000,
      "net_income": -1000000,
      "opex": 715000000,
      "cogs": null,
      "rd": null,
      "sga": 203000000,
      "fcf": -58000000,
      "ocf": -36000000,
      "capex": -22000000,
      "gross_margin": null,
      "op_margin": 0.07503234152652005,
      "fcf_margin": -0.07503234152652005,
      "incr_op_margin_yoy": 0.8402777777777778,
      "rev_growth_yoy": -0.15703380588876772,
      "rev_growth_yoy_accel": -0.10275153809624663,
      "fcf_margin_change": -0.20896091295509148
    }
  ],
  "signals": [
    {
      "quarter": "2025-09 (Q3)",
      "signal": "YoY REVENUE GROWTH DECELERATION",
      "detail": "YoY growth: -15.7% vs prior quarter YoY: -5.4% (decel: -10.3%)",
      "severity": "WARNING"
    },
    {
      "quarter": "2025-09 (Q3)",
      "signal": "INCREMENTAL MARGIN (YoY)",
      "detail": "YoY Incr OPM: +84.0% vs year-ago OPM: +19.5%",
      "severity": "HIGH"
    },
    {
      "quarter": "2025-06 (Q2)",
      "signal": "FCF TURNED POSITIVE",
      "detail": "FCF margin: -1.4% -> +13.4%",
      "severity": "HIGH"
    },
    {
      "quarter": "2025-06 (Q2)",
      "signal": "OPERATING LEVERAGE",
      "detail": "Rev growth +1.0% vs OpEx growth +0.1% (leverage: 7.9x)",
      "severity": "MEDIUM"
    },
    {
      "quarter": "2025-06 (Q2)",
      "signal": "INCREMENTAL MARGIN (YoY)",
      "detail": "YoY Incr OPM: +95.6% vs year-ago OPM: +7.7%",
      "severity": "HIGH"
    },
    {
      "quarter": "2025-03 (Q1)",
      "signal": "YoY REVENUE GROWTH DECELERATION",
      "detail": "YoY growth: -2.8% vs prior quarter YoY: +21.5% (decel: -24.3%)",
      "severity": "WARNING"
    },
    {
      "quarter": "2025-03 (Q1)",
      "signal": "INCREMENTAL MARGIN (YoY)",
      "detail": "YoY Incr OPM: +127.3% vs year-ago OPM: +5.3%",
      "severity": "HIGH"
    },
    {
      "quarter": "2024-12 (Q4)",
      "signal": "OP MARGIN TURNED POSITIVE (YoY)",
      "detail": "Op margin: -46.7% (year-ago) -> +26.5%",
      "severity": "HIGH"
    },
    {
      "quarter": "2024-09 (Q3)",
      "signal": "FCF TURNED POSITIVE",
      "detail": "FCF margin: -39.7% -> +21.0%",
      "severity": "HIGH"
    },
    {
      "quarter": "2024-09 (Q3)",
      "signal": "YoY REVENUE GROWTH ACCELERATION",
      "detail": "YoY growth: +19.6% vs prior quarter YoY: +7.9% (accel: +11.6%)",
      "severity": "MEDIUM"
    },
    {
      "quarter": "2024-09 (Q3)",
      "signal": "INCREMENTAL MARGIN (YoY)",
      "detail": "YoY Incr OPM: +94.7% vs year-ago OPM: +4.8%",
      "severity": "HIGH"
    },
    {
      "quarter": "2024-06 (Q2)",
      "signal": "OPERATING LEVERAGE",
      "detail": "Rev growth +3.9% vs OpEx growth +1.2% (leverage: 3.3x)",
      "severity": "MEDIUM"
    },
    {
      "quarter": "2024-06 (Q2)",
      "signal": "OP MARGIN TURNED POSITIVE (YoY)",
      "detail": "Op margin: -0.4% (year-ago) -> +7.7%",
      "severity": "HIGH"
    },
    {
      "quarter": "2024-03 (Q1)",
      "signal": "YoY REVENUE GROWTH ACCELERATION",
      "detail": "YoY growth: +3.2% vs prior quarter YoY: -14.0% (accel: +17.2%)",
      "severity": "HIGH"
    },
    {
      "quarter": "2024-03 (Q1)",
      "signal": "INCREMENTAL MARGIN (YoY)",
      "detail": "YoY Incr OPM: +84.0% vs year-ago OPM: +2.7%",
      "severity": "HIGH"
    },
    {
      "quarter": "2024-03 (Q1)",
      "signal": "OP MARGIN TURNED POSITIVE (QoQ)",
      "detail": "Op margin: -46.7% -> +5.3%",
      "severity": "HIGH"
    },
    {
      "quarter": "2023-12 (Q4)",
      "signal": "FCF TURNED POSITIVE",
      "detail": "FCF margin: -3.8% -> +8.5%",
      "severity": "HIGH"
    },
    {
      "quarter": "2023-09 (Q3)",
      "signal": "INCREMENTAL MARGIN (YoY)",
      "detail": "YoY Incr OPM: +153.9% vs year-ago OPM: +18.3%",
      "severity": "HIGH"
    },
    {
      "quarter": "2023-09 (Q3)",
      "signal": "OP MARGIN TURNED POSITIVE (QoQ)",
      "detail": "Op margin: -0.4% -> +4.8%",
      "severity": "HIGH"
    },
    {
      "quarter": "2022-12 (Q4)",
      "signal": "FCF MARGIN EXPANSION",
      "detail": "FCF margin: +26.3% -> +32.3% (+6.0%)",
      "severity": "MEDIUM"
    },
    {
      "quarter": "2022-12 (Q4)",
      "signal": "OPERATING LEVERAGE",
      "detail": "Rev growth +13.9% vs OpEx growth +2.6% (leverage: 5.3x)",
      "severity": "MEDIUM"
    }
  ],
  "data_quality": {
    "n_quarters": 14,
    "coverage": {
      "revenue": [
        14,
        14
      ],
      "gross_profit": [
        0,
        14
      ],
      "op_income": [
        14,
        14
      ],
      "fcf": [
        13,
        14
      ]
    },
    "gaps": [],
    "warnings": [
      "gross_profit: no data"
    ]
  },
  "market_cap": null,
  "source": "SEC EDGAR",
  "last_updated": "2026-02-02T22:00:17.911792"
}