{
  "ticker": "SBRA",
  "name": "SABRA HEALTH CARE REIT, INC.",
  "sector": "Real Estate",
  "industry": "REIT - Healthcare Facilities",
  "quarters": [
    {
      "date": "2021-03-31T00:00:00",
      "quarter_label": "2021-03 (Q1)",
      "revenue": 152365000,
      "gross_profit": null,
      "operating_income": null,
      "net_income": 33447000,
      "opex": null,
      "cogs": null,
      "rd": null,
      "sga": null,
      "fcf": 68531000,
      "ocf": 68531000,
      "capex": null,
      "gross_margin": null,
      "op_margin": null,
      "fcf_margin": 0.44978177402946873
    },
    {
      "date": "2021-06-30T00:00:00",
      "quarter_label": "2021-06 (Q2)",
      "revenue": 152932000,
      "gross_profit": null,
      "operating_income": null,
      "net_income": -132573000,
      "opex": null,
      "cogs": null,
      "rd": null,
      "sga": null,
      "fcf": 83735000,
      "ocf": 83735000,
      "capex": null,
      "gross_margin": null,
      "op_margin": null,
      "fcf_margin": 0.5475309287788036,
      "fcf_margin_change": 0.09774915474933488
    },
    {
      "date": "2021-09-30T00:00:00",
      "quarter_label": "2021-09 (Q3)",
      "revenue": 128591000,
      "gross_profit": null,
      "operating_income": null,
      "net_income": 10223000,
      "opex": null,
      "cogs": null,
      "rd": null,
      "sga": null,
      "fcf": 106193000,
      "ocf": 106193000,
      "capex": null,
      "gross_margin": null,
      "op_margin": null,
      "fcf_margin": 0.8258198474232256,
      "fcf_margin_change": 0.27828891864442196
    },
    {
      "date": "2021-12-31T00:00:00",
      "quarter_label": "2021-12 (Q4)",
      "revenue": 135657000,
      "gross_profit": null,
      "operating_income": null,
      "net_income": -24353000,
      "opex": null,
      "cogs": null,
      "rd": null,
      "sga": null,
      "fcf": 97931000,
      "ocf": 97931000,
      "capex": null,
      "gross_margin": null,
      "op_margin": null,
      "fcf_margin": 0.7219015605534547,
      "fcf_margin_change": -0.10391828686977089
    },
    {
      "date": "2022-03-31T00:00:00",
      "quarter_label": "2022-03 (Q1)",
      "revenue": 163105000,
      "gross_profit": null,
      "operating_income": null,
      "net_income": 40602000,
      "opex": null,
      "cogs": null,
      "rd": null,
      "sga": null,
      "fcf": 63114000,
      "ocf": 63114000,
      "capex": null,
      "gross_margin": null,
      "op_margin": null,
      "fcf_margin": 0.38695318966310044,
      "rev_growth_yoy": 0.07048862927837758,
      "fcf_margin_change": -0.33494837089035423
    },
    {
      "date": "2022-06-30T00:00:00",
      "quarter_label": "2022-06 (Q2)",
      "revenue": 155957000,
      "gross_profit": null,
      "operating_income": null,
      "net_income": 16805000,
      "opex": null,
      "cogs": null,
      "rd": null,
      "sga": null,
      "fcf": 76569000,
      "ocf": 76569000,
      "capex": null,
      "gross_margin": null,
      "op_margin": null,
      "fcf_margin": 0.49096225241573,
      "rev_growth_yoy": 0.019780032955823503,
      "rev_growth_yoy_accel": -0.050708596322554075,
      "fcf_margin_change": 0.10400906275262956
    },
    {
      "date": "2022-09-30T00:00:00",
      "quarter_label": "2022-09 (Q3)",
      "revenue": 140764000,
      "gross_profit": null,
      "operating_income": null,
      "net_income": -50064000,
      "opex": null,
      "cogs": null,
      "rd": null,
      "sga": null,
      "fcf": 108463000,
      "ocf": 108463000,
      "capex": null,
      "gross_margin": null,
      "op_margin": null,
      "fcf_margin": 0.7705308175385752,
      "rev_growth_yoy": 0.0946644788515526,
      "rev_growth_yoy_accel": 0.0748844458957291,
      "fcf_margin_change": 0.2795685651228452
    },
    {
      "date": "2022-12-31T00:00:00",
      "quarter_label": "2022-12 (Q4)",
      "revenue": 164985000,
      "gross_profit": null,
      "operating_income": null,
      "net_income": -84948000,
      "opex": null,
      "cogs": null,
      "rd": null,
      "sga": null,
      "fcf": 67587000,
      "ocf": 67587000,
      "capex": null,
      "gross_margin": null,
      "op_margin": null,
      "fcf_margin": 0.40965542322029275,
      "rev_growth_yoy": 0.21619230854286914,
      "rev_growth_yoy_accel": 0.12152782969131654,
      "fcf_margin_change": -0.36087539431828247
    },
    {
      "date": "2023-03-31T00:00:00",
      "quarter_label": "2023-03 (Q1)",
      "revenue": 161324000,
      "gross_profit": null,
      "operating_income": null,
      "net_income": -9487000,
      "opex": null,
      "cogs": null,
      "rd": null,
      "sga": null,
      "fcf": 68289000,
      "ocf": 68289000,
      "capex": null,
      "gross_margin": null,
      "op_margin": null,
      "fcf_margin": 0.4233034142471052,
      "rev_growth_yoy": -0.010919346433279176,
      "rev_growth_yoy_accel": -0.22711165497614832,
      "fcf_margin_change": 0.013647991026812467
    },
    {
      "date": "2023-06-30T00:00:00",
      "quarter_label": "2023-06 (Q2)",
      "revenue": 161166000,
      "gross_profit": null,
      "operating_income": null,
      "net_income": 21188000,
      "opex": null,
      "cogs": null,
      "rd": null,
      "sga": null,
      "fcf": 70329000,
      "ocf": 70329000,
      "capex": null,
      "gross_margin": null,
      "op_margin": null,
      "fcf_margin": 0.4363761587431592,
      "rev_growth_yoy": 0.03340023211526254,
      "rev_growth_yoy_accel": 0.04431957854854171,
      "fcf_margin_change": 0.013072744496054
    },
    {
      "date": "2023-09-30T00:00:00",
      "quarter_label": "2023-09 (Q3)",
      "revenue": 161627000,
      "gross_profit": null,
      "operating_income": null,
      "net_income": -15101000,
      "opex": null,
      "cogs": null,
      "rd": null,
      "sga": null,
      "fcf": 83216000,
      "ocf": 83216000,
      "capex": null,
      "gross_margin": null,
      "op_margin": null,
      "fcf_margin": 0.5148644719013531,
      "rev_growth_yoy": 0.14821261117899462,
      "rev_growth_yoy_accel": 0.11481237906373208,
      "fcf_margin_change": 0.07848831315819388
    },
    {
      "date": "2023-12-31T00:00:00",
      "quarter_label": "2023-12 (Q4)",
      "revenue": 163397000,
      "gross_profit": null,
      "operating_income": null,
      "net_income": 17156000,
      "opex": null,
      "cogs": null,
      "rd": null,
      "sga": null,
      "fcf": 78737000,
      "ocf": 78737000,
      "capex": null,
      "gross_margin": null,
      "op_margin": null,
      "fcf_margin": 0.4818754322294779,
      "rev_growth_yoy": -0.009625117434918326,
      "rev_growth_yoy_accel": -0.15783772861391293,
      "fcf_margin_change": -0.03298903967187522
    },
    {
      "date": "2024-03-31T00:00:00",
      "quarter_label": "2024-03 (Q1)",
      "revenue": 166747000,
      "gross_profit": null,
      "operating_income": null,
      "net_income": 26254000,
      "opex": null,
      "cogs": null,
      "rd": null,
      "sga": null,
      "fcf": 52795000,
      "ocf": 52795000,
      "capex": null,
      "gross_margin": null,
      "op_margin": null,
      "fcf_margin": 0.3166173904178186,
      "rev_growth_yoy": 0.03361558106667328,
      "rev_growth_yoy_accel": 0.0432406985015916,
      "fcf_margin_change": -0.16525804181165926
    },
    {
      "date": "2024-06-30T00:00:00",
      "quarter_label": "2024-06 (Q2)",
      "revenue": 176141000,
      "gross_profit": null,
      "operating_income": null,
      "net_income": 23975000,
      "opex": null,
      "cogs": null,
      "rd": null,
      "sga": null,
      "fcf": 80128000,
      "ocf": 80128000,
      "capex": null,
      "gross_margin": null,
      "op_margin": null,
      "fcf_margin": 0.4549082837045322,
      "rev_growth_yoy": 0.09291662013079682,
      "rev_growth_yoy_accel": 0.05930103906412355,
      "fcf_margin_change": 0.13829089328671357
    },
    {
      "date": "2024-09-30T00:00:00",
      "quarter_label": "2024-09 (Q3)",
      "revenue": 178001000,
      "gross_profit": null,
      "operating_income": null,
      "net_income": 29788000,
      "opex": null,
      "cogs": null,
      "rd": null,
      "sga": null,
      "fcf": 97650000,
      "ocf": 97650000,
      "capex": null,
      "gross_margin": null,
      "op_margin": null,
      "fcf_margin": 0.5485924236380695,
      "rev_growth_yoy": 0.10130733107710964,
      "rev_growth_yoy_accel": 0.008390710946312815,
      "fcf_margin_change": 0.0936841399335373
    },
    {
      "date": "2024-12-31T00:00:00",
      "quarter_label": "2024-12 (Q4)",
      "revenue": 182346000,
      "gross_profit": null,
      "operating_income": null,
      "net_income": 46695000,
      "opex": null,
      "cogs": null,
      "rd": null,
      "sga": null,
      "fcf": 79968000,
      "ocf": 79968000,
      "capex": null,
      "gross_margin": null,
      "op_margin": null,
      "fcf_margin": 0.43855088677569015,
      "rev_growth_yoy": 0.11596908143968372,
      "rev_growth_yoy_accel": 0.014661750362574083,
      "fcf_margin_change": -0.11004153686237933
    },
    {
      "date": "2025-03-31T00:00:00",
      "quarter_label": "2025-03 (Q1)",
      "revenue": 183543000,
      "gross_profit": null,
      "operating_income": null,
      "net_income": 40304000,
      "opex": null,
      "cogs": null,
      "rd": null,
      "sga": null,
      "fcf": 80263000,
      "ocf": 80263000,
      "capex": null,
      "gross_margin": null,
      "op_margin": null,
      "fcf_margin": 0.43729807184147584,
      "rev_growth_yoy": 0.10072744936940395,
      "rev_growth_yoy_accel": -0.015241632070279773,
      "fcf_margin_change": -0.001252814934214308
    },
    {
      "date": "2025-06-30T00:00:00",
      "quarter_label": "2025-06 (Q2)",
      "revenue": 189150000,
      "gross_profit": null,
      "operating_income": null,
      "net_income": 65542000,
      "opex": null,
      "cogs": null,
      "rd": null,
      "sga": null,
      "fcf": 80959000,
      "ocf": 80959000,
      "capex": null,
      "gross_margin": null,
      "op_margin": null,
      "fcf_margin": 0.4280148030663495,
      "rev_growth_yoy": 0.07385560431699605,
      "rev_growth_yoy_accel": -0.026871845052407903,
      "fcf_margin_change": -0.009283268775126363
    },
    {
      "date": "2025-09-30T00:00:00",
      "quarter_label": "2025-09 (Q3)",
      "revenue": 190037000,
      "gross_profit": null,
      "operating_income": null,
      "net_income": 22538000,
      "opex": null,
      "cogs": null,
      "rd": null,
      "sga": null,
      "fcf": 99964000,
      "ocf": 99964000,
      "capex": null,
      "gross_margin": null,
      "op_margin": null,
      "fcf_margin": 0.5260238795602962,
      "rev_growth_yoy": 0.06761759765394576,
      "rev_growth_yoy_accel": -0.006238006663050286,
      "fcf_margin_change": 0.09800907649394669
    },
    {
      "date": "2025-12-31T00:00:00",
      "quarter_label": "2025-12 (Q4)",
      "revenue": 211902000,
      "gross_profit": null,
      "operating_income": null,
      "net_income": 27225000,
      "opex": null,
      "cogs": null,
      "rd": null,
      "sga": null,
      "fcf": 87427000,
      "ocf": 87427000,
      "capex": null,
      "gross_margin": null,
      "op_margin": null,
      "fcf_margin": 0.4125822314088588,
      "rev_growth_yoy": 0.16208746010332006,
      "rev_growth_yoy_accel": 0.0944698624493743,
      "fcf_margin_change": -0.11344164815143737
    }
  ],
  "signals": [
    {
      "quarter": "2025-12 (Q4)",
      "signal": "YoY REVENUE GROWTH ACCELERATION",
      "detail": "YoY growth: +16.2% vs prior quarter YoY: +6.8% (accel: +9.4%)",
      "severity": "MEDIUM"
    },
    {
      "quarter": "2025-09 (Q3)",
      "signal": "FCF MARGIN EXPANSION",
      "detail": "FCF margin: +42.8% -> +52.6% (+9.8%)",
      "severity": "MEDIUM"
    },
    {
      "quarter": "2024-09 (Q3)",
      "signal": "FCF MARGIN EXPANSION",
      "detail": "FCF margin: +45.5% -> +54.9% (+9.4%)",
      "severity": "MEDIUM"
    },
    {
      "quarter": "2024-06 (Q2)",
      "signal": "FCF MARGIN EXPANSION",
      "detail": "FCF margin: +31.7% -> +45.5% (+13.8%)",
      "severity": "MEDIUM"
    },
    {
      "quarter": "2024-06 (Q2)",
      "signal": "YoY REVENUE GROWTH ACCELERATION",
      "detail": "YoY growth: +9.3% vs prior quarter YoY: +3.4% (accel: +5.9%)",
      "severity": "MEDIUM"
    },
    {
      "quarter": "2023-12 (Q4)",
      "signal": "YoY REVENUE GROWTH DECELERATION",
      "detail": "YoY growth: -1.0% vs prior quarter YoY: +14.8% (decel: -15.8%)",
      "severity": "WARNING"
    },
    {
      "quarter": "2023-09 (Q3)",
      "signal": "FCF MARGIN EXPANSION",
      "detail": "FCF margin: +43.6% -> +51.5% (+7.8%)",
      "severity": "MEDIUM"
    },
    {
      "quarter": "2023-09 (Q3)",
      "signal": "YoY REVENUE GROWTH ACCELERATION",
      "detail": "YoY growth: +14.8% vs prior quarter YoY: +3.3% (accel: +11.5%)",
      "severity": "MEDIUM"
    },
    {
      "quarter": "2023-03 (Q1)",
      "signal": "YoY REVENUE GROWTH DECELERATION",
      "detail": "YoY growth: -1.1% vs prior quarter YoY: +21.6% (decel: -22.7%)",
      "severity": "WARNING"
    },
    {
      "quarter": "2022-12 (Q4)",
      "signal": "YoY REVENUE GROWTH ACCELERATION",
      "detail": "YoY growth: +21.6% vs prior quarter YoY: +9.5% (accel: +12.2%)",
      "severity": "MEDIUM"
    },
    {
      "quarter": "2022-09 (Q3)",
      "signal": "FCF MARGIN EXPANSION",
      "detail": "FCF margin: +49.1% -> +77.1% (+28.0%)",
      "severity": "MEDIUM"
    },
    {
      "quarter": "2022-09 (Q3)",
      "signal": "YoY REVENUE GROWTH ACCELERATION",
      "detail": "YoY growth: +9.5% vs prior quarter YoY: +2.0% (accel: +7.5%)",
      "severity": "MEDIUM"
    },
    {
      "quarter": "2022-06 (Q2)",
      "signal": "FCF MARGIN EXPANSION",
      "detail": "FCF margin: +38.7% -> +49.1% (+10.4%)",
      "severity": "MEDIUM"
    },
    {
      "quarter": "2022-06 (Q2)",
      "signal": "YoY REVENUE GROWTH DECELERATION",
      "detail": "YoY growth: +2.0% vs prior quarter YoY: +7.0% (decel: -5.1%)",
      "severity": "WARNING"
    },
    {
      "quarter": "2021-09 (Q3)",
      "signal": "FCF MARGIN EXPANSION",
      "detail": "FCF margin: +54.8% -> +82.6% (+27.8%)",
      "severity": "MEDIUM"
    },
    {
      "quarter": "2021-06 (Q2)",
      "signal": "FCF MARGIN EXPANSION",
      "detail": "FCF margin: +45.0% -> +54.8% (+9.8%)",
      "severity": "MEDIUM"
    }
  ],
  "data_quality": {
    "n_quarters": 20,
    "coverage": {
      "revenue": [
        20,
        20
      ],
      "gross_profit": [
        0,
        20
      ],
      "op_income": [
        0,
        20
      ],
      "fcf": [
        20,
        20
      ]
    },
    "gaps": [],
    "warnings": [
      "gross_profit: no data",
      "op_income: no data"
    ]
  },
  "market_cap": null,
  "source": "SEC EDGAR",
  "last_updated": "2026-02-13T11:38:44.031861"
}