{
  "ticker": "SBUX",
  "name": "Starbucks Corporation",
  "quarters": [
    {
      "date": "2021-03-28T00:00:00",
      "quarter_label": "2021-03 (Q1)",
      "revenue": 6668000000,
      "gross_profit": null,
      "operating_income": 987600000,
      "net_income": 659400000,
      "opex": 5757500000,
      "cogs": null,
      "rd": null,
      "sga": null,
      "fcf": 560100000,
      "ocf": 883800000,
      "capex": -323700000,
      "gross_margin": null,
      "op_margin": 0.14811037792441512,
      "fcf_margin": 0.08399820035992801
    },
    {
      "date": "2021-06-27T00:00:00",
      "quarter_label": "2021-06 (Q2)",
      "revenue": 7496500000,
      "gross_profit": null,
      "operating_income": 1488700000,
      "net_income": 1153400000,
      "opex": 6113300000,
      "cogs": null,
      "rd": null,
      "sga": null,
      "fcf": 1411100000,
      "ocf": 1748900000,
      "capex": -337800000,
      "gross_margin": null,
      "op_margin": 0.1985860068031748,
      "fcf_margin": 0.18823450943773762,
      "op_leverage_ratio": 2.01059651054612,
      "fcf_margin_change": 0.1042363090778096
    },
    {
      "date": "2021-10-03T00:00:00",
      "quarter_label": "2021-10 (Q4)",
      "revenue": 8146700000,
      "gross_profit": null,
      "operating_income": 1482200000,
      "net_income": 1764400000,
      "opex": 6784500000,
      "cogs": null,
      "rd": null,
      "sga": null,
      "fcf": 1036400000,
      "ocf": 1520700000,
      "capex": -484300000,
      "gross_margin": null,
      "op_margin": 0.18193869910515914,
      "fcf_margin": 0.12721715541262107,
      "op_leverage_ratio": 0.789972877291087,
      "fcf_margin_change": -0.061017354025116544
    },
    {
      "date": "2022-01-02T00:00:00",
      "quarter_label": "2022-01 (Q1)",
      "revenue": 8050400000,
      "gross_profit": null,
      "operating_income": 1177800000,
      "net_income": 815900000,
      "opex": 6912900000,
      "cogs": null,
      "rd": null,
      "sga": null,
      "fcf": 1454100000,
      "ocf": 1870900000,
      "capex": -416800000,
      "gross_margin": null,
      "op_margin": 0.14630328927755143,
      "fcf_margin": 0.18062456523899434,
      "fcf_margin_change": 0.053407409826373264
    },
    {
      "date": "2022-04-03T00:00:00",
      "quarter_label": "2022-04 (Q2)",
      "revenue": 7635600000,
      "gross_profit": null,
      "operating_income": 948900000,
      "net_income": 674500000,
      "opex": 6735800000,
      "cogs": null,
      "rd": null,
      "sga": null,
      "fcf": -293200000,
      "ocf": 161900000,
      "capex": -455100000,
      "gross_margin": null,
      "op_margin": 0.12427314159987428,
      "fcf_margin": -0.0383990780030384,
      "incr_op_margin_yoy": -0.03999586606035552,
      "rev_growth_yoy": 0.1451109778044391,
      "fcf_margin_change": -0.21902364324203275
    },
    {
      "date": "2022-07-03T00:00:00",
      "quarter_label": "2022-07 (Q3)",
      "revenue": 8150100000,
      "gross_profit": null,
      "operating_income": 1295500000,
      "net_income": 912900000,
      "opex": 6908700000,
      "cogs": null,
      "rd": null,
      "sga": null,
      "fcf": 841300000,
      "ocf": 1264800000,
      "capex": -423500000,
      "gross_margin": null,
      "op_margin": 0.1589551048453393,
      "fcf_margin": 0.10322572729168968,
      "incr_op_margin_yoy": -0.295593635250918,
      "rev_growth_yoy": 0.08718735409857933,
      "rev_growth_yoy_accel": -0.05792362370585977,
      "op_leverage_ratio": 2.6250428686593357,
      "fcf_margin_change": 0.14162480529472807
    },
    {
      "date": "2022-10-02T00:00:00",
      "quarter_label": "2022-10 (Q4)",
      "revenue": 8414200000,
      "gross_profit": null,
      "operating_income": 1195500000,
      "net_income": 878300000,
      "opex": 7309300000,
      "cogs": null,
      "rd": null,
      "sga": null,
      "fcf": 553800000,
      "ocf": 1099700000,
      "capex": -545900000,
      "gross_margin": null,
      "op_margin": 0.14208124361198926,
      "fcf_margin": 0.06581730883506454,
      "incr_op_margin_yoy": -1.0717757009345794,
      "rev_growth_yoy": 0.03283538119729461,
      "rev_growth_yoy_accel": -0.054351972901284726,
      "op_leverage_ratio": 0.5588443355506366,
      "fcf_margin_change": -0.03740841845662514
    },
    {
      "date": "2023-01-01T00:00:00",
      "quarter_label": "2023-01 (Q1)",
      "revenue": 8713900000,
      "gross_profit": null,
      "operating_income": 1253100000,
      "net_income": 855200000,
      "opex": 7518600000,
      "cogs": null,
      "rd": null,
      "sga": null,
      "fcf": 1076400000,
      "ocf": 1593200000,
      "capex": -516800000,
      "gross_margin": null,
      "op_margin": 0.14380472578294448,
      "fcf_margin": 0.12352677905415485,
      "incr_op_margin_yoy": 0.11348907309721176,
      "rev_growth_yoy": 0.08241826493093511,
      "rev_growth_yoy_accel": 0.049582883733640504,
      "op_leverage_ratio": 1.243885688747015,
      "fcf_margin_change": 0.057709470219090314
    },
    {
      "date": "2023-04-02T00:00:00",
      "quarter_label": "2023-04 (Q2)",
      "revenue": 8719800000,
      "gross_profit": null,
      "operating_income": 1327500000,
      "net_income": 908300000,
      "opex": 7535000000,
      "cogs": null,
      "rd": null,
      "sga": null,
      "fcf": -4439200000,
      "ocf": -3954000000,
      "capex": -485200000,
      "gross_margin": null,
      "op_margin": 0.15223973026904286,
      "fcf_margin": -0.5090942452808551,
      "incr_op_margin_yoy": 0.3491975650249032,
      "rev_growth_yoy": 0.14199277070564198,
      "rev_growth_yoy_accel": 0.05957450577470687,
      "fcf_margin_change": -0.63262102433501
    },
    {
      "date": "2023-07-02T00:00:00",
      "quarter_label": "2023-07 (Q3)",
      "revenue": 9168300000,
      "gross_profit": null,
      "operating_income": 1583900000,
      "net_income": 1141700000,
      "opex": 7654100000,
      "cogs": null,
      "rd": null,
      "sga": null,
      "fcf": 5792400000,
      "ocf": 6424500000,
      "capex": -632100000,
      "gross_margin": null,
      "op_margin": 0.17275830851957288,
      "fcf_margin": 0.6317856091096495,
      "incr_op_margin_yoy": 0.28324494205460615,
      "rev_growth_yoy": 0.12493098244193322,
      "rev_growth_yoy_accel": -0.017061788263708758,
      "op_leverage_ratio": 3.2540739530053004,
      "fcf_margin_change": 1.1408798543905045
    },
    {
      "date": "2023-10-01T00:00:00",
      "quarter_label": "2023-10 (Q4)",
      "revenue": 9373600000,
      "gross_profit": null,
      "operating_income": 1706200000,
      "net_income": 1219300000,
      "opex": 7786800000,
      "cogs": null,
      "rd": null,
      "sga": null,
      "fcf": 1245500000,
      "ocf": 1945000000,
      "capex": -699500000,
      "gross_margin": null,
      "op_margin": 0.18202184859605702,
      "fcf_margin": 0.13287317572757532,
      "incr_op_margin_yoy": 0.5323118615801543,
      "rev_growth_yoy": 0.11402153502412589,
      "rev_growth_yoy_accel": -0.010909447417807333,
      "op_leverage_ratio": 1.2915860415176335,
      "fcf_margin_change": -0.49891243338207425
    },
    {
      "date": "2023-12-31T00:00:00",
      "quarter_label": "2023-12 (Q4)",
      "revenue": 9425300000,
      "gross_profit": null,
      "operating_income": 1485400000,
      "net_income": 1024400000,
      "opex": 7995800000,
      "cogs": null,
      "rd": null,
      "sga": null,
      "fcf": 1788000000,
      "ocf": 2383900000,
      "capex": -595900000,
      "gross_margin": null,
      "op_margin": 0.15759710566241925,
      "fcf_margin": 0.18970218454585,
      "incr_op_margin_yoy": 0.3265392184425077,
      "rev_growth_yoy": 0.0816396791333387,
      "rev_growth_yoy_accel": -0.032381855890787195,
      "fcf_margin_change": 0.056829008818274684
    },
    {
      "date": "2024-03-31T00:00:00",
      "quarter_label": "2024-03 (Q1)",
      "revenue": 8563000000,
      "gross_profit": null,
      "operating_income": 1098900000,
      "net_income": 772400000,
      "opex": 7532100000,
      "cogs": null,
      "rd": null,
      "sga": null,
      "fcf": -153100000,
      "ocf": 506000000,
      "capex": -659100000,
      "gross_margin": null,
      "op_margin": 0.12833119233913348,
      "fcf_margin": -0.017879247927128344,
      "incr_op_margin_yoy": 1.4579081632653061,
      "rev_growth_yoy": -0.017982063808802955,
      "rev_growth_yoy_accel": -0.09962174294214166,
      "fcf_margin_change": -0.20758143247297833
    },
    {
      "date": "2024-06-30T00:00:00",
      "quarter_label": "2024-06 (Q2)",
      "revenue": 9113900000,
      "gross_profit": null,
      "operating_income": 1517500000,
      "net_income": 1054800000,
      "opex": 7670300000,
      "cogs": null,
      "rd": null,
      "sga": null,
      "fcf": 945800000,
      "ocf": 1670100000,
      "capex": -724300000,
      "gross_margin": null,
      "op_margin": 0.16650391160754452,
      "fcf_margin": 0.10377555162992791,
      "incr_op_margin_yoy": 1.2205882352941178,
      "rev_growth_yoy": -0.005933488214827177,
      "rev_growth_yoy_accel": 0.012048575593975777,
      "op_leverage_ratio": 3.5063467535165005,
      "fcf_margin_change": 0.12165479955705626
    },
    {
      "date": "2024-09-29T00:00:00",
      "quarter_label": "2024-09 (Q3)",
      "revenue": 9073900000,
      "gross_profit": null,
      "operating_income": 1306900000,
      "net_income": 909200000,
      "opex": 7870400000,
      "cogs": null,
      "rd": null,
      "sga": null,
      "fcf": 737400000,
      "ocf": 1535600000,
      "capex": -798200000,
      "gross_margin": null,
      "op_margin": 0.14402847728099274,
      "fcf_margin": 0.08126604877726226,
      "incr_op_margin_yoy": 1.3323323323323324,
      "rev_growth_yoy": -0.03197277460100709,
      "rev_growth_yoy_accel": -0.02603928638617991,
      "fcf_margin_change": -0.022509502852665647
    },
    {
      "date": "2024-12-29T00:00:00",
      "quarter_label": "2024-12 (Q4)",
      "revenue": 9397800000,
      "gross_profit": null,
      "operating_income": 1121700000,
      "net_income": 780800000,
      "opex": 8322600000,
      "cogs": null,
      "rd": null,
      "sga": null,
      "fcf": 1379100000,
      "ocf": 2072000000,
      "capex": -692900000,
      "gross_margin": null,
      "op_margin": 0.11935772202004724,
      "fcf_margin": 0.1467471110259848,
      "incr_op_margin_yoy": 13.225454545454545,
      "rev_growth_yoy": -0.0029176790128696167,
      "rev_growth_yoy_accel": 0.02905509558813747,
      "op_leverage_ratio": 0.6212740392869929,
      "fcf_margin_change": 0.06548106224872255
    },
    {
      "date": "2025-03-30T00:00:00",
      "quarter_label": "2025-03 (Q1)",
      "revenue": 8761600000,
      "gross_profit": null,
      "operating_income": 601000000,
      "net_income": 384200000,
      "opex": 8219700000,
      "cogs": null,
      "rd": null,
      "sga": null,
      "fcf": -297200000,
      "ocf": 292000000,
      "capex": -589200000,
      "gross_margin": null,
      "op_margin": 0.06859477720964208,
      "fcf_margin": -0.033920745069393715,
      "incr_op_margin_yoy": -2.5070493454179257,
      "rev_growth_yoy": 0.023192806259488497,
      "rev_growth_yoy_accel": 0.026110485272358114,
      "fcf_margin_change": -0.18066785609537853
    },
    {
      "date": "2025-06-29T00:00:00",
      "quarter_label": "2025-06 (Q2)",
      "revenue": 9456000000,
      "gross_profit": null,
      "operating_income": 935600000,
      "net_income": 558300000,
      "opex": 8577500000,
      "cogs": null,
      "rd": null,
      "sga": null,
      "fcf": 434300000,
      "ocf": 1001700000,
      "capex": -567400000,
      "gross_margin": null,
      "op_margin": 0.0989424703891709,
      "fcf_margin": 0.045928510998307956,
      "incr_op_margin_yoy": -1.7009646302250805,
      "rev_growth_yoy": 0.03753607127574365,
      "rev_growth_yoy_accel": 0.014343265016255151,
      "op_leverage_ratio": 1.820714793472487,
      "fcf_margin_change": 0.07984925606770167
    },
    {
      "date": "2025-09-28T00:00:00",
      "quarter_label": "2025-09 (Q3)",
      "revenue": 9569000000,
      "gross_profit": null,
      "operating_income": 278200000,
      "net_income": 133200000,
      "opex": 9375900000,
      "cogs": null,
      "rd": null,
      "sga": null,
      "fcf": 925800000,
      "ocf": 1381800000,
      "capex": -456000000,
      "gross_margin": null,
      "op_margin": 0.029073048385411224,
      "fcf_margin": 0.09674992162190406,
      "incr_op_margin_yoy": -2.0777620682690365,
      "rev_growth_yoy": 0.05456308753678132,
      "rev_growth_yoy_accel": 0.01702701626103767,
      "op_leverage_ratio": 0.12838408150904176,
      "fcf_margin_change": 0.0508214106235961
    },
    {
      "date": "2025-12-28T00:00:00",
      "quarter_label": "2025-12 (Q4)",
      "revenue": 9915100000,
      "gross_profit": null,
      "operating_income": 890800000,
      "net_income": 293300000,
      "opex": 9084900000,
      "cogs": null,
      "rd": null,
      "sga": null,
      "fcf": 1274000000,
      "ocf": 1597700000,
      "capex": -323700000,
      "gross_margin": null,
      "op_margin": 0.08984276507549092,
      "fcf_margin": 0.1284908876360299,
      "incr_op_margin_yoy": -0.44635607964430696,
      "rev_growth_yoy": 0.05504479771861499,
      "rev_growth_yoy_accel": 0.00048171018183367637,
      "op_leverage_ratio": Infinity,
      "fcf_margin_change": 0.031740966014125835
    }
  ],
  "signals": [
    {
      "quarter": "2025-09 (Q3)",
      "signal": "FCF MARGIN EXPANSION",
      "detail": "FCF margin: +4.6% -> +9.7% (+5.1%)",
      "severity": "MEDIUM"
    },
    {
      "quarter": "2025-06 (Q2)",
      "signal": "FCF TURNED POSITIVE",
      "detail": "FCF margin: -3.4% -> +4.6%",
      "severity": "HIGH"
    },
    {
      "quarter": "2025-06 (Q2)",
      "signal": "OPERATING LEVERAGE",
      "detail": "Rev growth +7.9% vs OpEx growth +4.4% (leverage: 1.8x)",
      "severity": "MEDIUM"
    },
    {
      "quarter": "2024-12 (Q4)",
      "signal": "FCF MARGIN EXPANSION",
      "detail": "FCF margin: +8.1% -> +14.7% (+6.5%)",
      "severity": "MEDIUM"
    },
    {
      "quarter": "2024-12 (Q4)",
      "signal": "INCREMENTAL MARGIN (YoY)",
      "detail": "YoY Incr OPM: +1322.5% vs year-ago OPM: +15.8%",
      "severity": "HIGH"
    },
    {
      "quarter": "2024-09 (Q3)",
      "signal": "INCREMENTAL MARGIN (YoY)",
      "detail": "YoY Incr OPM: +133.2% vs year-ago OPM: +18.2%",
      "severity": "HIGH"
    },
    {
      "quarter": "2024-06 (Q2)",
      "signal": "FCF TURNED POSITIVE",
      "detail": "FCF margin: -1.8% -> +10.4%",
      "severity": "HIGH"
    },
    {
      "quarter": "2024-06 (Q2)",
      "signal": "OPERATING LEVERAGE",
      "detail": "Rev growth +6.4% vs OpEx growth +1.8% (leverage: 3.5x)",
      "severity": "MEDIUM"
    },
    {
      "quarter": "2024-06 (Q2)",
      "signal": "INCREMENTAL MARGIN (YoY)",
      "detail": "YoY Incr OPM: +122.1% vs year-ago OPM: +17.3%",
      "severity": "HIGH"
    },
    {
      "quarter": "2024-03 (Q1)",
      "signal": "YoY REVENUE GROWTH DECELERATION",
      "detail": "YoY growth: -1.8% vs prior quarter YoY: +8.2% (decel: -10.0%)",
      "severity": "WARNING"
    },
    {
      "quarter": "2024-03 (Q1)",
      "signal": "INCREMENTAL MARGIN (YoY)",
      "detail": "YoY Incr OPM: +145.8% vs year-ago OPM: +15.2%",
      "severity": "HIGH"
    },
    {
      "quarter": "2023-12 (Q4)",
      "signal": "FCF MARGIN EXPANSION",
      "detail": "FCF margin: +13.3% -> +19.0% (+5.7%)",
      "severity": "MEDIUM"
    },
    {
      "quarter": "2023-12 (Q4)",
      "signal": "INCREMENTAL MARGIN (YoY)",
      "detail": "YoY Incr OPM: +32.7% vs year-ago OPM: +14.4%",
      "severity": "MEDIUM"
    },
    {
      "quarter": "2023-10 (Q4)",
      "signal": "INCREMENTAL MARGIN (YoY)",
      "detail": "YoY Incr OPM: +53.2% vs year-ago OPM: +14.2%",
      "severity": "HIGH"
    },
    {
      "quarter": "2023-07 (Q3)",
      "signal": "FCF TURNED POSITIVE",
      "detail": "FCF margin: -50.9% -> +63.2%",
      "severity": "HIGH"
    },
    {
      "quarter": "2023-07 (Q3)",
      "signal": "OPERATING LEVERAGE",
      "detail": "Rev growth +5.1% vs OpEx growth +1.6% (leverage: 3.3x)",
      "severity": "MEDIUM"
    },
    {
      "quarter": "2023-07 (Q3)",
      "signal": "INCREMENTAL MARGIN (YoY)",
      "detail": "YoY Incr OPM: +28.3% vs year-ago OPM: +15.9%",
      "severity": "MEDIUM"
    },
    {
      "quarter": "2023-04 (Q2)",
      "signal": "YoY REVENUE GROWTH ACCELERATION",
      "detail": "YoY growth: +14.2% vs prior quarter YoY: +8.2% (accel: +6.0%)",
      "severity": "MEDIUM"
    },
    {
      "quarter": "2023-04 (Q2)",
      "signal": "INCREMENTAL MARGIN (YoY)",
      "detail": "YoY Incr OPM: +34.9% vs year-ago OPM: +12.4%",
      "severity": "HIGH"
    },
    {
      "quarter": "2023-01 (Q1)",
      "signal": "FCF MARGIN EXPANSION",
      "detail": "FCF margin: +6.6% -> +12.4% (+5.8%)",
      "severity": "MEDIUM"
    },
    {
      "quarter": "2022-10 (Q4)",
      "signal": "YoY REVENUE GROWTH DECELERATION",
      "detail": "YoY growth: +3.3% vs prior quarter YoY: +8.7% (decel: -5.4%)",
      "severity": "WARNING"
    },
    {
      "quarter": "2022-07 (Q3)",
      "signal": "FCF TURNED POSITIVE",
      "detail": "FCF margin: -3.8% -> +10.3%",
      "severity": "HIGH"
    },
    {
      "quarter": "2022-07 (Q3)",
      "signal": "OPERATING LEVERAGE",
      "detail": "Rev growth +6.7% vs OpEx growth +2.6% (leverage: 2.6x)",
      "severity": "MEDIUM"
    },
    {
      "quarter": "2022-07 (Q3)",
      "signal": "YoY REVENUE GROWTH DECELERATION",
      "detail": "YoY growth: +8.7% vs prior quarter YoY: +14.5% (decel: -5.8%)",
      "severity": "WARNING"
    },
    {
      "quarter": "2022-01 (Q1)",
      "signal": "FCF MARGIN EXPANSION",
      "detail": "FCF margin: +12.7% -> +18.1% (+5.3%)",
      "severity": "MEDIUM"
    },
    {
      "quarter": "2021-06 (Q2)",
      "signal": "FCF MARGIN EXPANSION",
      "detail": "FCF margin: +8.4% -> +18.8% (+10.4%)",
      "severity": "MEDIUM"
    },
    {
      "quarter": "2021-06 (Q2)",
      "signal": "OPERATING LEVERAGE",
      "detail": "Rev growth +12.4% vs OpEx growth +6.2% (leverage: 2.0x)",
      "severity": "MEDIUM"
    }
  ],
  "data_quality": {
    "n_quarters": 20,
    "coverage": {
      "revenue": [
        20,
        20
      ],
      "gross_profit": [
        0,
        20
      ],
      "op_income": [
        20,
        20
      ],
      "fcf": [
        20,
        20
      ]
    },
    "gaps": [],
    "warnings": [
      "gross_profit: no data"
    ]
  },
  "market_cap": null,
  "source": "SEC EDGAR",
  "last_updated": "2026-02-02T19:49:24.098778"
}