{
  "ticker": "SCCG",
  "name": "SACHEM CAPITAL CORP.",
  "quarters": [
    {
      "date": "2020-12-31T00:00:00",
      "quarter_label": "2020-12 (Q4)",
      "revenue": 5708143,
      "gross_profit": null,
      "operating_income": null,
      "net_income": 2349988,
      "opex": 3358155,
      "cogs": null,
      "rd": null,
      "sga": null,
      "fcf": 2207873,
      "ocf": 2238366,
      "capex": -30493,
      "gross_margin": null,
      "op_margin": null,
      "fcf_margin": 0.3867935684162082
    },
    {
      "date": "2021-03-31T00:00:00",
      "quarter_label": "2021-03 (Q1)",
      "revenue": 5712181,
      "gross_profit": null,
      "operating_income": null,
      "net_income": 2183101,
      "opex": 3529080,
      "cogs": null,
      "rd": null,
      "sga": null,
      "fcf": 2753189,
      "ocf": 2789056,
      "capex": -35867,
      "gross_margin": null,
      "op_margin": null,
      "fcf_margin": 0.48198560234698445,
      "fcf_margin_change": 0.09519203393077624
    },
    {
      "date": "2021-06-30T00:00:00",
      "quarter_label": "2021-06 (Q2)",
      "revenue": 6713895,
      "gross_profit": null,
      "operating_income": null,
      "net_income": 2530844,
      "opex": 4183051,
      "cogs": null,
      "rd": null,
      "sga": null,
      "fcf": 2606270,
      "ocf": 3346868,
      "capex": -740598,
      "gross_margin": null,
      "op_margin": null,
      "fcf_margin": 0.38819046172154914,
      "op_leverage_ratio": 0.9463347684570803,
      "fcf_margin_change": -0.09379514062543531
    },
    {
      "date": "2021-09-30T00:00:00",
      "quarter_label": "2021-09 (Q3)",
      "revenue": 8522376,
      "gross_profit": null,
      "operating_income": null,
      "net_income": 4300615,
      "opex": 4221761,
      "cogs": null,
      "rd": null,
      "sga": null,
      "fcf": 11197432,
      "ocf": 11238752,
      "capex": -41320,
      "gross_margin": null,
      "op_margin": null,
      "fcf_margin": 1.3138861744659,
      "op_leverage_ratio": 29.10780076918596,
      "fcf_margin_change": 0.9256957127443509
    },
    {
      "date": "2021-12-31T00:00:00",
      "quarter_label": "2021-12 (Q4)",
      "revenue": 9476101,
      "gross_profit": null,
      "operating_income": null,
      "net_income": 4285838,
      "opex": 5190263,
      "cogs": null,
      "rd": null,
      "sga": null,
      "fcf": 10426978,
      "ocf": 10431515,
      "capex": -4537,
      "gross_margin": null,
      "op_margin": null,
      "fcf_margin": 1.1003447514964224,
      "rev_growth_yoy": 0.6601022434091087,
      "op_leverage_ratio": 0.48781550234507004,
      "fcf_margin_change": -0.21354142296947765
    },
    {
      "date": "2022-03-31T00:00:00",
      "quarter_label": "2022-03 (Q1)",
      "revenue": 10301375,
      "gross_profit": null,
      "operating_income": null,
      "net_income": 4351466,
      "opex": 5949909,
      "cogs": null,
      "rd": null,
      "sga": null,
      "fcf": 7551465,
      "ocf": 7555123,
      "capex": -3658,
      "gross_margin": null,
      "op_margin": null,
      "fcf_margin": 0.7330540825860625,
      "rev_growth_yoy": 0.8034048640965684,
      "rev_growth_yoy_accel": 0.1433026206874597,
      "op_leverage_ratio": 0.5950405899475321,
      "fcf_margin_change": -0.3672906689103599
    },
    {
      "date": "2022-06-30T00:00:00",
      "quarter_label": "2022-06 (Q2)",
      "revenue": 12548130,
      "gross_profit": null,
      "operating_income": null,
      "net_income": 5227576,
      "opex": 7320554,
      "cogs": null,
      "rd": null,
      "sga": null,
      "fcf": -1035338,
      "ocf": -223657,
      "capex": -811681,
      "gross_margin": null,
      "op_margin": null,
      "fcf_margin": -0.08250934601410728,
      "rev_growth_yoy": 0.8689791842142304,
      "rev_growth_yoy_accel": 0.06557432011766196,
      "op_leverage_ratio": 0.9467729846001545,
      "fcf_margin_change": -0.8155634286001698
    },
    {
      "date": "2022-09-30T00:00:00",
      "quarter_label": "2022-09 (Q3)",
      "revenue": 13540987,
      "gross_profit": null,
      "operating_income": null,
      "net_income": 5053639,
      "opex": 8487348,
      "cogs": null,
      "rd": null,
      "sga": null,
      "fcf": 4597382,
      "ocf": 5074203,
      "capex": -476821,
      "gross_margin": null,
      "op_margin": null,
      "fcf_margin": 0.3395160190316998,
      "rev_growth_yoy": 0.588874628390017,
      "rev_growth_yoy_accel": -0.28010455582421334,
      "op_leverage_ratio": 0.4964293546069511,
      "fcf_margin_change": 0.4220253650458071
    },
    {
      "date": "2022-12-31T00:00:00",
      "quarter_label": "2022-12 (Q4)",
      "revenue": 15885532,
      "gross_profit": null,
      "operating_income": null,
      "net_income": 6275969,
      "opex": 9609563,
      "cogs": null,
      "rd": null,
      "sga": null,
      "fcf": 453501,
      "ocf": 742691,
      "capex": -289190,
      "gross_margin": null,
      "op_margin": null,
      "fcf_margin": 0.028548052403910677,
      "rev_growth_yoy": 0.6763785020864594,
      "rev_growth_yoy_accel": 0.08750387369644241,
      "op_leverage_ratio": 1.3094960472686394,
      "fcf_margin_change": -0.31096796662778914
    },
    {
      "date": "2023-03-31T00:00:00",
      "quarter_label": "2023-03 (Q1)",
      "revenue": 14707759,
      "gross_profit": null,
      "operating_income": null,
      "net_income": 5120222,
      "opex": 9587537,
      "cogs": null,
      "rd": null,
      "sga": null,
      "fcf": 4298508,
      "ocf": 5009391,
      "capex": -710883,
      "gross_margin": null,
      "op_margin": null,
      "fcf_margin": 0.29226124795762565,
      "rev_growth_yoy": 0.42774716967395127,
      "rev_growth_yoy_accel": -0.24863133241250818,
      "fcf_margin_change": 0.263713195553715
    },
    {
      "date": "2023-06-30T00:00:00",
      "quarter_label": "2023-06 (Q2)",
      "revenue": 16458283,
      "gross_profit": null,
      "operating_income": 5948000,
      "net_income": 5698037,
      "opex": 10760246,
      "cogs": null,
      "rd": null,
      "sga": null,
      "fcf": 7058005,
      "ocf": 7069609,
      "capex": -11604,
      "gross_margin": null,
      "op_margin": 0.3613985735936124,
      "fcf_margin": 0.42884212162350105,
      "rev_growth_yoy": 0.31161240758583153,
      "rev_growth_yoy_accel": -0.11613476208811974,
      "op_leverage_ratio": 0.9730571748133341,
      "fcf_margin_change": 0.1365808736658754
    },
    {
      "date": "2023-09-30T00:00:00",
      "quarter_label": "2023-09 (Q3)",
      "revenue": 17534437,
      "gross_profit": null,
      "operating_income": 6430000,
      "net_income": 6190194,
      "opex": 11344243,
      "cogs": null,
      "rd": null,
      "sga": null,
      "fcf": 6859000,
      "ocf": 6859000,
      "capex": null,
      "gross_margin": null,
      "op_margin": 0.3667069550051707,
      "fcf_margin": 0.39117309554906154,
      "rev_growth_yoy": 0.2949157251240253,
      "rev_growth_yoy_accel": -0.016696682461806223,
      "op_leverage_ratio": 1.2047626154796305,
      "fcf_margin_change": -0.037669026074439504
    },
    {
      "date": "2023-12-31T00:00:00",
      "quarter_label": "2023-12 (Q4)",
      "revenue": 16908659,
      "gross_profit": null,
      "operating_income": -1608000,
      "net_income": -1109303,
      "opex": 18017962,
      "cogs": null,
      "rd": null,
      "sga": null,
      "fcf": 2913000,
      "ocf": 2913000,
      "capex": null,
      "gross_margin": null,
      "op_margin": -0.0950992033135212,
      "fcf_margin": 0.1722785940623677,
      "rev_growth_yoy": 0.06440621566844598,
      "rev_growth_yoy_accel": -0.23050950945557933,
      "fcf_margin_change": -0.21889450148669384
    },
    {
      "date": "2024-03-31T00:00:00",
      "quarter_label": "2024-03 (Q1)",
      "revenue": 17200956,
      "gross_profit": null,
      "operating_income": 4273000,
      "net_income": 4670225,
      "opex": 12530731,
      "cogs": null,
      "rd": null,
      "sga": null,
      "fcf": 4217000,
      "ocf": 4217000,
      "capex": null,
      "gross_margin": null,
      "op_margin": 0.24841642522659788,
      "fcf_margin": 0.24516079222573442,
      "rev_growth_yoy": 0.16951576375435579,
      "rev_growth_yoy_accel": 0.1051095480859098,
      "op_leverage_ratio": Infinity,
      "fcf_margin_change": 0.07288219816336672
    },
    {
      "date": "2024-06-30T00:00:00",
      "quarter_label": "2024-06 (Q2)",
      "revenue": 15146000,
      "gross_profit": null,
      "operating_income": -3315000,
      "net_income": -3056000,
      "opex": 18461000,
      "cogs": null,
      "rd": null,
      "sga": null,
      "fcf": 6962000,
      "ocf": 6962000,
      "capex": null,
      "gross_margin": null,
      "op_margin": -0.2188696685593556,
      "fcf_margin": 0.4596593159910207,
      "incr_op_margin_yoy": 7.058690846410416,
      "rev_growth_yoy": -0.07973389447732793,
      "rev_growth_yoy_accel": -0.2492496582316837,
      "fcf_margin_change": 0.2144985237652863
    },
    {
      "date": "2024-09-30T00:00:00",
      "quarter_label": "2024-09 (Q3)",
      "revenue": 14785000,
      "gross_profit": null,
      "operating_income": -4822000,
      "net_income": -5051000,
      "opex": 19607000,
      "cogs": null,
      "rd": null,
      "sga": null,
      "fcf": 2331000,
      "ocf": 2331000,
      "capex": null,
      "gross_margin": null,
      "op_margin": -0.3261413594859655,
      "fcf_margin": 0.15765979032803518,
      "incr_op_margin_yoy": 4.092474204719003,
      "rev_growth_yoy": -0.15680212601066118,
      "rev_growth_yoy_accel": -0.07706823153333325,
      "fcf_margin_change": -0.30199952566298555
    },
    {
      "date": "2024-12-31T00:00:00",
      "quarter_label": "2024-12 (Q4)",
      "revenue": 10765000,
      "gross_profit": null,
      "operating_income": -14111000,
      "net_income": -36135000,
      "opex": 24876000,
      "cogs": null,
      "rd": null,
      "sga": null,
      "fcf": -620000,
      "ocf": -620000,
      "capex": null,
      "gross_margin": null,
      "op_margin": -1.310822108685555,
      "fcf_margin": -0.057594054807245706,
      "incr_op_margin_yoy": 2.035106440640667,
      "rev_growth_yoy": -0.3633439529415077,
      "rev_growth_yoy_accel": -0.2065418269308465,
      "fcf_margin_change": -0.2152538451352809
    },
    {
      "date": "2025-03-31T00:00:00",
      "quarter_label": "2025-03 (Q1)",
      "revenue": 11442000,
      "gross_profit": null,
      "operating_income": 1029000,
      "net_income": 904000,
      "opex": 10413000,
      "cogs": null,
      "rd": null,
      "sga": null,
      "fcf": 191000,
      "ocf": 191000,
      "capex": null,
      "gross_margin": null,
      "op_margin": 0.08993183009963293,
      "fcf_margin": 0.01669288585911554,
      "incr_op_margin_yoy": 0.5632965419426715,
      "rev_growth_yoy": -0.3348044143592949,
      "rev_growth_yoy_accel": 0.028539538582212753,
      "op_leverage_ratio": Infinity,
      "fcf_margin_change": 0.07428694066636124
    },
    {
      "date": "2025-06-30T00:00:00",
      "quarter_label": "2025-06 (Q2)",
      "revenue": 10775000,
      "gross_profit": null,
      "operating_income": 1066000,
      "net_income": 1887000,
      "opex": 9709000,
      "cogs": null,
      "rd": null,
      "sga": null,
      "fcf": 501000,
      "ocf": 501000,
      "capex": null,
      "gross_margin": null,
      "op_margin": 0.09893271461716938,
      "fcf_margin": 0.04649651972157773,
      "incr_op_margin_yoy": -1.0022878059940517,
      "rev_growth_yoy": -0.2885910471411594,
      "rev_growth_yoy_accel": 0.046213367218135515,
      "fcf_margin_change": 0.029803633862462188
    },
    {
      "date": "2025-09-30T00:00:00",
      "quarter_label": "2025-09 (Q3)",
      "revenue": 12000000,
      "gross_profit": null,
      "operating_income": -367000,
      "net_income": 997000,
      "opex": 12367000,
      "cogs": null,
      "rd": null,
      "sga": null,
      "fcf": 4932000,
      "ocf": 4932000,
      "capex": null,
      "gross_margin": null,
      "op_margin": -0.030583333333333334,
      "fcf_margin": 0.411,
      "incr_op_margin_yoy": -1.5996409335727109,
      "rev_growth_yoy": -0.1883665877578627,
      "rev_growth_yoy_accel": 0.10022445938329672,
      "op_leverage_ratio": 0.4152774358893783,
      "fcf_margin_change": 0.3645034802784223
    }
  ],
  "signals": [
    {
      "quarter": "2025-09 (Q3)",
      "signal": "FCF MARGIN EXPANSION",
      "detail": "FCF margin: +4.6% -> +41.1% (+36.5%)",
      "severity": "MEDIUM"
    },
    {
      "quarter": "2025-09 (Q3)",
      "signal": "YoY REVENUE GROWTH ACCELERATION",
      "detail": "YoY growth: -18.8% vs prior quarter YoY: -28.9% (accel: +10.0%)",
      "severity": "MEDIUM"
    },
    {
      "quarter": "2025-06 (Q2)",
      "signal": "OP MARGIN TURNED POSITIVE (YoY)",
      "detail": "Op margin: -21.9% (year-ago) -> +9.9%",
      "severity": "HIGH"
    },
    {
      "quarter": "2025-03 (Q1)",
      "signal": "FCF TURNED POSITIVE",
      "detail": "FCF margin: -5.8% -> +1.7%",
      "severity": "HIGH"
    },
    {
      "quarter": "2025-03 (Q1)",
      "signal": "INCREMENTAL MARGIN (YoY)",
      "detail": "YoY Incr OPM: +56.3% vs year-ago OPM: +24.8%",
      "severity": "HIGH"
    },
    {
      "quarter": "2025-03 (Q1)",
      "signal": "OP MARGIN TURNED POSITIVE (QoQ)",
      "detail": "Op margin: -131.1% -> +9.0%",
      "severity": "HIGH"
    },
    {
      "quarter": "2024-12 (Q4)",
      "signal": "YoY REVENUE GROWTH DECELERATION",
      "detail": "YoY growth: -36.3% vs prior quarter YoY: -15.7% (decel: -20.7%)",
      "severity": "WARNING"
    },
    {
      "quarter": "2024-09 (Q3)",
      "signal": "YoY REVENUE GROWTH DECELERATION",
      "detail": "YoY growth: -15.7% vs prior quarter YoY: -8.0% (decel: -7.7%)",
      "severity": "WARNING"
    },
    {
      "quarter": "2024-06 (Q2)",
      "signal": "FCF MARGIN EXPANSION",
      "detail": "FCF margin: +24.5% -> +46.0% (+21.4%)",
      "severity": "MEDIUM"
    },
    {
      "quarter": "2024-06 (Q2)",
      "signal": "YoY REVENUE GROWTH DECELERATION",
      "detail": "YoY growth: -8.0% vs prior quarter YoY: +17.0% (decel: -24.9%)",
      "severity": "WARNING"
    },
    {
      "quarter": "2024-03 (Q1)",
      "signal": "FCF MARGIN EXPANSION",
      "detail": "FCF margin: +17.2% -> +24.5% (+7.3%)",
      "severity": "MEDIUM"
    },
    {
      "quarter": "2024-03 (Q1)",
      "signal": "YoY REVENUE GROWTH ACCELERATION",
      "detail": "YoY growth: +17.0% vs prior quarter YoY: +6.4% (accel: +10.5%)",
      "severity": "MEDIUM"
    },
    {
      "quarter": "2024-03 (Q1)",
      "signal": "OP MARGIN TURNED POSITIVE (QoQ)",
      "detail": "Op margin: -9.5% -> +24.8%",
      "severity": "HIGH"
    },
    {
      "quarter": "2023-12 (Q4)",
      "signal": "YoY REVENUE GROWTH DECELERATION",
      "detail": "YoY growth: +6.4% vs prior quarter YoY: +29.5% (decel: -23.1%)",
      "severity": "WARNING"
    },
    {
      "quarter": "2023-06 (Q2)",
      "signal": "FCF MARGIN EXPANSION",
      "detail": "FCF margin: +29.2% -> +42.9% (+13.7%)",
      "severity": "MEDIUM"
    },
    {
      "quarter": "2023-06 (Q2)",
      "signal": "YoY REVENUE GROWTH DECELERATION",
      "detail": "YoY growth: +31.2% vs prior quarter YoY: +42.8% (decel: -11.6%)",
      "severity": "WARNING"
    },
    {
      "quarter": "2023-03 (Q1)",
      "signal": "FCF MARGIN EXPANSION",
      "detail": "FCF margin: +2.9% -> +29.2% (+26.4%)",
      "severity": "MEDIUM"
    },
    {
      "quarter": "2023-03 (Q1)",
      "signal": "YoY REVENUE GROWTH DECELERATION",
      "detail": "YoY growth: +42.8% vs prior quarter YoY: +67.6% (decel: -24.9%)",
      "severity": "WARNING"
    },
    {
      "quarter": "2022-12 (Q4)",
      "signal": "YoY REVENUE GROWTH ACCELERATION",
      "detail": "YoY growth: +67.6% vs prior quarter YoY: +58.9% (accel: +8.8%)",
      "severity": "MEDIUM"
    },
    {
      "quarter": "2022-09 (Q3)",
      "signal": "FCF TURNED POSITIVE",
      "detail": "FCF margin: -8.3% -> +34.0%",
      "severity": "HIGH"
    },
    {
      "quarter": "2022-09 (Q3)",
      "signal": "YoY REVENUE GROWTH DECELERATION",
      "detail": "YoY growth: +58.9% vs prior quarter YoY: +86.9% (decel: -28.0%)",
      "severity": "WARNING"
    },
    {
      "quarter": "2022-06 (Q2)",
      "signal": "YoY REVENUE GROWTH ACCELERATION",
      "detail": "YoY growth: +86.9% vs prior quarter YoY: +80.3% (accel: +6.6%)",
      "severity": "MEDIUM"
    },
    {
      "quarter": "2022-03 (Q1)",
      "signal": "YoY REVENUE GROWTH ACCELERATION",
      "detail": "YoY growth: +80.3% vs prior quarter YoY: +66.0% (accel: +14.3%)",
      "severity": "MEDIUM"
    },
    {
      "quarter": "2021-09 (Q3)",
      "signal": "FCF MARGIN EXPANSION",
      "detail": "FCF margin: +38.8% -> +131.4% (+92.6%)",
      "severity": "MEDIUM"
    },
    {
      "quarter": "2021-09 (Q3)",
      "signal": "OPERATING LEVERAGE",
      "detail": "Rev growth +26.9% vs OpEx growth +0.9% (leverage: 29.1x)",
      "severity": "MEDIUM"
    },
    {
      "quarter": "2021-03 (Q1)",
      "signal": "FCF MARGIN EXPANSION",
      "detail": "FCF margin: +38.7% -> +48.2% (+9.5%)",
      "severity": "MEDIUM"
    }
  ],
  "data_quality": {
    "n_quarters": 20,
    "coverage": {
      "revenue": [
        20,
        20
      ],
      "gross_profit": [
        0,
        20
      ],
      "op_income": [
        10,
        20
      ],
      "fcf": [
        20,
        20
      ]
    },
    "gaps": [],
    "warnings": [
      "gross_profit: no data",
      "op_income: 10/20Q"
    ]
  },
  "market_cap": null,
  "source": "SEC EDGAR",
  "last_updated": "2026-02-03T01:11:49.472409"
}