{
  "ticker": "SCHW-PJ",
  "name": "SCHWAB CHARLES CORP",
  "quarters": [
    {
      "date": "2020-12-31T00:00:00",
      "quarter_label": "2020-12 (Q4)",
      "revenue": 4176000000,
      "gross_profit": null,
      "operating_income": null,
      "net_income": 1135000000,
      "opex": null,
      "cogs": null,
      "rd": null,
      "sga": null,
      "fcf": 13091000000,
      "ocf": 13257000000,
      "capex": -166000000,
      "gross_margin": null,
      "op_margin": null,
      "fcf_margin": 3.1348180076628354
    },
    {
      "date": "2021-03-31T00:00:00",
      "quarter_label": "2021-03 (Q1)",
      "revenue": 4715000000,
      "gross_profit": null,
      "operating_income": null,
      "net_income": 1484000000,
      "opex": null,
      "cogs": null,
      "rd": null,
      "sga": null,
      "fcf": -4928000000,
      "ocf": -4742000000,
      "capex": -186000000,
      "gross_margin": null,
      "op_margin": null,
      "fcf_margin": -1.0451749734888653,
      "fcf_margin_change": -4.179992981151701
    },
    {
      "date": "2021-06-30T00:00:00",
      "quarter_label": "2021-06 (Q2)",
      "revenue": 4527000000,
      "gross_profit": null,
      "operating_income": null,
      "net_income": 1265000000,
      "opex": null,
      "cogs": null,
      "rd": null,
      "sga": null,
      "fcf": -833000000,
      "ocf": -594000000,
      "capex": -239000000,
      "gross_margin": null,
      "op_margin": null,
      "fcf_margin": -0.18400706869891761,
      "fcf_margin_change": 0.8611679047899478
    },
    {
      "date": "2021-09-30T00:00:00",
      "quarter_label": "2021-09 (Q3)",
      "revenue": 4570000000,
      "gross_profit": null,
      "operating_income": null,
      "net_income": 1526000000,
      "opex": null,
      "cogs": null,
      "rd": null,
      "sga": null,
      "fcf": 1637000000,
      "ocf": 1815000000,
      "capex": -178000000,
      "gross_margin": null,
      "op_margin": null,
      "fcf_margin": 0.35820568927789936,
      "fcf_margin_change": 0.542212757976817
    },
    {
      "date": "2021-12-31T00:00:00",
      "quarter_label": "2021-12 (Q4)",
      "revenue": 4708000000,
      "gross_profit": null,
      "operating_income": null,
      "net_income": 1580000000,
      "opex": null,
      "cogs": null,
      "rd": null,
      "sga": null,
      "fcf": 5326000000,
      "ocf": 5639000000,
      "capex": -313000000,
      "gross_margin": null,
      "op_margin": null,
      "fcf_margin": 1.1312659303313508,
      "rev_growth_yoy": 0.12739463601532566,
      "fcf_margin_change": 0.7730602410534515
    },
    {
      "date": "2022-03-31T00:00:00",
      "quarter_label": "2022-03 (Q1)",
      "revenue": 4672000000,
      "gross_profit": null,
      "operating_income": null,
      "net_income": 1402000000,
      "opex": null,
      "cogs": null,
      "rd": null,
      "sga": null,
      "fcf": 2757000000,
      "ocf": 3053000000,
      "capex": -296000000,
      "gross_margin": null,
      "op_margin": null,
      "fcf_margin": 0.590111301369863,
      "rev_growth_yoy": -0.00911983032873807,
      "rev_growth_yoy_accel": -0.13651446634406372,
      "fcf_margin_change": -0.5411546289614878
    },
    {
      "date": "2022-06-30T00:00:00",
      "quarter_label": "2022-06 (Q2)",
      "revenue": 5093000000,
      "gross_profit": null,
      "operating_income": null,
      "net_income": 1793000000,
      "opex": null,
      "cogs": null,
      "rd": null,
      "sga": null,
      "fcf": -8184000000,
      "ocf": -7943000000,
      "capex": -241000000,
      "gross_margin": null,
      "op_margin": null,
      "fcf_margin": -1.6069114470842332,
      "rev_growth_yoy": 0.1250276121051469,
      "rev_growth_yoy_accel": 0.13414744243388496,
      "fcf_margin_change": -2.197022748454096
    },
    {
      "date": "2022-09-30T00:00:00",
      "quarter_label": "2022-09 (Q3)",
      "revenue": 5500000000,
      "gross_profit": null,
      "operating_income": null,
      "net_income": 2020000000,
      "opex": null,
      "cogs": null,
      "rd": null,
      "sga": null,
      "fcf": 8822000000,
      "ocf": 9054000000,
      "capex": -232000000,
      "gross_margin": null,
      "op_margin": null,
      "fcf_margin": 1.604,
      "rev_growth_yoy": 0.20350109409190373,
      "rev_growth_yoy_accel": 0.07847348198675683,
      "fcf_margin_change": 3.210911447084233
    },
    {
      "date": "2022-12-31T00:00:00",
      "quarter_label": "2022-12 (Q4)",
      "revenue": 5497000000,
      "gross_profit": null,
      "operating_income": null,
      "net_income": 1968000000,
      "opex": null,
      "cogs": null,
      "rd": null,
      "sga": null,
      "fcf": -2309000000,
      "ocf": -2107000000,
      "capex": -202000000,
      "gross_margin": null,
      "op_margin": null,
      "fcf_margin": -0.420047298526469,
      "rev_growth_yoy": 0.16758708581138487,
      "rev_growth_yoy_accel": -0.035914008280518855,
      "fcf_margin_change": -2.0240472985264693
    },
    {
      "date": "2023-03-31T00:00:00",
      "quarter_label": "2023-03 (Q1)",
      "revenue": 5116000000,
      "gross_profit": null,
      "operating_income": null,
      "net_income": 1603000000,
      "opex": null,
      "cogs": null,
      "rd": null,
      "sga": null,
      "fcf": 9618000000,
      "ocf": 9777000000,
      "capex": -159000000,
      "gross_margin": null,
      "op_margin": null,
      "fcf_margin": 1.8799843627834245,
      "rev_growth_yoy": 0.09503424657534247,
      "rev_growth_yoy_accel": -0.0725528392360424,
      "fcf_margin_change": 2.3000316613098937
    },
    {
      "date": "2023-06-30T00:00:00",
      "quarter_label": "2023-06 (Q2)",
      "revenue": 4656000000,
      "gross_profit": null,
      "operating_income": null,
      "net_income": 1294000000,
      "opex": null,
      "cogs": null,
      "rd": null,
      "sga": null,
      "fcf": -5455000000,
      "ocf": -5216000000,
      "capex": -239000000,
      "gross_margin": null,
      "op_margin": null,
      "fcf_margin": -1.171606529209622,
      "rev_growth_yoy": -0.08580404476732771,
      "rev_growth_yoy_accel": -0.18083829134267018,
      "fcf_margin_change": -3.0515908919930466
    },
    {
      "date": "2023-09-30T00:00:00",
      "quarter_label": "2023-09 (Q3)",
      "revenue": 4606000000,
      "gross_profit": null,
      "operating_income": null,
      "net_income": 1125000000,
      "opex": null,
      "cogs": null,
      "rd": null,
      "sga": null,
      "fcf": -5250000000,
      "ocf": -5011000000,
      "capex": -239000000,
      "gross_margin": null,
      "op_margin": null,
      "fcf_margin": -1.1398176291793314,
      "rev_growth_yoy": -0.16254545454545455,
      "rev_growth_yoy_accel": -0.07674140977812684,
      "fcf_margin_change": 0.03178890003029067
    },
    {
      "date": "2023-12-31T00:00:00",
      "quarter_label": "2023-12 (Q4)",
      "revenue": 4459000000,
      "gross_profit": null,
      "operating_income": null,
      "net_income": 1045000000,
      "opex": null,
      "cogs": null,
      "rd": null,
      "sga": null,
      "fcf": 19974000000,
      "ocf": 20037000000,
      "capex": -63000000,
      "gross_margin": null,
      "op_margin": null,
      "fcf_margin": 4.4794797039695,
      "rev_growth_yoy": -0.18883027105694014,
      "rev_growth_yoy_accel": -0.026284816511485593,
      "fcf_margin_change": 5.619297333148832
    },
    {
      "date": "2024-03-31T00:00:00",
      "quarter_label": "2024-03 (Q1)",
      "revenue": 4740000000,
      "gross_profit": null,
      "operating_income": null,
      "net_income": 1362000000,
      "opex": null,
      "cogs": null,
      "rd": null,
      "sga": null,
      "fcf": -1498000000,
      "ocf": -1349000000,
      "capex": -149000000,
      "gross_margin": null,
      "op_margin": null,
      "fcf_margin": -0.3160337552742616,
      "rev_growth_yoy": -0.07349491790461297,
      "rev_growth_yoy_accel": 0.11533535315232717,
      "fcf_margin_change": -4.795513459243762
    },
    {
      "date": "2024-06-30T00:00:00",
      "quarter_label": "2024-06 (Q2)",
      "revenue": 4690000000,
      "gross_profit": null,
      "operating_income": null,
      "net_income": 1332000000,
      "opex": null,
      "cogs": null,
      "rd": null,
      "sga": null,
      "fcf": -4341000000,
      "ocf": -4252000000,
      "capex": -89000000,
      "gross_margin": null,
      "op_margin": null,
      "fcf_margin": -0.9255863539445629,
      "rev_growth_yoy": 0.007302405498281787,
      "rev_growth_yoy_accel": 0.08079732340289476,
      "fcf_margin_change": -0.6095525986703013
    },
    {
      "date": "2024-09-30T00:00:00",
      "quarter_label": "2024-09 (Q3)",
      "revenue": 4847000000,
      "gross_profit": null,
      "operating_income": null,
      "net_income": 1408000000,
      "opex": null,
      "cogs": null,
      "rd": null,
      "sga": null,
      "fcf": 18970000000,
      "ocf": 19098000000,
      "capex": -128000000,
      "gross_margin": null,
      "op_margin": null,
      "fcf_margin": 3.9137610893336086,
      "rev_growth_yoy": 0.0523230568823274,
      "rev_growth_yoy_accel": 0.04502065138404561,
      "fcf_margin_change": 4.839347443278172
    },
    {
      "date": "2024-12-31T00:00:00",
      "quarter_label": "2024-12 (Q4)",
      "revenue": 5329000000,
      "gross_profit": null,
      "operating_income": null,
      "net_income": 1840000000,
      "opex": null,
      "cogs": null,
      "rd": null,
      "sga": null,
      "fcf": -11081000000,
      "ocf": -10827000000,
      "capex": -254000000,
      "gross_margin": null,
      "op_margin": null,
      "fcf_margin": -2.0793769938074687,
      "rev_growth_yoy": 0.19511101143754206,
      "rev_growth_yoy_accel": 0.14278795455521465,
      "fcf_margin_change": -5.993138083141077
    },
    {
      "date": "2025-03-31T00:00:00",
      "quarter_label": "2025-03 (Q1)",
      "revenue": 5599000000,
      "gross_profit": null,
      "operating_income": null,
      "net_income": 1909000000,
      "opex": null,
      "cogs": null,
      "rd": null,
      "sga": null,
      "fcf": 6242000000,
      "ocf": 6359000000,
      "capex": -117000000,
      "gross_margin": null,
      "op_margin": null,
      "fcf_margin": 1.1148419360600108,
      "rev_growth_yoy": 0.18122362869198314,
      "rev_growth_yoy_accel": -0.013887382745558924,
      "fcf_margin_change": 3.1942189298674792
    },
    {
      "date": "2025-06-30T00:00:00",
      "quarter_label": "2025-06 (Q2)",
      "revenue": 5851000000,
      "gross_profit": null,
      "operating_income": null,
      "net_income": 2126000000,
      "opex": null,
      "cogs": null,
      "rd": null,
      "sga": null,
      "fcf": 3049000000,
      "ocf": 3177000000,
      "capex": -128000000,
      "gross_margin": null,
      "op_margin": null,
      "fcf_margin": 0.5211075029909418,
      "rev_growth_yoy": 0.24754797441364607,
      "rev_growth_yoy_accel": 0.06632434572166293,
      "fcf_margin_change": -0.593734433069069
    },
    {
      "date": "2025-09-30T00:00:00",
      "quarter_label": "2025-09 (Q3)",
      "revenue": 6135000000,
      "gross_profit": null,
      "operating_income": null,
      "net_income": 2358000000,
      "opex": null,
      "cogs": null,
      "rd": null,
      "sga": null,
      "fcf": 393000000,
      "ocf": 538000000,
      "capex": -145000000,
      "gross_margin": null,
      "op_margin": null,
      "fcf_margin": 0.06405867970660147,
      "rev_growth_yoy": 0.26573138023519705,
      "rev_growth_yoy_accel": 0.01818340582155098,
      "fcf_margin_change": -0.4570488232843403
    }
  ],
  "signals": [
    {
      "quarter": "2025-06 (Q2)",
      "signal": "YoY REVENUE GROWTH ACCELERATION",
      "detail": "YoY growth: +24.8% vs prior quarter YoY: +18.1% (accel: +6.6%)",
      "severity": "MEDIUM"
    },
    {
      "quarter": "2025-03 (Q1)",
      "signal": "FCF TURNED POSITIVE",
      "detail": "FCF margin: -207.9% -> +111.5%",
      "severity": "HIGH"
    },
    {
      "quarter": "2024-12 (Q4)",
      "signal": "YoY REVENUE GROWTH ACCELERATION",
      "detail": "YoY growth: +19.5% vs prior quarter YoY: +5.2% (accel: +14.3%)",
      "severity": "MEDIUM"
    },
    {
      "quarter": "2024-09 (Q3)",
      "signal": "FCF TURNED POSITIVE",
      "detail": "FCF margin: -92.6% -> +391.4%",
      "severity": "HIGH"
    },
    {
      "quarter": "2024-06 (Q2)",
      "signal": "YoY REVENUE GROWTH ACCELERATION",
      "detail": "YoY growth: +0.7% vs prior quarter YoY: -7.3% (accel: +8.1%)",
      "severity": "MEDIUM"
    },
    {
      "quarter": "2024-03 (Q1)",
      "signal": "YoY REVENUE GROWTH ACCELERATION",
      "detail": "YoY growth: -7.3% vs prior quarter YoY: -18.9% (accel: +11.5%)",
      "severity": "MEDIUM"
    },
    {
      "quarter": "2023-12 (Q4)",
      "signal": "FCF TURNED POSITIVE",
      "detail": "FCF margin: -114.0% -> +447.9%",
      "severity": "HIGH"
    },
    {
      "quarter": "2023-09 (Q3)",
      "signal": "YoY REVENUE GROWTH DECELERATION",
      "detail": "YoY growth: -16.3% vs prior quarter YoY: -8.6% (decel: -7.7%)",
      "severity": "WARNING"
    },
    {
      "quarter": "2023-06 (Q2)",
      "signal": "YoY REVENUE GROWTH DECELERATION",
      "detail": "YoY growth: -8.6% vs prior quarter YoY: +9.5% (decel: -18.1%)",
      "severity": "WARNING"
    },
    {
      "quarter": "2023-03 (Q1)",
      "signal": "FCF TURNED POSITIVE",
      "detail": "FCF margin: -42.0% -> +188.0%",
      "severity": "HIGH"
    },
    {
      "quarter": "2023-03 (Q1)",
      "signal": "YoY REVENUE GROWTH DECELERATION",
      "detail": "YoY growth: +9.5% vs prior quarter YoY: +16.8% (decel: -7.3%)",
      "severity": "WARNING"
    },
    {
      "quarter": "2022-09 (Q3)",
      "signal": "FCF TURNED POSITIVE",
      "detail": "FCF margin: -160.7% -> +160.4%",
      "severity": "HIGH"
    },
    {
      "quarter": "2022-09 (Q3)",
      "signal": "YoY REVENUE GROWTH ACCELERATION",
      "detail": "YoY growth: +20.4% vs prior quarter YoY: +12.5% (accel: +7.8%)",
      "severity": "MEDIUM"
    },
    {
      "quarter": "2022-06 (Q2)",
      "signal": "YoY REVENUE GROWTH ACCELERATION",
      "detail": "YoY growth: +12.5% vs prior quarter YoY: -0.9% (accel: +13.4%)",
      "severity": "MEDIUM"
    },
    {
      "quarter": "2022-03 (Q1)",
      "signal": "YoY REVENUE GROWTH DECELERATION",
      "detail": "YoY growth: -0.9% vs prior quarter YoY: +12.7% (decel: -13.7%)",
      "severity": "WARNING"
    },
    {
      "quarter": "2021-12 (Q4)",
      "signal": "FCF MARGIN EXPANSION",
      "detail": "FCF margin: +35.8% -> +113.1% (+77.3%)",
      "severity": "MEDIUM"
    },
    {
      "quarter": "2021-09 (Q3)",
      "signal": "FCF TURNED POSITIVE",
      "detail": "FCF margin: -18.4% -> +35.8%",
      "severity": "HIGH"
    },
    {
      "quarter": "2021-06 (Q2)",
      "signal": "FCF MARGIN EXPANSION",
      "detail": "FCF margin: -104.5% -> -18.4% (+86.1%)",
      "severity": "MEDIUM"
    }
  ],
  "data_quality": {
    "n_quarters": 20,
    "coverage": {
      "revenue": [
        20,
        20
      ],
      "gross_profit": [
        0,
        20
      ],
      "op_income": [
        0,
        20
      ],
      "fcf": [
        20,
        20
      ]
    },
    "gaps": [],
    "warnings": [
      "gross_profit: no data",
      "op_income: no data"
    ]
  },
  "market_cap": null,
  "source": "SEC EDGAR",
  "last_updated": "2026-02-03T01:07:45.092619"
}