{
  "ticker": "SCI",
  "name": "Service Corporation International",
  "sector": "Consumer Cyclical",
  "industry": "Personal Services",
  "quarters": [
    {
      "date": "2021-03-31T00:00:00",
      "quarter_label": "2021-03 (Q1)",
      "revenue": 1077981000,
      "gross_profit": 377507000,
      "operating_income": 342040000,
      "net_income": 228879000,
      "opex": 35467000,
      "cogs": 700474000,
      "rd": null,
      "sga": null,
      "fcf": 297606000,
      "ocf": 297606000,
      "capex": null,
      "gross_margin": 0.35019819458784524,
      "op_margin": 0.3172968725793868,
      "fcf_margin": 0.2760772221402789
    },
    {
      "date": "2021-06-30T00:00:00",
      "quarter_label": "2021-06 (Q2)",
      "revenue": 987535000,
      "gross_profit": 268713000,
      "operating_income": 245837000,
      "net_income": 157705000,
      "opex": 22876000,
      "cogs": 718822000,
      "rd": null,
      "sga": null,
      "fcf": 192158000,
      "ocf": 192158000,
      "capex": null,
      "gross_margin": 0.2721047861594779,
      "op_margin": 0.24894003756828872,
      "fcf_margin": 0.1945834831170541,
      "fcf_margin_change": -0.08149373902322482
    },
    {
      "date": "2021-09-30T00:00:00",
      "quarter_label": "2021-09 (Q3)",
      "revenue": 1034372000,
      "gross_profit": 333019000,
      "operating_income": 304346000,
      "net_income": 209855000,
      "opex": 28673000,
      "cogs": 701353000,
      "rd": null,
      "sga": null,
      "fcf": 240598000,
      "ocf": 240598000,
      "capex": null,
      "gross_margin": 0.3219528370837571,
      "op_margin": 0.2942326358408774,
      "fcf_margin": 0.23260297069139535,
      "op_leverage_ratio": 0.187160139686998,
      "fcf_margin_change": 0.03801948757434126
    },
    {
      "date": "2021-12-31T00:00:00",
      "quarter_label": "2021-12 (Q4)",
      "revenue": 1043255000,
      "gross_profit": 324375000,
      "operating_income": 298453000,
      "net_income": 206500000,
      "opex": 25922000,
      "cogs": 718880000,
      "rd": null,
      "sga": null,
      "fcf": 190246000,
      "ocf": 190246000,
      "capex": null,
      "gross_margin": 0.31092590018739424,
      "op_margin": 0.28607866724818,
      "fcf_margin": 0.182358100368558,
      "fcf_margin_change": -0.05024487032283734
    },
    {
      "date": "2022-03-31T00:00:00",
      "quarter_label": "2022-03 (Q1)",
      "revenue": 1112403000,
      "gross_profit": 376913000,
      "operating_income": 335698000,
      "net_income": 219513000,
      "opex": 41215000,
      "cogs": 735490000,
      "rd": null,
      "sga": null,
      "fcf": 332173000,
      "ocf": 332173000,
      "capex": null,
      "gross_margin": 0.3388277449809107,
      "op_margin": 0.3017773235059596,
      "fcf_margin": 0.29860850788787874,
      "incr_op_margin_yoy": -0.1842426355237929,
      "rev_growth_yoy": 0.031931917167371225,
      "op_leverage_ratio": 0.11234790186888051,
      "fcf_margin_change": 0.11625040751932073
    },
    {
      "date": "2022-06-30T00:00:00",
      "quarter_label": "2022-06 (Q2)",
      "revenue": 990855000,
      "gross_profit": 266645000,
      "operating_income": 221218000,
      "net_income": 132670000,
      "opex": 45427000,
      "cogs": 724210000,
      "rd": null,
      "sga": null,
      "fcf": 140712000,
      "ocf": 140712000,
      "capex": null,
      "gross_margin": 0.2691059741334504,
      "op_margin": 0.22325971004839254,
      "fcf_margin": 0.1420106877393766,
      "incr_op_margin_yoy": -7.415361445783133,
      "rev_growth_yoy": 0.00336190616028799,
      "rev_growth_yoy_accel": -0.028570011007083236,
      "fcf_margin_change": -0.15659782014850213
    },
    {
      "date": "2022-09-30T00:00:00",
      "quarter_label": "2022-09 (Q3)",
      "revenue": 977720000,
      "gross_profit": 230956000,
      "operating_income": 203448000,
      "net_income": 120850000,
      "opex": 27508000,
      "cogs": 746764000,
      "rd": null,
      "sga": null,
      "fcf": 182558000,
      "ocf": 182558000,
      "capex": null,
      "gross_margin": 0.23621895839299595,
      "op_margin": 0.20808411406128544,
      "fcf_margin": 0.18671807879556518,
      "incr_op_margin_yoy": 1.7810139094824542,
      "rev_growth_yoy": -0.05476946398394388,
      "rev_growth_yoy_accel": -0.05813137014423187,
      "fcf_margin_change": 0.04470739105618857
    },
    {
      "date": "2022-12-31T00:00:00",
      "quarter_label": "2022-12 (Q4)",
      "revenue": 1027683000,
      "gross_profit": 280088000,
      "operating_income": 166952000,
      "net_income": 92305000,
      "opex": 113136000,
      "cogs": 747595000,
      "rd": null,
      "sga": null,
      "fcf": 170282000,
      "ocf": 170282000,
      "capex": null,
      "gross_margin": 0.2725431869555106,
      "op_margin": 0.1624547647474951,
      "fcf_margin": 0.16569506355559058,
      "incr_op_margin_yoy": 8.444708451066015,
      "rev_growth_yoy": -0.014926360285836156,
      "rev_growth_yoy_accel": 0.03984310369810773,
      "op_leverage_ratio": 0.016416373468319385,
      "fcf_margin_change": -0.021023015239974602
    },
    {
      "date": "2023-03-31T00:00:00",
      "quarter_label": "2023-03 (Q1)",
      "revenue": 1028709000,
      "gross_profit": 289094000,
      "operating_income": 245625000,
      "net_income": 144763000,
      "opex": 43469000,
      "cogs": 739615000,
      "rd": null,
      "sga": null,
      "fcf": 219572000,
      "ocf": 219572000,
      "capex": null,
      "gross_margin": 0.2810260238804171,
      "op_margin": 0.2387701478260616,
      "fcf_margin": 0.21344422961206716,
      "incr_op_margin_yoy": 1.0762181279422658,
      "rev_growth_yoy": -0.07523712179848491,
      "rev_growth_yoy_accel": -0.06031076151264875,
      "fcf_margin_change": 0.04774916605647658
    },
    {
      "date": "2023-06-30T00:00:00",
      "quarter_label": "2023-06 (Q2)",
      "revenue": 1013414000,
      "gross_profit": 261468000,
      "operating_income": 233501000,
      "net_income": 132188000,
      "opex": 27967000,
      "cogs": 751946000,
      "rd": null,
      "sga": null,
      "fcf": 144071000,
      "ocf": 144071000,
      "capex": null,
      "gross_margin": 0.2580070928564239,
      "op_margin": 0.23041027655035357,
      "fcf_margin": 0.14216401194378606,
      "incr_op_margin_yoy": 0.544483354758633,
      "rev_growth_yoy": 0.02276720609978251,
      "rev_growth_yoy_accel": 0.09800432789826742,
      "fcf_margin_change": -0.0712802176682811
    },
    {
      "date": "2023-09-30T00:00:00",
      "quarter_label": "2023-09 (Q3)",
      "revenue": 1001859000,
      "gross_profit": 253683000,
      "operating_income": 223012000,
      "net_income": 121971000,
      "opex": 30671000,
      "cogs": 748176000,
      "rd": null,
      "sga": null,
      "fcf": 227815000,
      "ocf": 227815000,
      "capex": null,
      "gross_margin": 0.2532122783745018,
      "op_margin": 0.22259818996485534,
      "fcf_margin": 0.22739227775565224,
      "incr_op_margin_yoy": 0.8104726790670699,
      "rev_growth_yoy": 0.024689072536104407,
      "rev_growth_yoy_accel": 0.0019218664363218965,
      "fcf_margin_change": 0.08522826581186618
    },
    {
      "date": "2023-12-31T00:00:00",
      "quarter_label": "2023-12 (Q4)",
      "revenue": 1055796000,
      "gross_profit": 287562000,
      "operating_income": 242117000,
      "net_income": 138395000,
      "opex": 45445000,
      "cogs": 768234000,
      "rd": null,
      "sga": null,
      "fcf": 277585000,
      "ocf": 277585000,
      "capex": null,
      "gross_margin": 0.2723651159883159,
      "op_margin": 0.22932176291632095,
      "fcf_margin": 0.2629153738032726,
      "incr_op_margin_yoy": 2.6736741009497385,
      "rev_growth_yoy": 0.027355711829426,
      "rev_growth_yoy_accel": 0.0026666392933215946,
      "op_leverage_ratio": 0.11176608139644656,
      "fcf_margin_change": 0.035523096047620384
    },
    {
      "date": "2024-03-31T00:00:00",
      "quarter_label": "2024-03 (Q1)",
      "revenue": 1045382000,
      "gross_profit": 274213000,
      "operating_income": 232204000,
      "net_income": 131301000,
      "opex": 42009000,
      "cogs": 771169000,
      "rd": null,
      "sga": null,
      "fcf": 220123000,
      "ocf": 220123000,
      "capex": null,
      "gross_margin": 0.262308897608721,
      "op_margin": 0.22212358735849672,
      "fcf_margin": 0.21056704630460443,
      "incr_op_margin_yoy": -0.8049541174353746,
      "rev_growth_yoy": 0.01620769333212794,
      "rev_growth_yoy_accel": -0.011148018497298063,
      "fcf_margin_change": -0.05234832749866819
    },
    {
      "date": "2024-06-30T00:00:00",
      "quarter_label": "2024-06 (Q2)",
      "revenue": 1034016000,
      "gross_profit": 257915000,
      "operating_income": 220841000,
      "net_income": 118166000,
      "opex": 37074000,
      "cogs": 776101000,
      "rd": null,
      "sga": null,
      "fcf": 196877000,
      "ocf": 196877000,
      "capex": null,
      "gross_margin": 0.2494303763191285,
      "op_margin": 0.21357599882400272,
      "fcf_margin": 0.19040034196762912,
      "incr_op_margin_yoy": -0.6145034462673526,
      "rev_growth_yoy": 0.02032930273313769,
      "rev_growth_yoy_accel": 0.0041216094010097515,
      "fcf_margin_change": -0.020166704336975316
    },
    {
      "date": "2024-09-30T00:00:00",
      "quarter_label": "2024-09 (Q3)",
      "revenue": 1013958000,
      "gross_profit": 252639000,
      "operating_income": 212422000,
      "net_income": 117827000,
      "opex": 40217000,
      "cogs": 761319000,
      "rd": null,
      "sga": null,
      "fcf": 263795000,
      "ocf": 263795000,
      "capex": null,
      "gross_margin": 0.24916120786068063,
      "op_margin": 0.20949782929864946,
      "fcf_margin": 0.2601636359691427,
      "incr_op_margin_yoy": -0.8752789486734441,
      "rev_growth_yoy": 0.012076549694118633,
      "rev_growth_yoy_accel": -0.008252753039019057,
      "fcf_margin_change": 0.0697632940015136
    },
    {
      "date": "2024-12-31T00:00:00",
      "quarter_label": "2024-12 (Q4)",
      "revenue": 1093023000,
      "gross_profit": 305890000,
      "operating_income": 262213000,
      "net_income": 151354000,
      "opex": 43677000,
      "cogs": 787133000,
      "rd": null,
      "sga": null,
      "fcf": 264117000,
      "ocf": 264117000,
      "capex": null,
      "gross_margin": 0.2798568740090556,
      "op_margin": 0.23989705614611953,
      "fcf_margin": 0.2416390140006203,
      "incr_op_margin_yoy": 0.5398232465683509,
      "rev_growth_yoy": 0.03525965243285635,
      "rev_growth_yoy_accel": 0.023183102738737717,
      "op_leverage_ratio": 0.9063540537592469,
      "fcf_margin_change": -0.01852462196852242
    },
    {
      "date": "2025-03-31T00:00:00",
      "quarter_label": "2025-03 (Q1)",
      "revenue": 1074167000,
      "gross_profit": 291417000,
      "operating_income": 251687000,
      "net_income": 142880000,
      "opex": 39730000,
      "cogs": 782750000,
      "rd": null,
      "sga": null,
      "fcf": 311147000,
      "ocf": 311147000,
      "capex": null,
      "gross_margin": 0.27129580409750065,
      "op_margin": 0.23430900409340447,
      "fcf_margin": 0.28966352531775785,
      "incr_op_margin_yoy": 0.6768455792947716,
      "rev_growth_yoy": 0.027535388977426432,
      "rev_growth_yoy_accel": -0.007724263455429918,
      "fcf_margin_change": 0.04802451131713756
    },
    {
      "date": "2025-06-30T00:00:00",
      "quarter_label": "2025-06 (Q2)",
      "revenue": 1065444000,
      "gross_profit": 271438000,
      "operating_income": 224459000,
      "net_income": 122865000,
      "opex": 46979000,
      "cogs": 794006000,
      "rd": null,
      "sga": null,
      "fcf": 166433000,
      "ocf": 166433000,
      "capex": null,
      "gross_margin": 0.25476514955267476,
      "op_margin": 0.21067179504507041,
      "fcf_margin": 0.1562099932047109,
      "incr_op_margin_yoy": 0.11512027491408934,
      "rev_growth_yoy": 0.03039411382415746,
      "rev_growth_yoy_accel": 0.002858724846731029,
      "fcf_margin_change": -0.13345353211304695
    },
    {
      "date": "2025-09-30T00:00:00",
      "quarter_label": "2025-09 (Q3)",
      "revenue": 1058096000,
      "gross_profit": 265543000,
      "operating_income": 226391000,
      "net_income": 117473000,
      "opex": 39152000,
      "cogs": 792553000,
      "rd": null,
      "sga": null,
      "fcf": 252280000,
      "ocf": 252280000,
      "capex": null,
      "gross_margin": 0.25096305061166474,
      "op_margin": 0.21396073702197155,
      "fcf_margin": 0.23842827115876064,
      "incr_op_margin_yoy": 0.316484661742716,
      "rev_growth_yoy": 0.04353040263995155,
      "rev_growth_yoy_accel": 0.013136288815794091,
      "fcf_margin_change": 0.08221827795404973
    },
    {
      "date": "2025-12-31T00:00:00",
      "quarter_label": "2025-12 (Q4)",
      "revenue": 1111527000,
      "gross_profit": 311676000,
      "operating_income": 275550000,
      "net_income": 159396000,
      "opex": 36126000,
      "cogs": 799851000,
      "rd": null,
      "sga": null,
      "fcf": 212938000,
      "ocf": 212938000,
      "capex": null,
      "gross_margin": 0.28040344499054004,
      "op_margin": 0.24790221020272113,
      "fcf_margin": 0.19157249441534033,
      "incr_op_margin_yoy": 0.7207630782533506,
      "rev_growth_yoy": 0.016929195451513827,
      "rev_growth_yoy_accel": -0.026601207188437725,
      "op_leverage_ratio": null,
      "fcf_margin_change": -0.04685577674342031
    }
  ],
  "signals": [
    {
      "quarter": "2025-12 (Q4)",
      "signal": "GROSS MARGIN INFLECTION",
      "detail": "GM: +25.5% -> +25.1% -> +28.0% (reversal +2.9%)",
      "severity": "MEDIUM"
    },
    {
      "quarter": "2025-12 (Q4)",
      "signal": "INCREMENTAL MARGIN (YoY)",
      "detail": "YoY Incr OPM: +72.1% vs year-ago OPM: +24.0%",
      "severity": "HIGH"
    },
    {
      "quarter": "2025-09 (Q3)",
      "signal": "FCF MARGIN EXPANSION",
      "detail": "FCF margin: +15.6% -> +23.8% (+8.2%)",
      "severity": "MEDIUM"
    },
    {
      "quarter": "2025-09 (Q3)",
      "signal": "INCREMENTAL MARGIN (YoY)",
      "detail": "YoY Incr OPM: +31.6% vs year-ago OPM: +20.9%",
      "severity": "MEDIUM"
    },
    {
      "quarter": "2025-03 (Q1)",
      "signal": "INCREMENTAL MARGIN (YoY)",
      "detail": "YoY Incr OPM: +67.7% vs year-ago OPM: +22.2%",
      "severity": "HIGH"
    },
    {
      "quarter": "2024-12 (Q4)",
      "signal": "GROSS MARGIN INFLECTION",
      "detail": "GM: +24.9% -> +24.9% -> +28.0% (reversal +3.1%)",
      "severity": "MEDIUM"
    },
    {
      "quarter": "2024-12 (Q4)",
      "signal": "INCREMENTAL MARGIN (YoY)",
      "detail": "YoY Incr OPM: +54.0% vs year-ago OPM: +22.9%",
      "severity": "HIGH"
    },
    {
      "quarter": "2024-09 (Q3)",
      "signal": "FCF MARGIN EXPANSION",
      "detail": "FCF margin: +19.0% -> +26.0% (+7.0%)",
      "severity": "MEDIUM"
    },
    {
      "quarter": "2023-12 (Q4)",
      "signal": "INCREMENTAL MARGIN (YoY)",
      "detail": "YoY Incr OPM: +267.4% vs year-ago OPM: +16.2%",
      "severity": "HIGH"
    },
    {
      "quarter": "2023-09 (Q3)",
      "signal": "FCF MARGIN EXPANSION",
      "detail": "FCF margin: +14.2% -> +22.7% (+8.5%)",
      "severity": "MEDIUM"
    },
    {
      "quarter": "2023-09 (Q3)",
      "signal": "INCREMENTAL MARGIN (YoY)",
      "detail": "YoY Incr OPM: +81.0% vs year-ago OPM: +20.8%",
      "severity": "HIGH"
    },
    {
      "quarter": "2023-06 (Q2)",
      "signal": "YoY REVENUE GROWTH ACCELERATION",
      "detail": "YoY growth: +2.3% vs prior quarter YoY: -7.5% (accel: +9.8%)",
      "severity": "MEDIUM"
    },
    {
      "quarter": "2023-06 (Q2)",
      "signal": "INCREMENTAL MARGIN (YoY)",
      "detail": "YoY Incr OPM: +54.4% vs year-ago OPM: +22.3%",
      "severity": "HIGH"
    },
    {
      "quarter": "2023-03 (Q1)",
      "signal": "YoY REVENUE GROWTH DECELERATION",
      "detail": "YoY growth: -7.5% vs prior quarter YoY: -1.5% (decel: -6.0%)",
      "severity": "WARNING"
    },
    {
      "quarter": "2023-03 (Q1)",
      "signal": "INCREMENTAL MARGIN (YoY)",
      "detail": "YoY Incr OPM: +107.6% vs year-ago OPM: +30.2%",
      "severity": "HIGH"
    },
    {
      "quarter": "2022-12 (Q4)",
      "signal": "GROSS MARGIN INFLECTION",
      "detail": "GM: +26.9% -> +23.6% -> +27.3% (reversal +3.6%)",
      "severity": "MEDIUM"
    },
    {
      "quarter": "2022-12 (Q4)",
      "signal": "INCREMENTAL MARGIN (YoY)",
      "detail": "YoY Incr OPM: +844.5% vs year-ago OPM: +28.6%",
      "severity": "HIGH"
    },
    {
      "quarter": "2022-09 (Q3)",
      "signal": "YoY REVENUE GROWTH DECELERATION",
      "detail": "YoY growth: -5.5% vs prior quarter YoY: +0.3% (decel: -5.8%)",
      "severity": "WARNING"
    },
    {
      "quarter": "2022-09 (Q3)",
      "signal": "INCREMENTAL MARGIN (YoY)",
      "detail": "YoY Incr OPM: +178.1% vs year-ago OPM: +29.4%",
      "severity": "HIGH"
    },
    {
      "quarter": "2022-03 (Q1)",
      "signal": "FCF MARGIN EXPANSION",
      "detail": "FCF margin: +18.2% -> +29.9% (+11.6%)",
      "severity": "MEDIUM"
    },
    {
      "quarter": "2022-03 (Q1)",
      "signal": "GROSS MARGIN INFLECTION",
      "detail": "GM: +32.2% -> +31.1% -> +33.9% (reversal +2.8%)",
      "severity": "MEDIUM"
    },
    {
      "quarter": "2021-09 (Q3)",
      "signal": "GROSS MARGIN INFLECTION",
      "detail": "GM: +35.0% -> +27.2% -> +32.2% (reversal +5.0%)",
      "severity": "MEDIUM"
    }
  ],
  "data_quality": {
    "n_quarters": 20,
    "coverage": {
      "revenue": [
        20,
        20
      ],
      "gross_profit": [
        20,
        20
      ],
      "op_income": [
        20,
        20
      ],
      "fcf": [
        20,
        20
      ]
    },
    "gaps": [],
    "warnings": []
  },
  "market_cap": null,
  "source": "SEC EDGAR",
  "last_updated": "2026-02-24T10:50:19.048350"
}