{
  "ticker": "SCL",
  "name": "STEPAN COMPANY",
  "quarters": [
    {
      "date": "2020-12-31T00:00:00",
      "quarter_label": "2020-12 (Q4)",
      "revenue": 494734000,
      "gross_profit": 108792000,
      "operating_income": 44500000,
      "net_income": 30350000,
      "opex": 63788000,
      "cogs": 385942000,
      "rd": null,
      "sga": null,
      "fcf": 52649000,
      "ocf": 93538000,
      "capex": -40889000,
      "gross_margin": 0.21989998665949784,
      "op_margin": 0.08994732522931514,
      "fcf_margin": 0.10641880283142052
    },
    {
      "date": "2021-03-31T00:00:00",
      "quarter_label": "2021-03 (Q1)",
      "revenue": 537740000,
      "gross_profit": 108980000,
      "operating_income": 53914000,
      "net_income": 40611000,
      "opex": 54985000,
      "cogs": 428760000,
      "rd": null,
      "sga": null,
      "fcf": -49330000,
      "ocf": -11698000,
      "capex": -37632000,
      "gross_margin": 0.20266299698739168,
      "op_margin": 0.10026034886748243,
      "fcf_margin": -0.09173578309220069,
      "op_leverage_ratio": Infinity,
      "fcf_margin_change": -0.19815458592362123
    },
    {
      "date": "2021-06-30T00:00:00",
      "quarter_label": "2021-06 (Q2)",
      "revenue": 595511000,
      "gross_profit": 111681000,
      "operating_income": 56657000,
      "net_income": 43278000,
      "opex": 54910000,
      "cogs": 483830000,
      "rd": null,
      "sga": null,
      "fcf": -843000,
      "ocf": 36393000,
      "capex": -37236000,
      "gross_margin": 0.18753809753304304,
      "op_margin": 0.09514014014854469,
      "fcf_margin": -0.0014155909798475594,
      "op_leverage_ratio": Infinity,
      "fcf_margin_change": 0.09032019211235313
    },
    {
      "date": "2021-09-30T00:00:00",
      "quarter_label": "2021-09 (Q3)",
      "revenue": 602688000,
      "gross_profit": 91896000,
      "operating_income": 40213000,
      "net_income": 36920000,
      "opex": 51611000,
      "cogs": 510792000,
      "rd": null,
      "sga": null,
      "fcf": -47966000,
      "ocf": -3293000,
      "capex": -44673000,
      "gross_margin": 0.15247690347244344,
      "op_margin": 0.06672274875225656,
      "fcf_margin": -0.07958678453860041,
      "op_leverage_ratio": Infinity,
      "fcf_margin_change": -0.07817119355875285
    },
    {
      "date": "2021-12-31T00:00:00",
      "quarter_label": "2021-12 (Q4)",
      "revenue": 610027000,
      "gross_profit": 83253000,
      "operating_income": 19997000,
      "net_income": 16995000,
      "opex": 60170000,
      "cogs": 526774000,
      "rd": null,
      "sga": null,
      "fcf": -24208000,
      "ocf": 50733000,
      "capex": -74941000,
      "gross_margin": 0.13647428720368115,
      "op_margin": 0.032780516272230574,
      "fcf_margin": -0.03968348941932078,
      "incr_op_margin_yoy": -0.21252808062935305,
      "rev_growth_yoy": 0.23304038129580745,
      "op_leverage_ratio": 0.07342831982019923,
      "fcf_margin_change": 0.039903295119279626
    },
    {
      "date": "2022-03-31T00:00:00",
      "quarter_label": "2022-03 (Q1)",
      "revenue": 675276000,
      "gross_profit": 109219000,
      "operating_income": 63346000,
      "net_income": 44809000,
      "opex": 45821000,
      "cogs": 566057000,
      "rd": null,
      "sga": null,
      "fcf": -81218000,
      "ocf": -20930000,
      "capex": -60288000,
      "gross_margin": 0.1617397923219543,
      "op_margin": 0.09380756905324637,
      "fcf_margin": -0.12027378434891807,
      "incr_op_margin_yoy": 0.06857840856212191,
      "rev_growth_yoy": 0.2557667274147358,
      "rev_growth_yoy_accel": 0.02272634611892832,
      "op_leverage_ratio": Infinity,
      "fcf_margin_change": -0.0805902949295973
    },
    {
      "date": "2022-06-30T00:00:00",
      "quarter_label": "2022-06 (Q2)",
      "revenue": 751633000,
      "gross_profit": 131614000,
      "operating_income": 77640000,
      "net_income": 52126000,
      "opex": 52915000,
      "cogs": 620019000,
      "rd": null,
      "sga": null,
      "fcf": -10093000,
      "ocf": 59082000,
      "capex": -69175000,
      "gross_margin": 0.17510407339752246,
      "op_margin": 0.10329509215268622,
      "fcf_margin": -0.013428095892543302,
      "incr_op_margin_yoy": 0.13440130154622668,
      "rev_growth_yoy": 0.2621647626995975,
      "rev_growth_yoy_accel": 0.006398035284861714,
      "op_leverage_ratio": 0.7303666280409793,
      "fcf_margin_change": 0.10684568845637477
    },
    {
      "date": "2022-09-30T00:00:00",
      "quarter_label": "2022-09 (Q3)",
      "revenue": 719185000,
      "gross_profit": 118476000,
      "operating_income": 54659000,
      "net_income": 39384000,
      "opex": 63725000,
      "cogs": 600709000,
      "rd": null,
      "sga": null,
      "fcf": -39099000,
      "ocf": 36775000,
      "capex": -75874000,
      "gross_margin": 0.16473647253488324,
      "op_margin": 0.07600130703504661,
      "fcf_margin": -0.05436570562511732,
      "incr_op_margin_yoy": 0.12400319321527593,
      "rev_growth_yoy": 0.19329570192205586,
      "rev_growth_yoy_accel": -0.06886906077754162,
      "fcf_margin_change": -0.040937609732574015
    },
    {
      "date": "2022-12-31T00:00:00",
      "quarter_label": "2022-12 (Q4)",
      "revenue": 627176000,
      "gross_profit": 67760000,
      "operating_income": 11691000,
      "net_income": 10834000,
      "opex": 55986000,
      "cogs": 559416000,
      "rd": null,
      "sga": null,
      "fcf": -10380000,
      "ocf": 85836000,
      "capex": -96216000,
      "gross_margin": 0.10803984846358917,
      "op_margin": 0.018640700537010346,
      "fcf_margin": -0.016550378203247573,
      "incr_op_margin_yoy": -0.4843431103854452,
      "rev_growth_yoy": 0.028111870458192835,
      "rev_growth_yoy_accel": -0.16518383146386303,
      "fcf_margin_change": 0.03781532742186974
    },
    {
      "date": "2023-03-31T00:00:00",
      "quarter_label": "2023-03 (Q1)",
      "revenue": 651436000,
      "gross_profit": 73560000,
      "operating_income": 21057000,
      "net_income": 16142000,
      "opex": 52346000,
      "cogs": 577876000,
      "rd": null,
      "sga": null,
      "fcf": -164216000,
      "ocf": -72058000,
      "capex": -92158000,
      "gross_margin": 0.11291976495004881,
      "op_margin": 0.03232397349854783,
      "fcf_margin": -0.2520830902805494,
      "incr_op_margin_yoy": 1.7738674496644296,
      "rev_growth_yoy": -0.03530408307121829,
      "rev_growth_yoy_accel": -0.06341595352941112,
      "op_leverage_ratio": Infinity,
      "fcf_margin_change": -0.23553271207730186
    },
    {
      "date": "2023-06-30T00:00:00",
      "quarter_label": "2023-06 (Q2)",
      "revenue": 579975000,
      "gross_profit": 66397000,
      "operating_income": 17809000,
      "net_income": 12684000,
      "opex": 48546000,
      "cogs": 513578000,
      "rd": null,
      "sga": null,
      "fcf": 40118000,
      "ocf": 107860000,
      "capex": -67742000,
      "gross_margin": 0.11448252079831027,
      "op_margin": 0.030706495969653864,
      "fcf_margin": 0.0691719470666839,
      "incr_op_margin_yoy": 0.3485476936699717,
      "rev_growth_yoy": -0.22838007378600994,
      "rev_growth_yoy_accel": -0.19307599071479165,
      "fcf_margin_change": 0.3212550373472333
    },
    {
      "date": "2023-09-30T00:00:00",
      "quarter_label": "2023-09 (Q3)",
      "revenue": 562226000,
      "gross_profit": 71236000,
      "operating_income": 19517000,
      "net_income": 12571000,
      "opex": 46091000,
      "cogs": 490990000,
      "rd": null,
      "sga": null,
      "fcf": 16400000,
      "ocf": 70097000,
      "capex": -53697000,
      "gross_margin": 0.12670349645871945,
      "op_margin": 0.034713798365781735,
      "fcf_margin": 0.02916976447193833,
      "incr_op_margin_yoy": 0.22389286374148662,
      "rev_growth_yoy": -0.21824565306562288,
      "rev_growth_yoy_accel": 0.01013442072038706,
      "fcf_margin_change": -0.040002182594745576
    },
    {
      "date": "2023-12-31T00:00:00",
      "quarter_label": "2023-12 (Q4)",
      "revenue": 532131000,
      "gross_profit": 66405000,
      "operating_income": 230000,
      "net_income": -1193000,
      "opex": 57996000,
      "cogs": 465726000,
      "rd": null,
      "sga": null,
      "fcf": 22239000,
      "ocf": 68977000,
      "capex": -46738000,
      "gross_margin": 0.12479070003439002,
      "op_margin": 0.00043222439587244495,
      "fcf_margin": 0.04179234060785784,
      "incr_op_margin_yoy": 0.1205849860592351,
      "rev_growth_yoy": -0.151544383075883,
      "rev_growth_yoy_accel": 0.06670126998973988,
      "fcf_margin_change": 0.012622576135919508
    },
    {
      "date": "2024-03-31T00:00:00",
      "quarter_label": "2024-03 (Q1)",
      "revenue": 551418000,
      "gross_profit": 70281000,
      "operating_income": 20169000,
      "net_income": 13893000,
      "opex": 50112000,
      "cogs": 481137000,
      "rd": null,
      "sga": null,
      "fcf": 11397000,
      "ocf": 41554000,
      "capex": -30157000,
      "gross_margin": 0.12745503411205292,
      "op_margin": 0.03657660794533367,
      "fcf_margin": 0.0206685309511115,
      "incr_op_margin_yoy": 0.00887840188766022,
      "rev_growth_yoy": -0.15353465267501334,
      "rev_growth_yoy_accel": -0.0019902695991303454,
      "op_leverage_ratio": Infinity,
      "fcf_margin_change": -0.021123809656746338
    },
    {
      "date": "2024-06-30T00:00:00",
      "quarter_label": "2024-06 (Q2)",
      "revenue": 556405000,
      "gross_profit": 69552000,
      "operating_income": 18667000,
      "net_income": 9521000,
      "opex": 50885000,
      "cogs": 486853000,
      "rd": null,
      "sga": null,
      "fcf": -208000,
      "ocf": 29502000,
      "capex": -29710000,
      "gross_margin": 0.12500247122150232,
      "op_margin": 0.03354930311553635,
      "fcf_margin": -0.0003738284163513987,
      "incr_op_margin_yoy": -0.03640220619431481,
      "rev_growth_yoy": -0.0406396827449459,
      "rev_growth_yoy_accel": 0.11289496993006745,
      "fcf_margin_change": -0.021042359367462897
    },
    {
      "date": "2024-09-30T00:00:00",
      "quarter_label": "2024-09 (Q3)",
      "revenue": 546842000,
      "gross_profit": 75685000,
      "operating_income": 23949000,
      "net_income": 23606000,
      "opex": 51736000,
      "cogs": 471157000,
      "rd": null,
      "sga": null,
      "fcf": -3994000,
      "ocf": 22711000,
      "capex": -26705000,
      "gross_margin": 0.13840378025096828,
      "op_margin": 0.043795099864311814,
      "fcf_margin": -0.007303755015159772,
      "incr_op_margin_yoy": -0.2880915236609464,
      "rev_growth_yoy": -0.027362661990018248,
      "rev_growth_yoy_accel": 0.013277020754927652,
      "fcf_margin_change": -0.006929926598808374
    },
    {
      "date": "2024-12-31T00:00:00",
      "quarter_label": "2024-12 (Q4)",
      "revenue": 525609000,
      "gross_profit": 56696000,
      "operating_income": 7695000,
      "net_income": 3350000,
      "opex": 49001000,
      "cogs": 468913000,
      "rd": null,
      "sga": null,
      "fcf": 32082000,
      "ocf": 68286000,
      "capex": -36204000,
      "gross_margin": 0.10786725493665443,
      "op_margin": 0.014640160271228232,
      "fcf_margin": 0.06103776761813439,
      "incr_op_margin_yoy": -1.14458754983134,
      "rev_growth_yoy": -0.012256380477739503,
      "rev_growth_yoy_accel": 0.015106281512278745,
      "fcf_margin_change": 0.06834152263329417
    },
    {
      "date": "2025-03-31T00:00:00",
      "quarter_label": "2025-03 (Q1)",
      "revenue": 593255000,
      "gross_profit": 75463000,
      "operating_income": 28288000,
      "net_income": 19711000,
      "opex": 47175000,
      "cogs": 517792000,
      "rd": null,
      "sga": null,
      "fcf": -25806000,
      "ocf": 6942000,
      "capex": -32748000,
      "gross_margin": 0.12720162493362888,
      "op_margin": 0.04768269968226142,
      "fcf_margin": -0.04349900127263993,
      "incr_op_margin_yoy": 0.19406267179769104,
      "rev_growth_yoy": 0.07587166178833481,
      "rev_growth_yoy_accel": 0.0881280422660743,
      "op_leverage_ratio": Infinity,
      "fcf_margin_change": -0.10453676889077432
    },
    {
      "date": "2025-06-30T00:00:00",
      "quarter_label": "2025-06 (Q2)",
      "revenue": 594689000,
      "gross_profit": 71885000,
      "operating_income": 17965000,
      "net_income": 11341000,
      "opex": 53920000,
      "cogs": 522804000,
      "rd": null,
      "sga": null,
      "fcf": -14405000,
      "ocf": 11193000,
      "capex": -25598000,
      "gross_margin": 0.12087830782139908,
      "op_margin": 0.030209067260366342,
      "fcf_margin": -0.024222744997805575,
      "incr_op_margin_yoy": -0.01833664193919131,
      "rev_growth_yoy": 0.06880599563267764,
      "rev_growth_yoy_accel": -0.007065666155657166,
      "fcf_margin_change": 0.019276256274834352
    },
    {
      "date": "2025-09-30T00:00:00",
      "quarter_label": "2025-09 (Q3)",
      "revenue": 590284000,
      "gross_profit": 71023000,
      "operating_income": 21794000,
      "net_income": 10839000,
      "opex": 49229000,
      "cogs": 519261000,
      "rd": null,
      "sga": null,
      "fcf": 40206000,
      "ocf": 69756000,
      "capex": -29550000,
      "gross_margin": 0.12032004933218586,
      "op_margin": 0.03692121080700138,
      "fcf_margin": 0.06811297612674577,
      "incr_op_margin_yoy": -0.04960637171400949,
      "rev_growth_yoy": 0.07944159373274182,
      "rev_growth_yoy_accel": 0.010635598100064175,
      "fcf_margin_change": 0.09233572112455135
    }
  ],
  "signals": [
    {
      "quarter": "2025-09 (Q3)",
      "signal": "FCF TURNED POSITIVE",
      "detail": "FCF margin: -2.4% -> +6.8%",
      "severity": "HIGH"
    },
    {
      "quarter": "2025-03 (Q1)",
      "signal": "YoY REVENUE GROWTH ACCELERATION",
      "detail": "YoY growth: +7.6% vs prior quarter YoY: -1.2% (accel: +8.8%)",
      "severity": "MEDIUM"
    },
    {
      "quarter": "2025-03 (Q1)",
      "signal": "INCREMENTAL MARGIN (YoY)",
      "detail": "YoY Incr OPM: +19.4% vs year-ago OPM: +3.7%",
      "severity": "MEDIUM"
    },
    {
      "quarter": "2024-12 (Q4)",
      "signal": "FCF TURNED POSITIVE",
      "detail": "FCF margin: -0.7% -> +6.1%",
      "severity": "HIGH"
    },
    {
      "quarter": "2024-06 (Q2)",
      "signal": "YoY REVENUE GROWTH ACCELERATION",
      "detail": "YoY growth: -4.1% vs prior quarter YoY: -15.4% (accel: +11.3%)",
      "severity": "MEDIUM"
    },
    {
      "quarter": "2023-12 (Q4)",
      "signal": "YoY REVENUE GROWTH ACCELERATION",
      "detail": "YoY growth: -15.2% vs prior quarter YoY: -21.8% (accel: +6.7%)",
      "severity": "MEDIUM"
    },
    {
      "quarter": "2023-12 (Q4)",
      "signal": "INCREMENTAL MARGIN (YoY)",
      "detail": "YoY Incr OPM: +12.1% vs year-ago OPM: +1.9%",
      "severity": "MEDIUM"
    },
    {
      "quarter": "2023-09 (Q3)",
      "signal": "INCREMENTAL MARGIN (YoY)",
      "detail": "YoY Incr OPM: +22.4% vs year-ago OPM: +7.6%",
      "severity": "MEDIUM"
    },
    {
      "quarter": "2023-06 (Q2)",
      "signal": "FCF TURNED POSITIVE",
      "detail": "FCF margin: -25.2% -> +6.9%",
      "severity": "HIGH"
    },
    {
      "quarter": "2023-06 (Q2)",
      "signal": "YoY REVENUE GROWTH DECELERATION",
      "detail": "YoY growth: -22.8% vs prior quarter YoY: -3.5% (decel: -19.3%)",
      "severity": "WARNING"
    },
    {
      "quarter": "2023-06 (Q2)",
      "signal": "INCREMENTAL MARGIN (YoY)",
      "detail": "YoY Incr OPM: +34.9% vs year-ago OPM: +10.3%",
      "severity": "HIGH"
    },
    {
      "quarter": "2023-03 (Q1)",
      "signal": "YoY REVENUE GROWTH DECELERATION",
      "detail": "YoY growth: -3.5% vs prior quarter YoY: +2.8% (decel: -6.3%)",
      "severity": "WARNING"
    },
    {
      "quarter": "2023-03 (Q1)",
      "signal": "INCREMENTAL MARGIN (YoY)",
      "detail": "YoY Incr OPM: +177.4% vs year-ago OPM: +9.4%",
      "severity": "HIGH"
    },
    {
      "quarter": "2022-12 (Q4)",
      "signal": "YoY REVENUE GROWTH DECELERATION",
      "detail": "YoY growth: +2.8% vs prior quarter YoY: +19.3% (decel: -16.5%)",
      "severity": "WARNING"
    },
    {
      "quarter": "2022-09 (Q3)",
      "signal": "YoY REVENUE GROWTH DECELERATION",
      "detail": "YoY growth: +19.3% vs prior quarter YoY: +26.2% (decel: -6.9%)",
      "severity": "WARNING"
    },
    {
      "quarter": "2022-06 (Q2)",
      "signal": "FCF MARGIN EXPANSION",
      "detail": "FCF margin: -12.0% -> -1.3% (+10.7%)",
      "severity": "MEDIUM"
    },
    {
      "quarter": "2022-03 (Q1)",
      "signal": "GROSS MARGIN INFLECTION",
      "detail": "GM: +15.2% -> +13.6% -> +16.2% (reversal +2.5%)",
      "severity": "MEDIUM"
    },
    {
      "quarter": "2021-06 (Q2)",
      "signal": "FCF MARGIN EXPANSION",
      "detail": "FCF margin: -9.2% -> -0.1% (+9.0%)",
      "severity": "MEDIUM"
    }
  ],
  "data_quality": {
    "n_quarters": 20,
    "coverage": {
      "revenue": [
        20,
        20
      ],
      "gross_profit": [
        20,
        20
      ],
      "op_income": [
        20,
        20
      ],
      "fcf": [
        20,
        20
      ]
    },
    "gaps": [],
    "warnings": []
  },
  "market_cap": null,
  "source": "SEC EDGAR",
  "last_updated": "2026-02-02T21:54:18.056793"
}