{
  "ticker": "SCSC",
  "name": "ScanSource, Inc.",
  "quarters": [
    {
      "date": "2020-12-31T00:00:00",
      "quarter_label": "2020-12 (Q4)",
      "revenue": 810897000,
      "gross_profit": 86043000,
      "operating_income": 17130000,
      "net_income": -14194000,
      "opex": 68913000,
      "cogs": 724854000,
      "rd": null,
      "sga": 60470000,
      "fcf": null,
      "ocf": null,
      "capex": null,
      "gross_margin": 0.10610842067488226,
      "op_margin": 0.021124754438603177,
      "fcf_margin": null
    },
    {
      "date": "2021-03-31T00:00:00",
      "quarter_label": "2021-03 (Q1)",
      "revenue": 729873000,
      "gross_profit": 88116000,
      "operating_income": 19436000,
      "net_income": 13098000,
      "opex": 68680000,
      "cogs": 641757000,
      "rd": null,
      "sga": 60099000,
      "fcf": null,
      "ocf": null,
      "capex": null,
      "gross_margin": 0.12072785265381786,
      "op_margin": 0.026629290301189386,
      "fcf_margin": null
    },
    {
      "date": "2021-06-30T00:00:00",
      "quarter_label": "2021-06 (Q2)",
      "revenue": 852695000,
      "gross_profit": 95777000,
      "operating_income": 23282000,
      "net_income": 23710000,
      "opex": 72495000,
      "cogs": 756918000,
      "rd": null,
      "sga": 64757000,
      "fcf": null,
      "ocf": null,
      "capex": null,
      "gross_margin": 0.11232269451562399,
      "op_margin": 0.027304018435665742,
      "fcf_margin": null,
      "op_leverage_ratio": 3.0294557340169157
    },
    {
      "date": "2021-09-30T00:00:00",
      "quarter_label": "2021-09 (Q3)",
      "revenue": 857311000,
      "gross_profit": 101300000,
      "operating_income": 30328000,
      "net_income": 22073000,
      "opex": 70972000,
      "cogs": 756011000,
      "rd": null,
      "sga": 63582000,
      "fcf": -56959000,
      "ocf": -56959000,
      "capex": null,
      "gross_margin": 0.11816015424974134,
      "op_margin": 0.03537572712819502,
      "fcf_margin": -0.06643913352330717
    },
    {
      "date": "2021-12-31T00:00:00",
      "quarter_label": "2021-12 (Q4)",
      "revenue": 864351000,
      "gross_profit": 107925000,
      "operating_income": 31498000,
      "net_income": 23252000,
      "opex": 76427000,
      "cogs": 756426000,
      "rd": null,
      "sga": 69433000,
      "fcf": -18419000,
      "ocf": -18419000,
      "capex": null,
      "gross_margin": 0.12486246906638622,
      "op_margin": 0.03644121427521921,
      "fcf_margin": -0.0213096299998496,
      "incr_op_margin_yoy": 0.268791858420324,
      "rev_growth_yoy": 0.06591959274729096,
      "fcf_margin_change": 0.04512950352345757
    },
    {
      "date": "2022-03-31T00:00:00",
      "quarter_label": "2022-03 (Q1)",
      "revenue": 845990000,
      "gross_profit": 106508000,
      "operating_income": 32917000,
      "net_income": 23526000,
      "opex": 73591000,
      "cogs": 739482000,
      "rd": null,
      "sga": 66522000,
      "fcf": 29707000,
      "ocf": 29707000,
      "capex": null,
      "gross_margin": 0.12589746923722503,
      "op_margin": 0.03890944337403515,
      "fcf_margin": 0.03511507228217828,
      "incr_op_margin_yoy": 0.11609841797497351,
      "rev_growth_yoy": 0.1590920612216098,
      "rev_growth_yoy_accel": 0.09317246847431883,
      "fcf_margin_change": 0.05642470228202788
    },
    {
      "date": "2022-06-30T00:00:00",
      "quarter_label": "2022-06 (Q2)",
      "revenue": 962283000,
      "gross_profit": 110792000,
      "operating_income": 27425000,
      "net_income": 19947000,
      "opex": 83367000,
      "cogs": 851491000,
      "rd": null,
      "sga": 75904000,
      "fcf": null,
      "ocf": null,
      "capex": null,
      "gross_margin": 0.11513452903148035,
      "op_margin": 0.028499931932705867,
      "fcf_margin": null,
      "incr_op_margin_yoy": 0.03780523414972442,
      "rev_growth_yoy": 0.1285195761673283,
      "rev_growth_yoy_accel": -0.030572485054281506,
      "op_leverage_ratio": 1.0347891255838726
    },
    {
      "date": "2022-09-30T00:00:00",
      "quarter_label": "2022-09 (Q3)",
      "revenue": 943813000,
      "gross_profit": 113485000,
      "operating_income": 34888000,
      "net_income": 24042000,
      "opex": 78597000,
      "cogs": 830328000,
      "rd": null,
      "sga": 71593000,
      "fcf": -48459000,
      "ocf": -48459000,
      "capex": null,
      "gross_margin": 0.12024097993988216,
      "op_margin": 0.03696494962455486,
      "fcf_margin": -0.05134385731071727,
      "incr_op_margin_yoy": 0.052715544149268226,
      "rev_growth_yoy": 0.10089920693890549,
      "rev_growth_yoy_accel": -0.0276203692284228
    },
    {
      "date": "2022-12-31T00:00:00",
      "quarter_label": "2022-12 (Q4)",
      "revenue": 1011241000,
      "gross_profit": 115334000,
      "operating_income": 39432000,
      "net_income": 25734000,
      "opex": 75902000,
      "cogs": 895907000,
      "rd": null,
      "sga": 69074000,
      "fcf": -26887000,
      "ocf": -26887000,
      "capex": null,
      "gross_margin": 0.11405194211864432,
      "op_margin": 0.038993672131569034,
      "fcf_margin": -0.02658812291036459,
      "incr_op_margin_yoy": 0.05401320716182177,
      "rev_growth_yoy": 0.16994253491926312,
      "rev_growth_yoy_accel": 0.06904332798035763,
      "op_leverage_ratio": Infinity,
      "fcf_margin_change": 0.02475573440035268
    },
    {
      "date": "2023-03-31T00:00:00",
      "quarter_label": "2023-03 (Q1)",
      "revenue": 885519000,
      "gross_profit": 111762000,
      "operating_income": 34279000,
      "net_income": 21221000,
      "opex": 77483000,
      "cogs": 773757000,
      "rd": null,
      "sga": 70669000,
      "fcf": 54838000,
      "ocf": 54838000,
      "capex": null,
      "gross_margin": 0.1262107306562592,
      "op_margin": 0.038710631844150155,
      "fcf_margin": 0.06192752498817078,
      "incr_op_margin_yoy": 0.03445571605656607,
      "rev_growth_yoy": 0.04672513859501885,
      "rev_growth_yoy_accel": -0.12321739632424426,
      "fcf_margin_change": 0.08851564789853537
    },
    {
      "date": "2023-06-30T00:00:00",
      "quarter_label": "2023-06 (Q2)",
      "revenue": 947148000,
      "gross_profit": 108658000,
      "operating_income": 27288000,
      "net_income": 18812000,
      "opex": 81370000,
      "cogs": 838490000,
      "rd": null,
      "sga": 74358000,
      "fcf": null,
      "ocf": null,
      "capex": null,
      "gross_margin": 0.11472124736577599,
      "op_margin": 0.028810703290298875,
      "fcf_margin": null,
      "incr_op_margin_yoy": 0.00905186653452263,
      "rev_growth_yoy": -0.01572822132366466,
      "rev_growth_yoy_accel": -0.06245335991868352,
      "op_leverage_ratio": 1.3873279109059606
    },
    {
      "date": "2023-09-30T00:00:00",
      "quarter_label": "2023-09 (Q3)",
      "revenue": 876305000,
      "gross_profit": 106508000,
      "operating_income": 24084000,
      "net_income": 15432000,
      "opex": 82424000,
      "cogs": 769797000,
      "rd": null,
      "sga": 75436000,
      "fcf": 93533000,
      "ocf": 93533000,
      "capex": null,
      "gross_margin": 0.1215421571256583,
      "op_margin": 0.02748358162968373,
      "fcf_margin": 0.10673566851724,
      "incr_op_margin_yoy": 0.1600402915210049,
      "rev_growth_yoy": -0.07152688085457606,
      "rev_growth_yoy_accel": -0.0557986595309114
    },
    {
      "date": "2023-12-31T00:00:00",
      "quarter_label": "2023-12 (Q4)",
      "revenue": 884792000,
      "gross_profit": 100748000,
      "operating_income": 26826000,
      "net_income": 32726000,
      "opex": 73922000,
      "cogs": 784044000,
      "rd": null,
      "sga": 66921000,
      "fcf": 63224000,
      "ocf": 63224000,
      "capex": null,
      "gross_margin": 0.11386630982196946,
      "op_margin": 0.03031899022595141,
      "fcf_margin": 0.07145634228157578,
      "incr_op_margin_yoy": 0.09969236609225854,
      "rev_growth_yoy": -0.12504338728354567,
      "rev_growth_yoy_accel": -0.0535165064289696,
      "fcf_margin_change": -0.035279326235664224
    },
    {
      "date": "2024-03-31T00:00:00",
      "quarter_label": "2024-03 (Q1)",
      "revenue": 752599000,
      "gross_profit": 94481000,
      "operating_income": 17542000,
      "net_income": 12806000,
      "opex": 76939000,
      "cogs": 658118000,
      "rd": null,
      "sga": 66574000,
      "fcf": 160151000,
      "ocf": 160151000,
      "capex": null,
      "gross_margin": 0.12553963000216584,
      "op_margin": 0.023308561398566834,
      "fcf_margin": 0.21279725325173166,
      "incr_op_margin_yoy": 0.12591784532049352,
      "rev_growth_yoy": -0.15010406326685255,
      "rev_growth_yoy_accel": -0.025060675983306885,
      "fcf_margin_change": 0.1413409109701559
    },
    {
      "date": "2024-06-30T00:00:00",
      "quarter_label": "2024-06 (Q2)",
      "revenue": 746113000,
      "gross_profit": 97314000,
      "operating_income": 21870000,
      "net_income": 16096000,
      "opex": 75444000,
      "cogs": 648799000,
      "rd": null,
      "sga": 68498000,
      "fcf": null,
      "ocf": null,
      "capex": null,
      "gross_margin": 0.1304279646648698,
      "op_margin": 0.02931191387899688,
      "fcf_margin": null,
      "incr_op_margin_yoy": 0.026950531002064317,
      "rev_growth_yoy": -0.21225299530801944,
      "rev_growth_yoy_accel": -0.06214893204116689
    },
    {
      "date": "2024-09-30T00:00:00",
      "quarter_label": "2024-09 (Q3)",
      "revenue": 775580000,
      "gross_profit": 101619000,
      "operating_income": 17630000,
      "net_income": 16974000,
      "opex": 83989000,
      "cogs": 673961000,
      "rd": null,
      "sga": 71706000,
      "fcf": 44830000,
      "ocf": 44830000,
      "capex": null,
      "gross_margin": 0.13102323422470924,
      "op_margin": 0.02273137522886098,
      "fcf_margin": 0.057801903091879624,
      "incr_op_margin_yoy": 0.06407545296599652,
      "rev_growth_yoy": -0.11494285665379063,
      "rev_growth_yoy_accel": 0.09731013865422881,
      "op_leverage_ratio": 0.34869358320740984
    },
    {
      "date": "2024-12-31T00:00:00",
      "quarter_label": "2024-12 (Q4)",
      "revenue": 747497000,
      "gross_profit": 101723000,
      "operating_income": 18444000,
      "net_income": 17053000,
      "opex": 83279000,
      "cogs": 645774000,
      "rd": null,
      "sga": 73920000,
      "fcf": -6188000,
      "ocf": -6188000,
      "capex": null,
      "gross_margin": 0.13608482709629605,
      "op_margin": 0.024674346519116465,
      "fcf_margin": -0.008278294093488,
      "incr_op_margin_yoy": 0.06105102152299793,
      "rev_growth_yoy": -0.15517206303854464,
      "rev_growth_yoy_accel": -0.04022920638475401,
      "fcf_margin_change": -0.06608019718536762
    },
    {
      "date": "2025-03-31T00:00:00",
      "quarter_label": "2025-03 (Q1)",
      "revenue": 704847000,
      "gross_profit": 100202000,
      "operating_income": 22339000,
      "net_income": 17431000,
      "opex": 77863000,
      "cogs": 604645000,
      "rd": null,
      "sga": 69698000,
      "fcf": 66062000,
      "ocf": 66062000,
      "capex": null,
      "gross_margin": 0.14216134849123285,
      "op_margin": 0.031693402965466265,
      "fcf_margin": 0.0937253049243311,
      "incr_op_margin_yoy": -0.10045652538113586,
      "rev_growth_yoy": -0.06344945980528807,
      "rev_growth_yoy_accel": 0.09172260323325657,
      "fcf_margin_change": 0.1020035990178191
    },
    {
      "date": "2025-06-30T00:00:00",
      "quarter_label": "2025-06 (Q2)",
      "revenue": 812886000,
      "gross_profit": 105102000,
      "operating_income": 26787000,
      "net_income": 20090000,
      "opex": 78315000,
      "cogs": 707784000,
      "rd": null,
      "sga": 71610000,
      "fcf": null,
      "ocf": null,
      "capex": null,
      "gross_margin": 0.1292948826772758,
      "op_margin": 0.0329529601936803,
      "fcf_margin": null,
      "incr_op_margin_yoy": 0.07363754811076333,
      "rev_growth_yoy": 0.08949448676004841,
      "rev_growth_yoy_accel": 0.1529439465653365,
      "op_leverage_ratio": 26.404527359863483
    },
    {
      "date": "2025-09-30T00:00:00",
      "quarter_label": "2025-09 (Q3)",
      "revenue": 739650000,
      "gross_profit": 107473000,
      "operating_income": 25903000,
      "net_income": 19878000,
      "opex": 81570000,
      "cogs": 632177000,
      "rd": null,
      "sga": 75275000,
      "fcf": 23211000,
      "ocf": 23211000,
      "capex": null,
      "gross_margin": 0.145302507942946,
      "op_margin": 0.035020617859798556,
      "fcf_margin": 0.03138105860880146,
      "incr_op_margin_yoy": -0.23025327024770387,
      "rev_growth_yoy": -0.046326620077877204,
      "rev_growth_yoy_accel": -0.13582110683792561
    }
  ],
  "signals": [
    {
      "quarter": "2025-09 (Q3)",
      "signal": "YoY REVENUE GROWTH DECELERATION",
      "detail": "YoY growth: -4.6% vs prior quarter YoY: +8.9% (decel: -13.6%)",
      "severity": "WARNING"
    },
    {
      "quarter": "2025-06 (Q2)",
      "signal": "OPERATING LEVERAGE",
      "detail": "Rev growth +15.3% vs OpEx growth +0.6% (leverage: 26.4x)",
      "severity": "MEDIUM"
    },
    {
      "quarter": "2025-06 (Q2)",
      "signal": "YoY REVENUE GROWTH ACCELERATION",
      "detail": "YoY growth: +8.9% vs prior quarter YoY: -6.3% (accel: +15.3%)",
      "severity": "HIGH"
    },
    {
      "quarter": "2025-03 (Q1)",
      "signal": "FCF TURNED POSITIVE",
      "detail": "FCF margin: -0.8% -> +9.4%",
      "severity": "HIGH"
    },
    {
      "quarter": "2025-03 (Q1)",
      "signal": "YoY REVENUE GROWTH ACCELERATION",
      "detail": "YoY growth: -6.3% vs prior quarter YoY: -15.5% (accel: +9.2%)",
      "severity": "MEDIUM"
    },
    {
      "quarter": "2024-09 (Q3)",
      "signal": "YoY REVENUE GROWTH ACCELERATION",
      "detail": "YoY growth: -11.5% vs prior quarter YoY: -21.2% (accel: +9.7%)",
      "severity": "MEDIUM"
    },
    {
      "quarter": "2024-06 (Q2)",
      "signal": "YoY REVENUE GROWTH DECELERATION",
      "detail": "YoY growth: -21.2% vs prior quarter YoY: -15.0% (decel: -6.2%)",
      "severity": "WARNING"
    },
    {
      "quarter": "2024-03 (Q1)",
      "signal": "FCF MARGIN EXPANSION",
      "detail": "FCF margin: +7.1% -> +21.3% (+14.1%)",
      "severity": "MEDIUM"
    },
    {
      "quarter": "2023-12 (Q4)",
      "signal": "YoY REVENUE GROWTH DECELERATION",
      "detail": "YoY growth: -12.5% vs prior quarter YoY: -7.2% (decel: -5.4%)",
      "severity": "WARNING"
    },
    {
      "quarter": "2023-09 (Q3)",
      "signal": "YoY REVENUE GROWTH DECELERATION",
      "detail": "YoY growth: -7.2% vs prior quarter YoY: -1.6% (decel: -5.6%)",
      "severity": "WARNING"
    },
    {
      "quarter": "2023-09 (Q3)",
      "signal": "INCREMENTAL MARGIN (YoY)",
      "detail": "YoY Incr OPM: +16.0% vs year-ago OPM: +3.7%",
      "severity": "MEDIUM"
    },
    {
      "quarter": "2023-06 (Q2)",
      "signal": "YoY REVENUE GROWTH DECELERATION",
      "detail": "YoY growth: -1.6% vs prior quarter YoY: +4.7% (decel: -6.2%)",
      "severity": "WARNING"
    },
    {
      "quarter": "2023-03 (Q1)",
      "signal": "FCF TURNED POSITIVE",
      "detail": "FCF margin: -2.7% -> +6.2%",
      "severity": "HIGH"
    },
    {
      "quarter": "2023-03 (Q1)",
      "signal": "YoY REVENUE GROWTH DECELERATION",
      "detail": "YoY growth: +4.7% vs prior quarter YoY: +17.0% (decel: -12.3%)",
      "severity": "WARNING"
    },
    {
      "quarter": "2022-12 (Q4)",
      "signal": "YoY REVENUE GROWTH ACCELERATION",
      "detail": "YoY growth: +17.0% vs prior quarter YoY: +10.1% (accel: +6.9%)",
      "severity": "MEDIUM"
    },
    {
      "quarter": "2022-03 (Q1)",
      "signal": "FCF TURNED POSITIVE",
      "detail": "FCF margin: -2.1% -> +3.5%",
      "severity": "HIGH"
    },
    {
      "quarter": "2022-03 (Q1)",
      "signal": "YoY REVENUE GROWTH ACCELERATION",
      "detail": "YoY growth: +15.9% vs prior quarter YoY: +6.6% (accel: +9.3%)",
      "severity": "MEDIUM"
    },
    {
      "quarter": "2021-12 (Q4)",
      "signal": "INCREMENTAL MARGIN (YoY)",
      "detail": "YoY Incr OPM: +26.9% vs year-ago OPM: +2.1%",
      "severity": "HIGH"
    },
    {
      "quarter": "2021-06 (Q2)",
      "signal": "OPERATING LEVERAGE",
      "detail": "Rev growth +16.8% vs OpEx growth +5.6% (leverage: 3.0x)",
      "severity": "MEDIUM"
    }
  ],
  "data_quality": {
    "n_quarters": 20,
    "coverage": {
      "revenue": [
        20,
        20
      ],
      "gross_profit": [
        20,
        20
      ],
      "op_income": [
        20,
        20
      ],
      "fcf": [
        13,
        20
      ]
    },
    "gaps": [],
    "warnings": [
      "fcf: 13/20Q"
    ]
  },
  "market_cap": null,
  "source": "SEC EDGAR",
  "last_updated": "2026-02-02T22:04:21.426917"
}