{
  "ticker": "SD",
  "name": "SANDRIDGE ENERGY, INC.",
  "quarters": [
    {
      "date": "2020-12-31T00:00:00",
      "quarter_label": "2020-12 (Q4)",
      "revenue": 30316000,
      "gross_profit": null,
      "operating_income": 2689000,
      "net_income": -155000,
      "opex": 27627000,
      "cogs": null,
      "rd": null,
      "sga": null,
      "fcf": 8806000,
      "ocf": 8806000,
      "capex": null,
      "gross_margin": null,
      "op_margin": 0.08869903681224436,
      "fcf_margin": 0.2904736772661301
    },
    {
      "date": "2021-03-31T00:00:00",
      "quarter_label": "2021-03 (Q1)",
      "revenue": 33623000,
      "gross_profit": null,
      "operating_income": 35062000,
      "net_income": 35043000,
      "opex": -1439000,
      "cogs": null,
      "rd": null,
      "sga": null,
      "fcf": 11237000,
      "ocf": 14331000,
      "capex": -3094000,
      "gross_margin": null,
      "op_margin": 1.0427980846444398,
      "fcf_margin": 0.33420575201498975,
      "op_leverage_ratio": Infinity,
      "fcf_margin_change": 0.04373207474885965
    },
    {
      "date": "2021-06-30T00:00:00",
      "quarter_label": "2021-06 (Q2)",
      "revenue": 34196000,
      "gross_profit": null,
      "operating_income": 16049000,
      "net_income": 16252000,
      "opex": 18147000,
      "cogs": null,
      "rd": null,
      "sga": null,
      "fcf": 17605000,
      "ocf": 18900000,
      "capex": -1295000,
      "gross_margin": null,
      "op_margin": 0.4693238975318751,
      "fcf_margin": 0.5148262954731547,
      "op_leverage_ratio": Infinity,
      "fcf_margin_change": 0.18062054345816497
    },
    {
      "date": "2021-09-30T00:00:00",
      "quarter_label": "2021-09 (Q3)",
      "revenue": 46584000,
      "gross_profit": null,
      "operating_income": 26459000,
      "net_income": 28599000,
      "opex": 20125000,
      "cogs": null,
      "rd": null,
      "sga": null,
      "fcf": 28858000,
      "ocf": 33084000,
      "capex": -4226000,
      "gross_margin": null,
      "op_margin": 0.5679847157822429,
      "fcf_margin": 0.6194830843207968,
      "op_leverage_ratio": 3.323567015862048,
      "fcf_margin_change": 0.10465678884764207
    },
    {
      "date": "2021-12-31T00:00:00",
      "quarter_label": "2021-12 (Q4)",
      "revenue": 54479000,
      "gross_profit": null,
      "operating_income": 36517000,
      "net_income": 36844000,
      "opex": 17962000,
      "cogs": null,
      "rd": null,
      "sga": null,
      "fcf": 40977000,
      "ocf": 43945000,
      "capex": -2968000,
      "gross_margin": null,
      "op_margin": 0.6702949760458158,
      "fcf_margin": 0.7521613832853026,
      "incr_op_margin_yoy": 1.3999917228820924,
      "rev_growth_yoy": 0.7970378677925848,
      "op_leverage_ratio": Infinity,
      "fcf_margin_change": 0.13267829896450578
    },
    {
      "date": "2022-03-31T00:00:00",
      "quarter_label": "2022-03 (Q1)",
      "revenue": 57487000,
      "gross_profit": null,
      "operating_income": 34800000,
      "net_income": 34724000,
      "opex": 22687000,
      "cogs": null,
      "rd": null,
      "sga": null,
      "fcf": 26564000,
      "ocf": 32193000,
      "capex": -5629000,
      "gross_margin": null,
      "op_margin": 0.6053542540052533,
      "fcf_margin": 0.4620870805573434,
      "incr_op_margin_yoy": -0.010978880321823668,
      "rev_growth_yoy": 0.7097522529221069,
      "rev_growth_yoy_accel": -0.08728561487047792,
      "op_leverage_ratio": 0.2098947538739018,
      "fcf_margin_change": -0.2900743027279592
    },
    {
      "date": "2022-06-30T00:00:00",
      "quarter_label": "2022-06 (Q2)",
      "revenue": 69760000,
      "gross_profit": null,
      "operating_income": 48507000,
      "net_income": 48492000,
      "opex": 21253000,
      "cogs": null,
      "rd": null,
      "sga": null,
      "fcf": 40633000,
      "ocf": 46963000,
      "capex": -6330000,
      "gross_margin": null,
      "op_margin": 0.6953411697247707,
      "fcf_margin": 0.5824684633027523,
      "incr_op_margin_yoy": 0.9126644921831065,
      "rev_growth_yoy": 1.040004678909814,
      "rev_growth_yoy_accel": 0.3302524259877072,
      "op_leverage_ratio": Infinity,
      "fcf_margin_change": 0.12038138274540888
    },
    {
      "date": "2022-09-30T00:00:00",
      "quarter_label": "2022-09 (Q3)",
      "revenue": 70899000,
      "gross_profit": null,
      "operating_income": 53590000,
      "net_income": 53725000,
      "opex": 17309000,
      "cogs": null,
      "rd": null,
      "sga": null,
      "fcf": 36304000,
      "ocf": 55474000,
      "capex": -19170000,
      "gross_margin": null,
      "op_margin": 0.7558639755144643,
      "fcf_margin": 0.5120523561686342,
      "incr_op_margin_yoy": 1.1158132839810817,
      "rev_growth_yoy": 0.5219603297269448,
      "rev_growth_yoy_accel": -0.5180443491828692,
      "op_leverage_ratio": Infinity,
      "fcf_margin_change": -0.07041610713411806
    },
    {
      "date": "2022-12-31T00:00:00",
      "quarter_label": "2022-12 (Q4)",
      "revenue": 56112000,
      "gross_profit": null,
      "operating_income": 38554000,
      "net_income": 105227000,
      "opex": 17558000,
      "cogs": null,
      "rd": null,
      "sga": null,
      "fcf": 17110000,
      "ocf": 30066000,
      "capex": -12956000,
      "gross_margin": null,
      "op_margin": 0.6870901055032792,
      "fcf_margin": 0.3049258625605931,
      "incr_op_margin_yoy": 1.24739742804654,
      "rev_growth_yoy": 0.02997485269553406,
      "rev_growth_yoy_accel": -0.49198547703141077,
      "fcf_margin_change": -0.20712649360804108
    },
    {
      "date": "2023-03-31T00:00:00",
      "quarter_label": "2023-03 (Q1)",
      "revenue": 43147000,
      "gross_profit": null,
      "operating_income": 21204000,
      "net_income": 23758000,
      "opex": 21943000,
      "cogs": null,
      "rd": null,
      "sga": null,
      "fcf": 30455000,
      "ocf": 39847000,
      "capex": -9392000,
      "gross_margin": null,
      "op_margin": 0.4914362528101606,
      "fcf_margin": 0.7058428164182909,
      "incr_op_margin_yoy": 0.9481171548117154,
      "rev_growth_yoy": -0.24944770121940613,
      "rev_growth_yoy_accel": -0.2794225539149402,
      "fcf_margin_change": 0.4009169538576978
    },
    {
      "date": "2023-06-30T00:00:00",
      "quarter_label": "2023-06 (Q2)",
      "revenue": 33419000,
      "gross_profit": null,
      "operating_income": 13807000,
      "net_income": 16637000,
      "opex": 19612000,
      "cogs": null,
      "rd": null,
      "sga": null,
      "fcf": 9070000,
      "ocf": 24005000,
      "capex": -14935000,
      "gross_margin": null,
      "op_margin": 0.4131482091026063,
      "fcf_margin": 0.2714024955863431,
      "incr_op_margin_yoy": 0.9548443906331692,
      "rev_growth_yoy": -0.5209432339449541,
      "rev_growth_yoy_accel": -0.271495532725548,
      "fcf_margin_change": -0.43444032083194783
    },
    {
      "date": "2023-09-30T00:00:00",
      "quarter_label": "2023-09 (Q3)",
      "revenue": 38149000,
      "gross_profit": null,
      "operating_income": 16184000,
      "net_income": 18670000,
      "opex": 21965000,
      "cogs": null,
      "rd": null,
      "sga": null,
      "fcf": 24153000,
      "ocf": 25507000,
      "capex": -1354000,
      "gross_margin": null,
      "op_margin": 0.42423130357283284,
      "fcf_margin": 0.6331227555112847,
      "incr_op_margin_yoy": 1.1421679389312978,
      "rev_growth_yoy": -0.4619247097984457,
      "rev_growth_yoy_accel": 0.05901852414650843,
      "op_leverage_ratio": 1.1796893204184753,
      "fcf_margin_change": 0.3617202599249416
    },
    {
      "date": "2023-12-31T00:00:00",
      "quarter_label": "2023-12 (Q4)",
      "revenue": 33926000,
      "gross_profit": null,
      "operating_income": 12983000,
      "net_income": 1792000,
      "opex": 20943000,
      "cogs": null,
      "rd": null,
      "sga": null,
      "fcf": 25525000,
      "ocf": 26219000,
      "capex": -694000,
      "gross_margin": null,
      "op_margin": 0.3826858456640924,
      "fcf_margin": 0.7523728114130755,
      "incr_op_margin_yoy": 1.1525736951230505,
      "rev_growth_yoy": -0.39538779583689765,
      "rev_growth_yoy_accel": 0.06653691396154804,
      "fcf_margin_change": 0.11925005590179083
    },
    {
      "date": "2024-03-31T00:00:00",
      "quarter_label": "2024-03 (Q1)",
      "revenue": 30283000,
      "gross_profit": null,
      "operating_income": 8418000,
      "net_income": 11125000,
      "opex": 21865000,
      "cogs": null,
      "rd": null,
      "sga": null,
      "fcf": 14557000,
      "ocf": 15681000,
      "capex": -1124000,
      "gross_margin": null,
      "op_margin": 0.2779777432883136,
      "fcf_margin": 0.480698741868375,
      "incr_op_margin_yoy": 0.9939365671641791,
      "rev_growth_yoy": -0.29814355575126894,
      "rev_growth_yoy_accel": 0.09724424008562871,
      "fcf_margin_change": -0.2716740695447005
    },
    {
      "date": "2024-06-30T00:00:00",
      "quarter_label": "2024-06 (Q2)",
      "revenue": 25977000,
      "gross_profit": null,
      "operating_income": 6220000,
      "net_income": 8794000,
      "opex": 19757000,
      "cogs": null,
      "rd": null,
      "sga": null,
      "fcf": 8961000,
      "ocf": 11412000,
      "capex": -2451000,
      "gross_margin": null,
      "op_margin": 0.23944258382415212,
      "fcf_margin": 0.34495900219424874,
      "incr_op_margin_yoy": 1.0194840096748186,
      "rev_growth_yoy": -0.22268769262994106,
      "rev_growth_yoy_accel": 0.07545586312132788,
      "fcf_margin_change": -0.13573973967412628
    },
    {
      "date": "2024-09-30T00:00:00",
      "quarter_label": "2024-09 (Q3)",
      "revenue": 30057000,
      "gross_profit": null,
      "operating_income": 8492000,
      "net_income": 25484000,
      "opex": 21565000,
      "cogs": null,
      "rd": null,
      "sga": null,
      "fcf": 10850000,
      "ocf": 20847000,
      "capex": -9997000,
      "gross_margin": null,
      "op_margin": 0.28252985993279434,
      "fcf_margin": 0.36098080314069936,
      "incr_op_margin_yoy": 0.9505684626791894,
      "rev_growth_yoy": -0.21211565178641642,
      "rev_growth_yoy_accel": 0.010572040843524644,
      "op_leverage_ratio": 1.7163021338481521,
      "fcf_margin_change": 0.016021800946450615
    },
    {
      "date": "2024-12-31T00:00:00",
      "quarter_label": "2024-12 (Q4)",
      "revenue": 38973000,
      "gross_profit": null,
      "operating_income": 10096000,
      "net_income": 17583000,
      "opex": 28877000,
      "cogs": null,
      "rd": null,
      "sga": null,
      "fcf": 13161000,
      "ocf": 25993000,
      "capex": -12832000,
      "gross_margin": null,
      "op_margin": 0.2590511379673107,
      "fcf_margin": 0.3376953275344469,
      "incr_op_margin_yoy": -0.5720229839508619,
      "rev_growth_yoy": 0.14876495902847373,
      "rev_growth_yoy_accel": 0.36088061081489015,
      "op_leverage_ratio": 0.874858283484574,
      "fcf_margin_change": -0.023285475606252437
    },
    {
      "date": "2025-03-31T00:00:00",
      "quarter_label": "2025-03 (Q1)",
      "revenue": 42604000,
      "gross_profit": null,
      "operating_income": 12189000,
      "net_income": 13049000,
      "opex": 30415000,
      "cogs": null,
      "rd": null,
      "sga": null,
      "fcf": 13920000,
      "ocf": 20331000,
      "capex": -6411000,
      "gross_margin": null,
      "op_margin": 0.2860998967233124,
      "fcf_margin": 0.32672988451788565,
      "incr_op_margin_yoy": 0.3060628195763331,
      "rev_growth_yoy": 0.40686193573952384,
      "rev_growth_yoy_accel": 0.25809697671105014,
      "op_leverage_ratio": 1.7492752392982411,
      "fcf_margin_change": -0.010965443016561272
    },
    {
      "date": "2025-06-30T00:00:00",
      "quarter_label": "2025-06 (Q2)",
      "revenue": 34531000,
      "gross_profit": null,
      "operating_income": 18534000,
      "net_income": 19558000,
      "opex": 15997000,
      "cogs": null,
      "rd": null,
      "sga": null,
      "fcf": 7250000,
      "ocf": 22850000,
      "capex": -15600000,
      "gross_margin": null,
      "op_margin": 0.5367351075844893,
      "fcf_margin": 0.2099562711766239,
      "incr_op_margin_yoy": 1.4395604395604396,
      "rev_growth_yoy": 0.3292912961465912,
      "rev_growth_yoy_accel": -0.07757063959293264,
      "fcf_margin_change": -0.11677361334126174
    },
    {
      "date": "2025-09-30T00:00:00",
      "quarter_label": "2025-09 (Q3)",
      "revenue": 39822000,
      "gross_profit": null,
      "operating_income": 15040000,
      "net_income": 15953000,
      "opex": 24782000,
      "cogs": null,
      "rd": null,
      "sga": null,
      "fcf": 5919000,
      "ocf": 25269000,
      "capex": -19350000,
      "gross_margin": null,
      "op_margin": 0.3776806790216463,
      "fcf_margin": 0.1486364321229471,
      "incr_op_margin_yoy": 0.670558115719406,
      "rev_growth_yoy": 0.3248827228266294,
      "rev_growth_yoy_accel": -0.004408573319961806,
      "op_leverage_ratio": 0.27901360794199964,
      "fcf_margin_change": -0.0613198390536768
    }
  ],
  "signals": [
    {
      "quarter": "2025-09 (Q3)",
      "signal": "INCREMENTAL MARGIN (YoY)",
      "detail": "YoY Incr OPM: +67.1% vs year-ago OPM: +28.3%",
      "severity": "HIGH"
    },
    {
      "quarter": "2025-06 (Q2)",
      "signal": "YoY REVENUE GROWTH DECELERATION",
      "detail": "YoY growth: +32.9% vs prior quarter YoY: +40.7% (decel: -7.8%)",
      "severity": "WARNING"
    },
    {
      "quarter": "2025-06 (Q2)",
      "signal": "INCREMENTAL MARGIN (YoY)",
      "detail": "YoY Incr OPM: +144.0% vs year-ago OPM: +23.9%",
      "severity": "HIGH"
    },
    {
      "quarter": "2025-03 (Q1)",
      "signal": "OPERATING LEVERAGE",
      "detail": "Rev growth +9.3% vs OpEx growth +5.3% (leverage: 1.7x)",
      "severity": "MEDIUM"
    },
    {
      "quarter": "2025-03 (Q1)",
      "signal": "YoY REVENUE GROWTH ACCELERATION",
      "detail": "YoY growth: +40.7% vs prior quarter YoY: +14.9% (accel: +25.8%)",
      "severity": "HIGH"
    },
    {
      "quarter": "2024-12 (Q4)",
      "signal": "YoY REVENUE GROWTH ACCELERATION",
      "detail": "YoY growth: +14.9% vs prior quarter YoY: -21.2% (accel: +36.1%)",
      "severity": "HIGH"
    },
    {
      "quarter": "2024-09 (Q3)",
      "signal": "OPERATING LEVERAGE",
      "detail": "Rev growth +15.7% vs OpEx growth +9.2% (leverage: 1.7x)",
      "severity": "MEDIUM"
    },
    {
      "quarter": "2024-09 (Q3)",
      "signal": "INCREMENTAL MARGIN (YoY)",
      "detail": "YoY Incr OPM: +95.1% vs year-ago OPM: +42.4%",
      "severity": "HIGH"
    },
    {
      "quarter": "2024-06 (Q2)",
      "signal": "YoY REVENUE GROWTH ACCELERATION",
      "detail": "YoY growth: -22.3% vs prior quarter YoY: -29.8% (accel: +7.5%)",
      "severity": "MEDIUM"
    },
    {
      "quarter": "2024-06 (Q2)",
      "signal": "INCREMENTAL MARGIN (YoY)",
      "detail": "YoY Incr OPM: +101.9% vs year-ago OPM: +41.3%",
      "severity": "HIGH"
    },
    {
      "quarter": "2024-03 (Q1)",
      "signal": "YoY REVENUE GROWTH ACCELERATION",
      "detail": "YoY growth: -29.8% vs prior quarter YoY: -39.5% (accel: +9.7%)",
      "severity": "MEDIUM"
    },
    {
      "quarter": "2024-03 (Q1)",
      "signal": "INCREMENTAL MARGIN (YoY)",
      "detail": "YoY Incr OPM: +99.4% vs year-ago OPM: +49.1%",
      "severity": "HIGH"
    },
    {
      "quarter": "2023-12 (Q4)",
      "signal": "FCF MARGIN EXPANSION",
      "detail": "FCF margin: +63.3% -> +75.2% (+11.9%)",
      "severity": "MEDIUM"
    },
    {
      "quarter": "2023-12 (Q4)",
      "signal": "YoY REVENUE GROWTH ACCELERATION",
      "detail": "YoY growth: -39.5% vs prior quarter YoY: -46.2% (accel: +6.7%)",
      "severity": "MEDIUM"
    },
    {
      "quarter": "2023-12 (Q4)",
      "signal": "INCREMENTAL MARGIN (YoY)",
      "detail": "YoY Incr OPM: +115.3% vs year-ago OPM: +68.7%",
      "severity": "HIGH"
    },
    {
      "quarter": "2023-09 (Q3)",
      "signal": "FCF MARGIN EXPANSION",
      "detail": "FCF margin: +27.1% -> +63.3% (+36.2%)",
      "severity": "MEDIUM"
    },
    {
      "quarter": "2023-09 (Q3)",
      "signal": "YoY REVENUE GROWTH ACCELERATION",
      "detail": "YoY growth: -46.2% vs prior quarter YoY: -52.1% (accel: +5.9%)",
      "severity": "MEDIUM"
    },
    {
      "quarter": "2023-09 (Q3)",
      "signal": "INCREMENTAL MARGIN (YoY)",
      "detail": "YoY Incr OPM: +114.2% vs year-ago OPM: +75.6%",
      "severity": "HIGH"
    },
    {
      "quarter": "2023-06 (Q2)",
      "signal": "YoY REVENUE GROWTH DECELERATION",
      "detail": "YoY growth: -52.1% vs prior quarter YoY: -24.9% (decel: -27.1%)",
      "severity": "WARNING"
    },
    {
      "quarter": "2023-06 (Q2)",
      "signal": "INCREMENTAL MARGIN (YoY)",
      "detail": "YoY Incr OPM: +95.5% vs year-ago OPM: +69.5%",
      "severity": "HIGH"
    },
    {
      "quarter": "2023-03 (Q1)",
      "signal": "FCF MARGIN EXPANSION",
      "detail": "FCF margin: +30.5% -> +70.6% (+40.1%)",
      "severity": "MEDIUM"
    },
    {
      "quarter": "2023-03 (Q1)",
      "signal": "YoY REVENUE GROWTH DECELERATION",
      "detail": "YoY growth: -24.9% vs prior quarter YoY: +3.0% (decel: -27.9%)",
      "severity": "WARNING"
    },
    {
      "quarter": "2023-03 (Q1)",
      "signal": "INCREMENTAL MARGIN (YoY)",
      "detail": "YoY Incr OPM: +94.8% vs year-ago OPM: +60.5%",
      "severity": "HIGH"
    },
    {
      "quarter": "2022-12 (Q4)",
      "signal": "YoY REVENUE GROWTH DECELERATION",
      "detail": "YoY growth: +3.0% vs prior quarter YoY: +52.2% (decel: -49.2%)",
      "severity": "WARNING"
    },
    {
      "quarter": "2022-12 (Q4)",
      "signal": "INCREMENTAL MARGIN (YoY)",
      "detail": "YoY Incr OPM: +124.7% vs year-ago OPM: +67.0%",
      "severity": "HIGH"
    },
    {
      "quarter": "2022-09 (Q3)",
      "signal": "YoY REVENUE GROWTH DECELERATION",
      "detail": "YoY growth: +52.2% vs prior quarter YoY: +104.0% (decel: -51.8%)",
      "severity": "WARNING"
    },
    {
      "quarter": "2022-09 (Q3)",
      "signal": "INCREMENTAL MARGIN (YoY)",
      "detail": "YoY Incr OPM: +111.6% vs year-ago OPM: +56.8%",
      "severity": "HIGH"
    },
    {
      "quarter": "2022-06 (Q2)",
      "signal": "FCF MARGIN EXPANSION",
      "detail": "FCF margin: +46.2% -> +58.2% (+12.0%)",
      "severity": "MEDIUM"
    },
    {
      "quarter": "2022-06 (Q2)",
      "signal": "YoY REVENUE GROWTH ACCELERATION",
      "detail": "YoY growth: +104.0% vs prior quarter YoY: +71.0% (accel: +33.0%)",
      "severity": "HIGH"
    },
    {
      "quarter": "2022-06 (Q2)",
      "signal": "INCREMENTAL MARGIN (YoY)",
      "detail": "YoY Incr OPM: +91.3% vs year-ago OPM: +46.9%",
      "severity": "HIGH"
    },
    {
      "quarter": "2022-03 (Q1)",
      "signal": "YoY REVENUE GROWTH DECELERATION",
      "detail": "YoY growth: +71.0% vs prior quarter YoY: +79.7% (decel: -8.7%)",
      "severity": "WARNING"
    },
    {
      "quarter": "2021-12 (Q4)",
      "signal": "FCF MARGIN EXPANSION",
      "detail": "FCF margin: +61.9% -> +75.2% (+13.3%)",
      "severity": "MEDIUM"
    },
    {
      "quarter": "2021-12 (Q4)",
      "signal": "INCREMENTAL MARGIN (YoY)",
      "detail": "YoY Incr OPM: +140.0% vs year-ago OPM: +8.9%",
      "severity": "HIGH"
    },
    {
      "quarter": "2021-09 (Q3)",
      "signal": "FCF MARGIN EXPANSION",
      "detail": "FCF margin: +51.5% -> +61.9% (+10.5%)",
      "severity": "MEDIUM"
    },
    {
      "quarter": "2021-09 (Q3)",
      "signal": "OPERATING LEVERAGE",
      "detail": "Rev growth +36.2% vs OpEx growth +10.9% (leverage: 3.3x)",
      "severity": "MEDIUM"
    },
    {
      "quarter": "2021-06 (Q2)",
      "signal": "FCF MARGIN EXPANSION",
      "detail": "FCF margin: +33.4% -> +51.5% (+18.1%)",
      "severity": "MEDIUM"
    }
  ],
  "data_quality": {
    "n_quarters": 20,
    "coverage": {
      "revenue": [
        20,
        20
      ],
      "gross_profit": [
        0,
        20
      ],
      "op_income": [
        20,
        20
      ],
      "fcf": [
        20,
        20
      ]
    },
    "gaps": [],
    "warnings": [
      "gross_profit: no data"
    ]
  },
  "market_cap": null,
  "source": "SEC EDGAR",
  "last_updated": "2026-02-02T22:20:13.318231"
}