{
  "ticker": "SDHC",
  "name": "Smith Douglas Homes Corp.",
  "quarters": [
    {
      "date": "2023-03-31T00:00:00",
      "quarter_label": "2023-03 (Q1)",
      "revenue": 168144000,
      "gross_profit": 48533000,
      "operating_income": null,
      "net_income": null,
      "opex": null,
      "cogs": 119611000,
      "rd": null,
      "sga": 19794000,
      "fcf": 26354000,
      "ocf": 26555000,
      "capex": -201000,
      "gross_margin": 0.2886394994766391,
      "op_margin": null,
      "fcf_margin": 0.15673470358740127
    },
    {
      "date": "2023-06-30T00:00:00",
      "quarter_label": "2023-06 (Q2)",
      "revenue": 181522000,
      "gross_profit": 52698000,
      "operating_income": null,
      "net_income": null,
      "opex": null,
      "cogs": 128824000,
      "rd": null,
      "sga": 21928000,
      "fcf": 9062000,
      "ocf": 9347000,
      "capex": -285000,
      "gross_margin": 0.2903119181146087,
      "op_margin": null,
      "fcf_margin": 0.04992232346492436,
      "fcf_margin_change": -0.1068123801224769
    },
    {
      "date": "2023-09-30T00:00:00",
      "quarter_label": "2023-09 (Q3)",
      "revenue": 197638000,
      "gross_profit": 57090000,
      "operating_income": null,
      "net_income": null,
      "opex": null,
      "cogs": 140548000,
      "rd": null,
      "sga": 22952000,
      "fcf": 18438000,
      "ocf": 19056000,
      "capex": -618000,
      "gross_margin": 0.288861453769012,
      "op_margin": null,
      "fcf_margin": 0.09329177587306085,
      "fcf_margin_change": 0.04336945240813649
    },
    {
      "date": "2023-12-31T00:00:00",
      "quarter_label": "2023-12 (Q4)",
      "revenue": 217327000,
      "gross_profit": 58006000,
      "operating_income": null,
      "net_income": null,
      "opex": null,
      "cogs": 159321000,
      "rd": null,
      "sga": 27768000,
      "fcf": 21095000,
      "ocf": 21299000,
      "capex": -204000,
      "gross_margin": 0.2669065509577733,
      "op_margin": null,
      "fcf_margin": 0.09706571203762072,
      "fcf_margin_change": 0.0037739361645598712
    },
    {
      "date": "2024-03-31T00:00:00",
      "quarter_label": "2024-03 (Q1)",
      "revenue": 189209000,
      "gross_profit": 49460000,
      "operating_income": null,
      "net_income": 2972000,
      "opex": null,
      "cogs": 139749000,
      "rd": null,
      "sga": 27541000,
      "fcf": -9708000,
      "ocf": -9273000,
      "capex": -435000,
      "gross_margin": 0.26140405583243925,
      "op_margin": null,
      "fcf_margin": -0.051308341569375665,
      "rev_growth_yoy": 0.12527952231420686,
      "fcf_margin_change": -0.1483740536069964
    },
    {
      "date": "2024-06-30T00:00:00",
      "quarter_label": "2024-06 (Q2)",
      "revenue": 220933000,
      "gross_profit": 59058000,
      "operating_income": null,
      "net_income": 3646000,
      "opex": null,
      "cogs": 161875000,
      "rd": null,
      "sga": 31809000,
      "fcf": -2099000,
      "ocf": 39000,
      "capex": -2138000,
      "gross_margin": 0.26731180946259725,
      "op_margin": null,
      "fcf_margin": -0.009500617834366076,
      "rev_growth_yoy": 0.21711417899758706,
      "rev_growth_yoy_accel": 0.0918346566833802,
      "fcf_margin_change": 0.041807723735009586
    },
    {
      "date": "2024-09-30T00:00:00",
      "quarter_label": "2024-09 (Q3)",
      "revenue": 277835000,
      "gross_profit": 73695000,
      "operating_income": null,
      "net_income": 5347000,
      "opex": null,
      "cogs": 204140000,
      "rd": null,
      "sga": 34137000,
      "fcf": 22251000,
      "ocf": 22889000,
      "capex": -638000,
      "gross_margin": 0.2652473590440369,
      "op_margin": null,
      "fcf_margin": 0.08008710205697626,
      "rev_growth_yoy": 0.4057772290753802,
      "rev_growth_yoy_accel": 0.18866305007779316,
      "fcf_margin_change": 0.08958771989134234
    },
    {
      "date": "2024-12-31T00:00:00",
      "quarter_label": "2024-12 (Q4)",
      "revenue": 287486000,
      "gross_profit": 73329000,
      "operating_income": null,
      "net_income": 4105000,
      "opex": null,
      "cogs": 214157000,
      "rd": null,
      "sga": 42895000,
      "fcf": 4801000,
      "ocf": 5477000,
      "capex": -676000,
      "gross_margin": 0.2550698120951977,
      "op_margin": null,
      "fcf_margin": 0.016699943649429887,
      "rev_growth_yoy": 0.32282689219471117,
      "rev_growth_yoy_accel": -0.08295033688066905,
      "fcf_margin_change": -0.06338715840754638
    },
    {
      "date": "2025-03-31T00:00:00",
      "quarter_label": "2025-03 (Q1)",
      "revenue": 224722000,
      "gross_profit": 53530000,
      "operating_income": null,
      "net_income": 2683000,
      "opex": null,
      "cogs": 171192000,
      "rd": null,
      "sga": 32999000,
      "fcf": -35940000,
      "ocf": -34905000,
      "capex": -1035000,
      "gross_margin": 0.23820542714998977,
      "op_margin": null,
      "fcf_margin": -0.15993093689091412,
      "rev_growth_yoy": 0.1876919174035062,
      "rev_growth_yoy_accel": -0.13513497479120498,
      "fcf_margin_change": -0.176630880540344
    },
    {
      "date": "2025-06-30T00:00:00",
      "quarter_label": "2025-06 (Q2)",
      "revenue": 223924000,
      "gross_profit": 51939000,
      "operating_income": null,
      "net_income": 2365000,
      "opex": null,
      "cogs": 171985000,
      "rd": null,
      "sga": 34702000,
      "fcf": -31063000,
      "ocf": -28942000,
      "capex": -2121000,
      "gross_margin": 0.23194923277540594,
      "op_margin": null,
      "fcf_margin": -0.13872117325521158,
      "rev_growth_yoy": 0.013538040944539748,
      "rev_growth_yoy_accel": -0.17415387645896643,
      "fcf_margin_change": 0.02120976363570254
    },
    {
      "date": "2025-09-30T00:00:00",
      "quarter_label": "2025-09 (Q3)",
      "revenue": 262041000,
      "gross_profit": 54970000,
      "operating_income": null,
      "net_income": 2126000,
      "opex": null,
      "cogs": 207071000,
      "rd": null,
      "sga": 36088000,
      "fcf": 21397000,
      "ocf": 22753000,
      "capex": -1356000,
      "gross_margin": 0.20977633271129328,
      "op_margin": null,
      "fcf_margin": 0.08165516083361,
      "rev_growth_yoy": -0.05684668958194612,
      "rev_growth_yoy_accel": -0.07038473052648588,
      "fcf_margin_change": 0.22037633408882157
    }
  ],
  "signals": [
    {
      "quarter": "2025-09 (Q3)",
      "signal": "FCF TURNED POSITIVE",
      "detail": "FCF margin: -13.9% -> +8.2%",
      "severity": "HIGH"
    },
    {
      "quarter": "2025-09 (Q3)",
      "signal": "YoY REVENUE GROWTH DECELERATION",
      "detail": "YoY growth: -5.7% vs prior quarter YoY: +1.4% (decel: -7.0%)",
      "severity": "WARNING"
    },
    {
      "quarter": "2025-06 (Q2)",
      "signal": "YoY REVENUE GROWTH DECELERATION",
      "detail": "YoY growth: +1.4% vs prior quarter YoY: +18.8% (decel: -17.4%)",
      "severity": "WARNING"
    },
    {
      "quarter": "2025-03 (Q1)",
      "signal": "YoY REVENUE GROWTH DECELERATION",
      "detail": "YoY growth: +18.8% vs prior quarter YoY: +32.3% (decel: -13.5%)",
      "severity": "WARNING"
    },
    {
      "quarter": "2024-12 (Q4)",
      "signal": "YoY REVENUE GROWTH DECELERATION",
      "detail": "YoY growth: +32.3% vs prior quarter YoY: +40.6% (decel: -8.3%)",
      "severity": "WARNING"
    },
    {
      "quarter": "2024-09 (Q3)",
      "signal": "FCF TURNED POSITIVE",
      "detail": "FCF margin: -1.0% -> +8.0%",
      "severity": "HIGH"
    },
    {
      "quarter": "2024-09 (Q3)",
      "signal": "YoY REVENUE GROWTH ACCELERATION",
      "detail": "YoY growth: +40.6% vs prior quarter YoY: +21.7% (accel: +18.9%)",
      "severity": "HIGH"
    },
    {
      "quarter": "2024-06 (Q2)",
      "signal": "YoY REVENUE GROWTH ACCELERATION",
      "detail": "YoY growth: +21.7% vs prior quarter YoY: +12.5% (accel: +9.2%)",
      "severity": "MEDIUM"
    }
  ],
  "data_quality": {
    "n_quarters": 11,
    "coverage": {
      "revenue": [
        11,
        11
      ],
      "gross_profit": [
        11,
        11
      ],
      "op_income": [
        0,
        11
      ],
      "fcf": [
        11,
        11
      ]
    },
    "gaps": [],
    "warnings": [
      "op_income: no data"
    ]
  },
  "market_cap": null,
  "source": "SEC EDGAR",
  "last_updated": "2026-02-02T23:06:46.018626"
}