{
  "ticker": "SDOT",
  "name": "SADOT GROUP INC.",
  "quarters": [
    {
      "date": "2019-09-30T00:00:00",
      "quarter_label": "2019-09 (Q3)",
      "revenue": 1113458,
      "gross_profit": null,
      "operating_income": null,
      "net_income": null,
      "opex": null,
      "cogs": null,
      "rd": null,
      "sga": null,
      "fcf": null,
      "ocf": null,
      "capex": null,
      "gross_margin": null,
      "op_margin": null,
      "fcf_margin": null
    },
    {
      "date": "2019-12-31T00:00:00",
      "quarter_label": "2019-12 (Q4)",
      "revenue": 1277757,
      "gross_profit": null,
      "operating_income": null,
      "net_income": null,
      "opex": null,
      "cogs": null,
      "rd": null,
      "sga": null,
      "fcf": null,
      "ocf": null,
      "capex": null,
      "gross_margin": null,
      "op_margin": null,
      "fcf_margin": null
    },
    {
      "date": "2020-03-31T00:00:00",
      "quarter_label": "2020-03 (Q1)",
      "revenue": 1435054,
      "gross_profit": null,
      "operating_income": null,
      "net_income": null,
      "opex": null,
      "cogs": null,
      "rd": null,
      "sga": null,
      "fcf": null,
      "ocf": null,
      "capex": null,
      "gross_margin": null,
      "op_margin": null,
      "fcf_margin": null
    },
    {
      "date": "2020-06-30T00:00:00",
      "quarter_label": "2020-06 (Q2)",
      "revenue": 834686,
      "gross_profit": null,
      "operating_income": null,
      "net_income": null,
      "opex": null,
      "cogs": null,
      "rd": null,
      "sga": null,
      "fcf": null,
      "ocf": null,
      "capex": -114494,
      "gross_margin": null,
      "op_margin": null,
      "fcf_margin": null
    },
    {
      "date": "2020-09-30T00:00:00",
      "quarter_label": "2020-09 (Q3)",
      "revenue": 1152545,
      "gross_profit": null,
      "operating_income": null,
      "net_income": null,
      "opex": null,
      "cogs": null,
      "rd": null,
      "sga": null,
      "fcf": -2024388,
      "ocf": -1628042,
      "capex": -396346,
      "gross_margin": null,
      "op_margin": null,
      "fcf_margin": -1.756450290444191,
      "rev_growth_yoy": 0.03510415300801647
    },
    {
      "date": "2020-12-31T00:00:00",
      "quarter_label": "2020-12 (Q4)",
      "revenue": 1072757,
      "gross_profit": null,
      "operating_income": -2470368,
      "net_income": -2443337,
      "opex": null,
      "cogs": null,
      "rd": null,
      "sga": null,
      "fcf": -2536008,
      "ocf": -2323700,
      "capex": -212308,
      "gross_margin": null,
      "op_margin": -2.3028216082486526,
      "fcf_margin": -2.3640097431198304,
      "rev_growth_yoy": -0.16043739146019156,
      "rev_growth_yoy_accel": -0.19554154446820804,
      "fcf_margin_change": -0.6075594526756394
    },
    {
      "date": "2021-03-31T00:00:00",
      "quarter_label": "2021-03 (Q1)",
      "revenue": 1328338,
      "gross_profit": null,
      "operating_income": -3700138,
      "net_income": -3711684,
      "opex": null,
      "cogs": null,
      "rd": null,
      "sga": 2966636,
      "fcf": -1667989,
      "ocf": -1600235,
      "capex": -67754,
      "gross_margin": null,
      "op_margin": -2.785539523826014,
      "fcf_margin": -1.2556962158727674,
      "rev_growth_yoy": -0.07436375216542374,
      "rev_growth_yoy_accel": 0.08607363929476783,
      "fcf_margin_change": 1.108313527247063
    },
    {
      "date": "2021-06-30T00:00:00",
      "quarter_label": "2021-06 (Q2)",
      "revenue": 2739155,
      "gross_profit": null,
      "operating_income": -2327196,
      "net_income": -1122201,
      "opex": null,
      "cogs": null,
      "rd": null,
      "sga": 1994003,
      "fcf": -2130663,
      "ocf": -2100160,
      "capex": -30503,
      "gross_margin": null,
      "op_margin": -0.8496036186342139,
      "fcf_margin": -0.7778541192448036,
      "rev_growth_yoy": 2.28165921076908,
      "rev_growth_yoy_accel": 2.3560229629345035,
      "fcf_margin_change": 0.47784209662796373
    },
    {
      "date": "2021-09-30T00:00:00",
      "quarter_label": "2021-09 (Q3)",
      "revenue": 3350105,
      "gross_profit": null,
      "operating_income": -1636299,
      "net_income": -432630,
      "opex": null,
      "cogs": null,
      "rd": null,
      "sga": 1133978,
      "fcf": -1326305,
      "ocf": -1240701,
      "capex": -85604,
      "gross_margin": null,
      "op_margin": -0.48843215361906567,
      "fcf_margin": -0.3958995315072214,
      "rev_growth_yoy": 1.906702124428981,
      "rev_growth_yoy_accel": -0.37495708634009883,
      "fcf_margin_change": 0.38195458773758223
    },
    {
      "date": "2021-12-31T00:00:00",
      "quarter_label": "2021-12 (Q4)",
      "revenue": 2980464,
      "gross_profit": null,
      "operating_income": -1809038,
      "net_income": -2909615,
      "opex": null,
      "cogs": null,
      "rd": null,
      "sga": 1993813,
      "fcf": -1529773,
      "ocf": -1451615,
      "capex": -78158,
      "gross_margin": null,
      "op_margin": -0.6069652242067007,
      "fcf_margin": -0.5132667262547039,
      "incr_op_margin_yoy": 0.3466622494963849,
      "rev_growth_yoy": 1.7783216515949092,
      "rev_growth_yoy_accel": -0.12838047283407183,
      "fcf_margin_change": -0.11736719474748253
    },
    {
      "date": "2022-03-31T00:00:00",
      "quarter_label": "2022-03 (Q1)",
      "revenue": 2920458,
      "gross_profit": null,
      "operating_income": -1993194,
      "net_income": -1886079,
      "opex": 4907000,
      "cogs": null,
      "rd": null,
      "sga": 1326947,
      "fcf": -964000,
      "ocf": -929000,
      "capex": -35000,
      "gross_margin": null,
      "op_margin": -0.682493636272119,
      "fcf_margin": -0.3300852126618496,
      "incr_op_margin_yoy": 1.0721201919453307,
      "rev_growth_yoy": 1.19858048177497,
      "rev_growth_yoy_accel": -0.5797411698199393,
      "fcf_margin_change": 0.18318151359285434
    },
    {
      "date": "2022-06-30T00:00:00",
      "quarter_label": "2022-06 (Q2)",
      "revenue": 2929384,
      "gross_profit": null,
      "operating_income": -1738420,
      "net_income": -1774144,
      "opex": 4667000,
      "cogs": null,
      "rd": null,
      "sga": 1126857,
      "fcf": -1224000,
      "ocf": -976000,
      "capex": -248000,
      "gross_margin": null,
      "op_margin": -0.593442170777201,
      "fcf_margin": -0.4178352855071237,
      "rev_growth_yoy": 0.06944805971184544,
      "rev_growth_yoy_accel": -1.1291324220631245,
      "fcf_margin_change": -0.08775007284527409
    },
    {
      "date": "2022-09-30T00:00:00",
      "quarter_label": "2022-09 (Q3)",
      "revenue": 2823559,
      "gross_profit": 113559,
      "operating_income": -1961710,
      "net_income": -1897554,
      "opex": 4786000,
      "cogs": 2710000,
      "rd": null,
      "sga": 1251246,
      "fcf": -1800000,
      "ocf": -1508000,
      "capex": -292000,
      "gross_margin": 0.040218391044777174,
      "op_margin": -0.6947650111083211,
      "fcf_margin": -0.637493319601255,
      "rev_growth_yoy": -0.15717298413034816,
      "rev_growth_yoy_accel": -0.22662104384219361,
      "fcf_margin_change": -0.21965803409413132
    },
    {
      "date": "2022-12-31T00:00:00",
      "quarter_label": "2022-12 (Q4)",
      "revenue": 153025016,
      "gross_profit": 4552016,
      "operating_income": -2430046,
      "net_income": -2404651,
      "opex": 6982062,
      "cogs": 148473000,
      "rd": null,
      "sga": 2447222,
      "fcf": 3193000,
      "ocf": 3215000,
      "capex": -22000,
      "gross_margin": 0.029746874850841383,
      "op_margin": -0.015880057153531028,
      "fcf_margin": 0.020865869407914326,
      "incr_op_margin_yoy": -0.004138824047406933,
      "rev_growth_yoy": 50.34268221323928,
      "rev_growth_yoy_accel": 50.49985519736963,
      "op_leverage_ratio": 115.93254656060472,
      "fcf_margin_change": 0.6583591890091693
    },
    {
      "date": "2023-03-31T00:00:00",
      "quarter_label": "2023-03 (Q1)",
      "revenue": 212967000,
      "gross_profit": 4673000,
      "operating_income": -1607000,
      "net_income": -1066000,
      "opex": 214574000,
      "cogs": 208294000,
      "rd": null,
      "sga": 2142000,
      "fcf": -3391000,
      "ocf": -3282000,
      "capex": -109000,
      "gross_margin": 0.021942366657745096,
      "op_margin": -0.007545770001925181,
      "fcf_margin": -0.015922654683589475,
      "incr_op_margin_yoy": 0.0018386115587658662,
      "rev_growth_yoy": 71.92246627070138,
      "rev_growth_yoy_accel": 21.5797840574621,
      "op_leverage_ratio": 0.013174735274041225,
      "fcf_margin_change": -0.0367885240915038
    },
    {
      "date": "2023-06-30T00:00:00",
      "quarter_label": "2023-06 (Q2)",
      "revenue": 160317000,
      "gross_profit": 3078000,
      "operating_income": -360000,
      "net_income": 190000,
      "opex": 160677000,
      "cogs": 157239000,
      "rd": null,
      "sga": 1888000,
      "fcf": -1070000,
      "ocf": -932000,
      "capex": -138000,
      "gross_margin": 0.0191994610677595,
      "op_margin": -0.0022455510020771346,
      "fcf_margin": -0.006674276589507039,
      "incr_op_margin_yoy": 0.008758122367137196,
      "rev_growth_yoy": 53.727205446605836,
      "rev_growth_yoy_accel": -18.19526082409554,
      "fcf_margin_change": 0.009248378094082434
    },
    {
      "date": "2023-09-30T00:00:00",
      "quarter_label": "2023-09 (Q3)",
      "revenue": 182173000,
      "gross_profit": 2905000,
      "operating_income": -3972000,
      "net_income": -5183000,
      "opex": 186145000,
      "cogs": 179268000,
      "rd": null,
      "sga": 3310000,
      "fcf": -16665000,
      "ocf": -4465000,
      "capex": -12200000,
      "gross_margin": 0.01594638063818458,
      "op_margin": -0.02180345056622002,
      "fcf_margin": -0.09147897877292464,
      "incr_op_margin_yoy": -0.011208788768959699,
      "rev_growth_yoy": 63.51892806206635,
      "rev_growth_yoy_accel": 9.791722615460515,
      "op_leverage_ratio": 0.8601020403133893,
      "fcf_margin_change": -0.08480470218341761
    },
    {
      "date": "2023-12-31T00:00:00",
      "quarter_label": "2023-12 (Q4)",
      "revenue": 162049000,
      "gross_profit": -723000,
      "operating_income": -3829000,
      "net_income": -1765000,
      "opex": 3106000,
      "cogs": 171952000,
      "rd": null,
      "sga": 2229000,
      "fcf": 437000,
      "ocf": -4732000,
      "capex": 5169000,
      "gross_margin": -0.004461613462594647,
      "op_margin": -0.023628655530117434,
      "fcf_margin": 0.002696715191084178,
      "incr_op_margin_yoy": -0.1550262057202229,
      "rev_growth_yoy": 0.058970645688414765,
      "rev_growth_yoy_accel": -63.45995741637794,
      "fcf_margin_change": 0.09417569396400882
    },
    {
      "date": "2024-03-31T00:00:00",
      "quarter_label": "2024-03 (Q1)",
      "revenue": 106500000,
      "gross_profit": -340000,
      "operating_income": -3546000,
      "net_income": -265000,
      "opex": 3206000,
      "cogs": 108276000,
      "rd": null,
      "sga": 2096000,
      "fcf": 2588000,
      "ocf": 2599000,
      "capex": -11000,
      "gross_margin": -0.003192488262910798,
      "op_margin": -0.03329577464788733,
      "fcf_margin": 0.024300469483568076,
      "incr_op_margin_yoy": 0.01821221599180967,
      "rev_growth_yoy": -0.49992252320782093,
      "rev_growth_yoy_accel": -0.5588931688962357,
      "fcf_margin_change": 0.021603754292483898
    },
    {
      "date": "2025-03-31T00:00:00",
      "quarter_label": "2025-03 (Q1)",
      "revenue": 132200000,
      "gross_profit": 6012000,
      "operating_income": 1476000,
      "net_income": 938000,
      "opex": 4536000,
      "cogs": 126156000,
      "rd": null,
      "sga": 3081000,
      "fcf": -2900000,
      "ocf": -2900000,
      "capex": null,
      "gross_margin": 0.04547655068078669,
      "op_margin": 0.011164901664145235,
      "fcf_margin": -0.02193645990922844,
      "incr_op_margin_yoy": 0.19540856031128404,
      "rev_growth_yoy": 0.24131455399061033,
      "rev_growth_yoy_accel": 0.7412370771984312,
      "op_leverage_ratio": 0.5816950827773659,
      "fcf_margin_change": -0.046236929392796514
    }
  ],
  "signals": [
    {
      "quarter": "2025-03 (Q1)",
      "signal": "YoY REVENUE GROWTH ACCELERATION",
      "detail": "YoY growth: +24.1% vs prior quarter YoY: -50.0% (accel: +74.1%)",
      "severity": "HIGH"
    },
    {
      "quarter": "2025-03 (Q1)",
      "signal": "OP MARGIN TURNED POSITIVE (YoY)",
      "detail": "Op margin: -3.3% (year-ago) -> +1.1%",
      "severity": "HIGH"
    },
    {
      "quarter": "2025-03 (Q1)",
      "signal": "OP MARGIN TURNED POSITIVE (QoQ)",
      "detail": "Op margin: -3.3% -> +1.1%",
      "severity": "HIGH"
    },
    {
      "quarter": "2024-03 (Q1)",
      "signal": "YoY REVENUE GROWTH DECELERATION",
      "detail": "YoY growth: -50.0% vs prior quarter YoY: +5.9% (decel: -55.9%)",
      "severity": "WARNING"
    },
    {
      "quarter": "2023-12 (Q4)",
      "signal": "FCF TURNED POSITIVE",
      "detail": "FCF margin: -9.1% -> +0.3%",
      "severity": "HIGH"
    },
    {
      "quarter": "2023-12 (Q4)",
      "signal": "YoY REVENUE GROWTH DECELERATION",
      "detail": "YoY growth: +5.9% vs prior quarter YoY: +6351.9% (decel: -6346.0%)",
      "severity": "WARNING"
    },
    {
      "quarter": "2023-09 (Q3)",
      "signal": "YoY REVENUE GROWTH ACCELERATION",
      "detail": "YoY growth: +6351.9% vs prior quarter YoY: +5372.7% (accel: +979.2%)",
      "severity": "HIGH"
    },
    {
      "quarter": "2023-06 (Q2)",
      "signal": "YoY REVENUE GROWTH DECELERATION",
      "detail": "YoY growth: +5372.7% vs prior quarter YoY: +7192.2% (decel: -1819.5%)",
      "severity": "WARNING"
    },
    {
      "quarter": "2023-03 (Q1)",
      "signal": "YoY REVENUE GROWTH ACCELERATION",
      "detail": "YoY growth: +7192.2% vs prior quarter YoY: +5034.3% (accel: +2158.0%)",
      "severity": "HIGH"
    },
    {
      "quarter": "2022-12 (Q4)",
      "signal": "FCF TURNED POSITIVE",
      "detail": "FCF margin: -63.7% -> +2.1%",
      "severity": "HIGH"
    },
    {
      "quarter": "2022-12 (Q4)",
      "signal": "OPERATING LEVERAGE",
      "detail": "Rev growth +5319.6% vs OpEx growth +45.9% (leverage: 115.9x)",
      "severity": "MEDIUM"
    },
    {
      "quarter": "2022-12 (Q4)",
      "signal": "YoY REVENUE GROWTH ACCELERATION",
      "detail": "YoY growth: +5034.3% vs prior quarter YoY: -15.7% (accel: +5050.0%)",
      "severity": "HIGH"
    },
    {
      "quarter": "2022-09 (Q3)",
      "signal": "YoY REVENUE GROWTH DECELERATION",
      "detail": "YoY growth: -15.7% vs prior quarter YoY: +6.9% (decel: -22.7%)",
      "severity": "WARNING"
    },
    {
      "quarter": "2022-06 (Q2)",
      "signal": "YoY REVENUE GROWTH DECELERATION",
      "detail": "YoY growth: +6.9% vs prior quarter YoY: +119.9% (decel: -112.9%)",
      "severity": "WARNING"
    },
    {
      "quarter": "2022-03 (Q1)",
      "signal": "FCF MARGIN EXPANSION",
      "detail": "FCF margin: -51.3% -> -33.0% (+18.3%)",
      "severity": "MEDIUM"
    },
    {
      "quarter": "2022-03 (Q1)",
      "signal": "YoY REVENUE GROWTH DECELERATION",
      "detail": "YoY growth: +119.9% vs prior quarter YoY: +177.8% (decel: -58.0%)",
      "severity": "WARNING"
    },
    {
      "quarter": "2021-12 (Q4)",
      "signal": "YoY REVENUE GROWTH DECELERATION",
      "detail": "YoY growth: +177.8% vs prior quarter YoY: +190.7% (decel: -12.8%)",
      "severity": "WARNING"
    },
    {
      "quarter": "2021-09 (Q3)",
      "signal": "FCF MARGIN EXPANSION",
      "detail": "FCF margin: -77.8% -> -39.6% (+38.2%)",
      "severity": "MEDIUM"
    },
    {
      "quarter": "2021-09 (Q3)",
      "signal": "YoY REVENUE GROWTH DECELERATION",
      "detail": "YoY growth: +190.7% vs prior quarter YoY: +228.2% (decel: -37.5%)",
      "severity": "WARNING"
    },
    {
      "quarter": "2021-06 (Q2)",
      "signal": "FCF MARGIN EXPANSION",
      "detail": "FCF margin: -125.6% -> -77.8% (+47.8%)",
      "severity": "MEDIUM"
    },
    {
      "quarter": "2021-06 (Q2)",
      "signal": "YoY REVENUE GROWTH ACCELERATION",
      "detail": "YoY growth: +228.2% vs prior quarter YoY: -7.4% (accel: +235.6%)",
      "severity": "HIGH"
    },
    {
      "quarter": "2021-03 (Q1)",
      "signal": "FCF MARGIN EXPANSION",
      "detail": "FCF margin: -236.4% -> -125.6% (+110.8%)",
      "severity": "MEDIUM"
    },
    {
      "quarter": "2021-03 (Q1)",
      "signal": "YoY REVENUE GROWTH ACCELERATION",
      "detail": "YoY growth: -7.4% vs prior quarter YoY: -16.0% (accel: +8.6%)",
      "severity": "MEDIUM"
    },
    {
      "quarter": "2020-12 (Q4)",
      "signal": "YoY REVENUE GROWTH DECELERATION",
      "detail": "YoY growth: -16.0% vs prior quarter YoY: +3.5% (decel: -19.6%)",
      "severity": "WARNING"
    }
  ],
  "data_quality": {
    "n_quarters": 20,
    "coverage": {
      "revenue": [
        20,
        20
      ],
      "gross_profit": [
        8,
        20
      ],
      "op_income": [
        15,
        20
      ],
      "fcf": [
        16,
        20
      ]
    },
    "gaps": [
      [
        "2024-03 (Q1)",
        "2025-03 (Q1)",
        365
      ]
    ],
    "warnings": [
      "gross_profit: 8/20Q",
      "op_income: 15/20Q",
      "gap: 3Q missing between 2024-03 (Q1) and 2025-03 (Q1)"
    ]
  },
  "market_cap": null,
  "source": "SEC EDGAR",
  "last_updated": "2026-02-03T00:20:47.306233"
}