{
  "ticker": "SDRL",
  "name": "SEADRILL LIMITED",
  "quarters": [
    {
      "date": "2019-06-30T00:00:00",
      "quarter_label": "2019-06 (Q2)",
      "revenue": 321000000,
      "gross_profit": null,
      "operating_income": -73000000,
      "net_income": -203000000,
      "opex": 397000000,
      "cogs": null,
      "rd": null,
      "sga": null,
      "fcf": null,
      "ocf": null,
      "capex": null,
      "gross_margin": null,
      "op_margin": -0.22741433021806853,
      "fcf_margin": null
    },
    {
      "date": "2020-06-30T00:00:00",
      "quarter_label": "2020-06 (Q2)",
      "revenue": 277000000,
      "gross_profit": null,
      "operating_income": -88000000,
      "net_income": -181000000,
      "opex": 365000000,
      "cogs": null,
      "rd": null,
      "sga": null,
      "fcf": null,
      "ocf": null,
      "capex": null,
      "gross_margin": null,
      "op_margin": -0.3176895306859206,
      "fcf_margin": null,
      "incr_op_margin_yoy": 0.3409090909090909,
      "rev_growth_yoy": -0.13707165109034267
    },
    {
      "date": "2021-06-30T00:00:00",
      "quarter_label": "2021-06 (Q2)",
      "revenue": 219000000,
      "gross_profit": null,
      "operating_income": -228000000,
      "net_income": null,
      "opex": 306000000,
      "cogs": null,
      "rd": null,
      "sga": 21000000,
      "fcf": null,
      "ocf": null,
      "capex": null,
      "gross_margin": null,
      "op_margin": -1.0410958904109588,
      "fcf_margin": null,
      "incr_op_margin_yoy": 2.413793103448276,
      "rev_growth_yoy": -0.20938628158844766,
      "rev_growth_yoy_accel": -0.07231463049810499
    },
    {
      "date": "2022-06-30T00:00:00",
      "quarter_label": "2022-06 (Q2)",
      "revenue": 284000000,
      "gross_profit": null,
      "operating_income": 25000000,
      "net_income": null,
      "opex": 259000000,
      "cogs": null,
      "rd": null,
      "sga": 19000000,
      "fcf": null,
      "ocf": null,
      "capex": null,
      "gross_margin": null,
      "op_margin": 0.0880281690140845,
      "fcf_margin": null,
      "incr_op_margin_yoy": 3.8923076923076922,
      "rev_growth_yoy": 0.2968036529680365,
      "rev_growth_yoy_accel": 0.5061899345564842,
      "op_leverage_ratio": Infinity
    },
    {
      "date": "2023-06-30T00:00:00",
      "quarter_label": "2023-06 (Q2)",
      "revenue": 414000000,
      "gross_profit": null,
      "operating_income": 109000000,
      "net_income": null,
      "opex": 308000000,
      "cogs": null,
      "rd": null,
      "sga": 14000000,
      "fcf": null,
      "ocf": null,
      "capex": null,
      "gross_margin": null,
      "op_margin": 0.2632850241545894,
      "fcf_margin": null,
      "incr_op_margin_yoy": 0.6461538461538462,
      "rev_growth_yoy": 0.45774647887323944,
      "rev_growth_yoy_accel": 0.16094282590520292,
      "op_leverage_ratio": 2.419517102615694
    },
    {
      "date": "2024-03-31T00:00:00",
      "quarter_label": "2024-03 (Q1)",
      "revenue": 367000000,
      "gross_profit": null,
      "operating_income": 80000000,
      "net_income": 60000000,
      "opex": 303000000,
      "cogs": null,
      "rd": null,
      "sga": 25000000,
      "fcf": 29000000,
      "ocf": 29000000,
      "capex": null,
      "gross_margin": null,
      "op_margin": 0.21798365122615804,
      "fcf_margin": 0.07901907356948229
    },
    {
      "date": "2024-06-30T00:00:00",
      "quarter_label": "2024-06 (Q2)",
      "revenue": 375000000,
      "gross_profit": null,
      "operating_income": 288000000,
      "net_income": 253000000,
      "opex": 290000000,
      "cogs": null,
      "rd": null,
      "sga": 24000000,
      "fcf": 79000000,
      "ocf": 79000000,
      "capex": null,
      "gross_margin": null,
      "op_margin": 0.768,
      "fcf_margin": 0.21066666666666667,
      "incr_op_margin_yoy": -4.589743589743589,
      "rev_growth_yoy": -0.09420289855072464,
      "op_leverage_ratio": Infinity,
      "fcf_margin_change": 0.13164759309718438
    },
    {
      "date": "2024-09-30T00:00:00",
      "quarter_label": "2024-09 (Q3)",
      "revenue": 354000000,
      "gross_profit": null,
      "operating_income": 47000000,
      "net_income": 32000000,
      "opex": 307000000,
      "cogs": null,
      "rd": null,
      "sga": 27000000,
      "fcf": -27000000,
      "ocf": -27000000,
      "capex": null,
      "gross_margin": null,
      "op_margin": 0.1327683615819209,
      "fcf_margin": -0.07627118644067797,
      "fcf_margin_change": -0.28693785310734465
    },
    {
      "date": "2024-12-31T00:00:00",
      "quarter_label": "2024-12 (Q4)",
      "revenue": 289000000,
      "gross_profit": null,
      "operating_income": -3000000,
      "net_income": null,
      "opex": 323000000,
      "cogs": null,
      "rd": null,
      "sga": 31000000,
      "fcf": 7000000,
      "ocf": 7000000,
      "capex": null,
      "gross_margin": null,
      "op_margin": -0.010380622837370242,
      "fcf_margin": 0.02422145328719723,
      "fcf_margin_change": 0.1004926397278752
    },
    {
      "date": "2025-03-31T00:00:00",
      "quarter_label": "2025-03 (Q1)",
      "revenue": 335000000,
      "gross_profit": null,
      "operating_income": 18000000,
      "net_income": -14000000,
      "opex": 317000000,
      "cogs": null,
      "rd": null,
      "sga": 23000000,
      "fcf": -27000000,
      "ocf": -27000000,
      "capex": null,
      "gross_margin": null,
      "op_margin": 0.05373134328358209,
      "fcf_margin": -0.08059701492537313,
      "incr_op_margin_yoy": 1.9375,
      "rev_growth_yoy": -0.08719346049046321,
      "op_leverage_ratio": Infinity,
      "fcf_margin_change": -0.10481846821257036
    },
    {
      "date": "2025-06-30T00:00:00",
      "quarter_label": "2025-06 (Q2)",
      "revenue": 377000000,
      "gross_profit": null,
      "operating_income": 6000000,
      "net_income": -42000000,
      "opex": 371000000,
      "cogs": null,
      "rd": null,
      "sga": 26000000,
      "fcf": 11000000,
      "ocf": 11000000,
      "capex": null,
      "gross_margin": null,
      "op_margin": 0.015915119363395226,
      "fcf_margin": 0.029177718832891247,
      "incr_op_margin_yoy": -141.0,
      "rev_growth_yoy": 0.005333333333333333,
      "rev_growth_yoy_accel": 0.09252679382379654,
      "op_leverage_ratio": 0.7359867330016583,
      "fcf_margin_change": 0.10977473375826438
    },
    {
      "date": "2025-09-30T00:00:00",
      "quarter_label": "2025-09 (Q3)",
      "revenue": 363000000,
      "gross_profit": null,
      "operating_income": 26000000,
      "net_income": -11000000,
      "opex": 337000000,
      "cogs": null,
      "rd": null,
      "sga": 27000000,
      "fcf": 28000000,
      "ocf": 28000000,
      "capex": null,
      "gross_margin": null,
      "op_margin": 0.07162534435261708,
      "fcf_margin": 0.07713498622589532,
      "incr_op_margin_yoy": -2.3333333333333335,
      "rev_growth_yoy": 0.025423728813559324,
      "rev_growth_yoy_accel": 0.02009039548022599,
      "fcf_margin_change": 0.04795726739300407
    }
  ],
  "signals": [
    {
      "quarter": "2025-06 (Q2)",
      "signal": "FCF TURNED POSITIVE",
      "detail": "FCF margin: -8.1% -> +2.9%",
      "severity": "HIGH"
    },
    {
      "quarter": "2025-06 (Q2)",
      "signal": "YoY REVENUE GROWTH ACCELERATION",
      "detail": "YoY growth: +0.5% vs prior quarter YoY: -8.7% (accel: +9.3%)",
      "severity": "MEDIUM"
    },
    {
      "quarter": "2025-03 (Q1)",
      "signal": "INCREMENTAL MARGIN (YoY)",
      "detail": "YoY Incr OPM: +193.8% vs year-ago OPM: +21.8%",
      "severity": "HIGH"
    },
    {
      "quarter": "2025-03 (Q1)",
      "signal": "OP MARGIN TURNED POSITIVE (QoQ)",
      "detail": "Op margin: -1.0% -> +5.4%",
      "severity": "HIGH"
    },
    {
      "quarter": "2024-12 (Q4)",
      "signal": "FCF TURNED POSITIVE",
      "detail": "FCF margin: -7.6% -> +2.4%",
      "severity": "HIGH"
    },
    {
      "quarter": "2024-06 (Q2)",
      "signal": "FCF MARGIN EXPANSION",
      "detail": "FCF margin: +7.9% -> +21.1% (+13.2%)",
      "severity": "MEDIUM"
    },
    {
      "quarter": "2023-06 (Q2)",
      "signal": "OPERATING LEVERAGE",
      "detail": "Rev growth +45.8% vs OpEx growth +18.9% (leverage: 2.4x)",
      "severity": "MEDIUM"
    },
    {
      "quarter": "2023-06 (Q2)",
      "signal": "YoY REVENUE GROWTH ACCELERATION",
      "detail": "YoY growth: +45.8% vs prior quarter YoY: +29.7% (accel: +16.1%)",
      "severity": "HIGH"
    },
    {
      "quarter": "2023-06 (Q2)",
      "signal": "INCREMENTAL MARGIN (YoY)",
      "detail": "YoY Incr OPM: +64.6% vs year-ago OPM: +8.8%",
      "severity": "HIGH"
    },
    {
      "quarter": "2022-06 (Q2)",
      "signal": "YoY REVENUE GROWTH ACCELERATION",
      "detail": "YoY growth: +29.7% vs prior quarter YoY: -20.9% (accel: +50.6%)",
      "severity": "HIGH"
    },
    {
      "quarter": "2022-06 (Q2)",
      "signal": "OP MARGIN TURNED POSITIVE (YoY)",
      "detail": "Op margin: -104.1% (year-ago) -> +8.8%",
      "severity": "HIGH"
    },
    {
      "quarter": "2022-06 (Q2)",
      "signal": "OP MARGIN TURNED POSITIVE (QoQ)",
      "detail": "Op margin: -104.1% -> +8.8%",
      "severity": "HIGH"
    },
    {
      "quarter": "2021-06 (Q2)",
      "signal": "YoY REVENUE GROWTH DECELERATION",
      "detail": "YoY growth: -20.9% vs prior quarter YoY: -13.7% (decel: -7.2%)",
      "severity": "WARNING"
    }
  ],
  "data_quality": {
    "n_quarters": 12,
    "coverage": {
      "revenue": [
        12,
        12
      ],
      "gross_profit": [
        0,
        12
      ],
      "op_income": [
        12,
        12
      ],
      "fcf": [
        7,
        12
      ]
    },
    "gaps": [
      [
        "2019-06 (Q2)",
        "2020-06 (Q2)",
        366
      ],
      [
        "2020-06 (Q2)",
        "2021-06 (Q2)",
        365
      ],
      [
        "2021-06 (Q2)",
        "2022-06 (Q2)",
        365
      ],
      [
        "2022-06 (Q2)",
        "2023-06 (Q2)",
        365
      ],
      [
        "2023-06 (Q2)",
        "2024-03 (Q1)",
        275
      ]
    ],
    "warnings": [
      "gross_profit: no data",
      "fcf: 7/12Q",
      "gap: 3Q missing between 2019-06 (Q2) and 2020-06 (Q2)",
      "gap: 3Q missing between 2020-06 (Q2) and 2021-06 (Q2)",
      "gap: 3Q missing between 2021-06 (Q2) and 2022-06 (Q2)",
      "gap: 3Q missing between 2022-06 (Q2) and 2023-06 (Q2)",
      "gap: 2Q missing between 2023-06 (Q2) and 2024-03 (Q1)"
    ]
  },
  "market_cap": null,
  "source": "SEC EDGAR",
  "last_updated": "2026-02-02T21:30:02.083354"
}