{
  "ticker": "SEAL-PA",
  "name": "SEAPEAK LLC",
  "quarters": [
    {
      "date": "2017-06-30T00:00:00",
      "quarter_label": "2017-06 (Q2)",
      "revenue": 100904000,
      "gross_profit": null,
      "operating_income": 29871000,
      "net_income": null,
      "opex": null,
      "cogs": null,
      "rd": null,
      "sga": null,
      "fcf": null,
      "ocf": null,
      "capex": null,
      "gross_margin": null,
      "op_margin": 0.29603385396019977,
      "fcf_margin": null
    },
    {
      "date": "2017-09-30T00:00:00",
      "quarter_label": "2017-09 (Q3)",
      "revenue": 104285000,
      "gross_profit": 102819000,
      "operating_income": 10322000,
      "net_income": null,
      "opex": 92497000,
      "cogs": 1466000,
      "rd": null,
      "sga": null,
      "fcf": -36015000,
      "ocf": 69735000,
      "capex": -105750000,
      "gross_margin": 0.9859423694682841,
      "op_margin": 0.09897876012849403,
      "fcf_margin": -0.34535168049096227
    },
    {
      "date": "2017-12-31T00:00:00",
      "quarter_label": "2017-12 (Q4)",
      "revenue": 126307000,
      "gross_profit": 122004000,
      "operating_income": 62378000,
      "net_income": null,
      "opex": 59626000,
      "cogs": 4303000,
      "rd": null,
      "sga": null,
      "fcf": -290859000,
      "ocf": 67612000,
      "capex": -358471000,
      "gross_margin": 0.9659322127831395,
      "op_margin": 0.493860197772095,
      "fcf_margin": -2.3027939860815314,
      "op_leverage_ratio": Infinity,
      "fcf_margin_change": -1.9574423055905692
    },
    {
      "date": "2018-06-30T00:00:00",
      "quarter_label": "2018-06 (Q2)",
      "revenue": 122315000,
      "gross_profit": 114364000,
      "operating_income": 10505000,
      "net_income": null,
      "opex": 103859000,
      "cogs": 7951000,
      "rd": null,
      "sga": null,
      "fcf": null,
      "ocf": null,
      "capex": null,
      "gross_margin": 0.9349957078036218,
      "op_margin": 0.08588480562482116,
      "fcf_margin": null,
      "incr_op_margin_yoy": -0.9044883471112979,
      "rev_growth_yoy": 0.21219178625227939
    },
    {
      "date": "2018-09-30T00:00:00",
      "quarter_label": "2018-09 (Q3)",
      "revenue": 123336000,
      "gross_profit": 115380000,
      "operating_income": 46998000,
      "net_income": null,
      "opex": 68382000,
      "cogs": 7956000,
      "rd": null,
      "sga": null,
      "fcf": -273225000,
      "ocf": -25361000,
      "capex": -247864000,
      "gross_margin": 0.9354932866316404,
      "op_margin": 0.38105662580268534,
      "fcf_margin": -2.21528993967698,
      "incr_op_margin_yoy": 1.925148286179203,
      "rev_growth_yoy": 0.1826820731648847,
      "rev_growth_yoy_accel": -0.029509713087394696
    },
    {
      "date": "2018-12-31T00:00:00",
      "quarter_label": "2018-12 (Q4)",
      "revenue": 149805000,
      "gross_profit": 143276000,
      "operating_income": 65164000,
      "net_income": null,
      "opex": 78112000,
      "cogs": 6529000,
      "rd": null,
      "sga": null,
      "fcf": -54005000,
      "ocf": 72971000,
      "capex": -126976000,
      "gross_margin": 0.9564166750108475,
      "op_margin": 0.4349921564700778,
      "fcf_margin": -0.36050198591502286,
      "incr_op_margin_yoy": 0.11856328198144522,
      "rev_growth_yoy": 0.18603877853167283,
      "rev_growth_yoy_accel": 0.003356705366788143,
      "op_leverage_ratio": 1.50826145688403,
      "fcf_margin_change": 1.8547879537619572
    },
    {
      "date": "2019-06-30T00:00:00",
      "quarter_label": "2019-06 (Q2)",
      "revenue": 153060000,
      "gross_profit": 147037000,
      "operating_income": 74677000,
      "net_income": null,
      "opex": 72360000,
      "cogs": 6023000,
      "rd": null,
      "sga": null,
      "fcf": null,
      "ocf": null,
      "capex": null,
      "gross_margin": 0.9606494185286816,
      "op_margin": 0.4878936364824252,
      "fcf_margin": null,
      "incr_op_margin_yoy": 2.087233696536022,
      "rev_growth_yoy": 0.25135919551976454,
      "rev_growth_yoy_accel": 0.06532041698809171,
      "op_leverage_ratio": Infinity
    },
    {
      "date": "2019-09-30T00:00:00",
      "quarter_label": "2019-09 (Q3)",
      "revenue": 149655000,
      "gross_profit": 144694000,
      "operating_income": 71611000,
      "net_income": null,
      "opex": 73083000,
      "cogs": 4961000,
      "rd": null,
      "sga": null,
      "fcf": 76157000,
      "ocf": 85085000,
      "capex": -8928000,
      "gross_margin": 0.9668504226387358,
      "op_margin": 0.47850723330326417,
      "fcf_margin": 0.5088837659951221,
      "incr_op_margin_yoy": 0.9351799080512178,
      "rev_growth_yoy": 0.21339268340143996,
      "rev_growth_yoy_accel": -0.03796651211832458
    },
    {
      "date": "2019-12-31T00:00:00",
      "quarter_label": "2019-12 (Q4)",
      "revenue": 148797000,
      "gross_profit": 144169000,
      "operating_income": 83604000,
      "net_income": null,
      "opex": 60565000,
      "cogs": 4628000,
      "rd": null,
      "sga": null,
      "fcf": 90574000,
      "ocf": 96966000,
      "capex": -6392000,
      "gross_margin": 0.9688972223902363,
      "op_margin": 0.5618661666565858,
      "fcf_margin": 0.6087085089081097,
      "incr_op_margin_yoy": -18.293650793650794,
      "rev_growth_yoy": -0.006728747371583058,
      "rev_growth_yoy_accel": -0.220121430773023,
      "fcf_margin_change": 0.0998247429129876
    },
    {
      "date": "2020-06-30T00:00:00",
      "quarter_label": "2020-06 (Q2)",
      "revenue": 148205000,
      "gross_profit": 142876000,
      "operating_income": 69589000,
      "net_income": null,
      "opex": 73287000,
      "cogs": 5329000,
      "rd": null,
      "sga": null,
      "fcf": null,
      "ocf": null,
      "capex": null,
      "gross_margin": 0.9640430484801458,
      "op_margin": 0.46954556189062446,
      "fcf_margin": null,
      "incr_op_margin_yoy": 1.0479917610710607,
      "rev_growth_yoy": -0.03171958709003005,
      "rev_growth_yoy_accel": -0.024990839718446997
    },
    {
      "date": "2020-09-30T00:00:00",
      "quarter_label": "2020-09 (Q3)",
      "revenue": 148935000,
      "gross_profit": 144985000,
      "operating_income": 69597000,
      "net_income": null,
      "opex": 75388000,
      "cogs": 3950000,
      "rd": null,
      "sga": null,
      "fcf": 87945000,
      "ocf": 88710000,
      "capex": -765000,
      "gross_margin": 0.973478363044281,
      "op_margin": 0.4672978144828281,
      "fcf_margin": 0.59049249672676,
      "rev_growth_yoy": -0.004811065450536233,
      "rev_growth_yoy_accel": 0.02690852163949382
    },
    {
      "date": "2020-12-31T00:00:00",
      "quarter_label": "2020-12 (Q4)",
      "revenue": 154076000,
      "gross_profit": 148278000,
      "operating_income": 65169000,
      "net_income": null,
      "opex": 83109000,
      "cogs": 5798000,
      "rd": null,
      "sga": null,
      "fcf": 100049000,
      "ocf": 100934000,
      "capex": -885000,
      "gross_margin": 0.9623692203847451,
      "op_margin": 0.422966587917651,
      "fcf_margin": 0.6493483735299462,
      "incr_op_margin_yoy": -3.4921386626254973,
      "rev_growth_yoy": 0.035477865817187176,
      "rev_growth_yoy_accel": 0.04028893126772341,
      "op_leverage_ratio": 0.3370384924432625,
      "fcf_margin_change": 0.05885587680318627
    },
    {
      "date": "2021-06-30T00:00:00",
      "quarter_label": "2021-06 (Q2)",
      "revenue": 148769000,
      "gross_profit": 142409000,
      "operating_income": 64736000,
      "net_income": null,
      "opex": 77673000,
      "cogs": 6360000,
      "rd": null,
      "sga": null,
      "fcf": null,
      "ocf": null,
      "capex": null,
      "gross_margin": 0.9572491580907313,
      "op_margin": 0.4351444185280536,
      "fcf_margin": null,
      "rev_growth_yoy": 0.003805539624169225,
      "rev_growth_yoy_accel": -0.03167232619301795
    },
    {
      "date": "2021-09-30T00:00:00",
      "quarter_label": "2021-09 (Q3)",
      "revenue": 146577000,
      "gross_profit": 139356000,
      "operating_income": 57644000,
      "net_income": null,
      "opex": 81712000,
      "cogs": 7221000,
      "rd": null,
      "sga": null,
      "fcf": 39628000,
      "ocf": 52113000,
      "capex": -12485000,
      "gross_margin": 0.9507357907447963,
      "op_margin": 0.3932677022998151,
      "fcf_margin": 0.2703561950374206,
      "incr_op_margin_yoy": 5.0691263782866836,
      "rev_growth_yoy": -0.015832410111793736,
      "rev_growth_yoy_accel": -0.01963794973596296
    },
    {
      "date": "2021-12-31T00:00:00",
      "quarter_label": "2021-12 (Q4)",
      "revenue": 149683000,
      "gross_profit": 142257000,
      "operating_income": 53464000,
      "net_income": null,
      "opex": 88793000,
      "cogs": 7426000,
      "rd": null,
      "sga": null,
      "fcf": 44526000,
      "ocf": 61161000,
      "capex": -16635000,
      "gross_margin": 0.9503884876706106,
      "op_margin": 0.357181510258346,
      "fcf_margin": 0.29746865041454273,
      "incr_op_margin_yoy": 2.664466196221261,
      "rev_growth_yoy": -0.028511903216594407,
      "rev_growth_yoy_accel": -0.012679493104800672,
      "op_leverage_ratio": 0.24452702763876732,
      "fcf_margin_change": 0.027112455377122147
    }
  ],
  "signals": [
    {
      "quarter": "2021-12 (Q4)",
      "signal": "INCREMENTAL MARGIN (YoY)",
      "detail": "YoY Incr OPM: +266.4% vs year-ago OPM: +42.3%",
      "severity": "HIGH"
    },
    {
      "quarter": "2021-09 (Q3)",
      "signal": "INCREMENTAL MARGIN (YoY)",
      "detail": "YoY Incr OPM: +506.9% vs year-ago OPM: +46.7%",
      "severity": "HIGH"
    },
    {
      "quarter": "2020-12 (Q4)",
      "signal": "FCF MARGIN EXPANSION",
      "detail": "FCF margin: +59.0% -> +64.9% (+5.9%)",
      "severity": "MEDIUM"
    },
    {
      "quarter": "2020-06 (Q2)",
      "signal": "INCREMENTAL MARGIN (YoY)",
      "detail": "YoY Incr OPM: +104.8% vs year-ago OPM: +48.8%",
      "severity": "HIGH"
    },
    {
      "quarter": "2019-12 (Q4)",
      "signal": "FCF MARGIN EXPANSION",
      "detail": "FCF margin: +50.9% -> +60.9% (+10.0%)",
      "severity": "MEDIUM"
    },
    {
      "quarter": "2019-12 (Q4)",
      "signal": "YoY REVENUE GROWTH DECELERATION",
      "detail": "YoY growth: -0.7% vs prior quarter YoY: +21.3% (decel: -22.0%)",
      "severity": "WARNING"
    },
    {
      "quarter": "2019-09 (Q3)",
      "signal": "INCREMENTAL MARGIN (YoY)",
      "detail": "YoY Incr OPM: +93.5% vs year-ago OPM: +38.1%",
      "severity": "HIGH"
    },
    {
      "quarter": "2019-06 (Q2)",
      "signal": "YoY REVENUE GROWTH ACCELERATION",
      "detail": "YoY growth: +25.1% vs prior quarter YoY: +18.6% (accel: +6.5%)",
      "severity": "MEDIUM"
    },
    {
      "quarter": "2019-06 (Q2)",
      "signal": "INCREMENTAL MARGIN (YoY)",
      "detail": "YoY Incr OPM: +208.7% vs year-ago OPM: +8.6%",
      "severity": "HIGH"
    },
    {
      "quarter": "2018-12 (Q4)",
      "signal": "FCF MARGIN EXPANSION",
      "detail": "FCF margin: -221.5% -> -36.1% (+185.5%)",
      "severity": "MEDIUM"
    },
    {
      "quarter": "2018-12 (Q4)",
      "signal": "OPERATING LEVERAGE",
      "detail": "Rev growth +21.5% vs OpEx growth +14.2% (leverage: 1.5x)",
      "severity": "MEDIUM"
    },
    {
      "quarter": "2018-09 (Q3)",
      "signal": "INCREMENTAL MARGIN (YoY)",
      "detail": "YoY Incr OPM: +192.5% vs year-ago OPM: +9.9%",
      "severity": "HIGH"
    }
  ],
  "data_quality": {
    "n_quarters": 15,
    "coverage": {
      "revenue": [
        15,
        15
      ],
      "gross_profit": [
        14,
        15
      ],
      "op_income": [
        15,
        15
      ],
      "fcf": [
        10,
        15
      ]
    },
    "gaps": [
      [
        "2017-12 (Q4)",
        "2018-06 (Q2)",
        181
      ],
      [
        "2018-12 (Q4)",
        "2019-06 (Q2)",
        181
      ],
      [
        "2019-12 (Q4)",
        "2020-06 (Q2)",
        182
      ],
      [
        "2020-12 (Q4)",
        "2021-06 (Q2)",
        181
      ]
    ],
    "warnings": [
      "fcf: 10/15Q",
      "gap: 1Q missing between 2017-12 (Q4) and 2018-06 (Q2)",
      "gap: 1Q missing between 2018-12 (Q4) and 2019-06 (Q2)",
      "gap: 1Q missing between 2019-12 (Q4) and 2020-06 (Q2)",
      "gap: 1Q missing between 2020-12 (Q4) and 2021-06 (Q2)"
    ]
  },
  "market_cap": null,
  "source": "SEC EDGAR",
  "last_updated": "2026-02-03T01:17:21.085434"
}