{
  "ticker": "SEATW",
  "name": "Vivid Seats Inc.",
  "quarters": [
    {
      "date": "2020-12-31T00:00:00",
      "quarter_label": "2020-12 (Q4)",
      "revenue": 170000,
      "gross_profit": null,
      "operating_income": null,
      "net_income": null,
      "opex": null,
      "cogs": null,
      "rd": null,
      "sga": null,
      "fcf": -2908000,
      "ocf": -2908000,
      "capex": null,
      "gross_margin": null,
      "op_margin": null,
      "fcf_margin": -17.105882352941176
    },
    {
      "date": "2021-03-31T00:00:00",
      "quarter_label": "2021-03 (Q1)",
      "revenue": 24114000,
      "gross_profit": 23714000,
      "operating_income": -3932000,
      "net_income": null,
      "opex": 27646000,
      "cogs": 400000,
      "rd": null,
      "sga": null,
      "fcf": 30761000,
      "ocf": 30761000,
      "capex": null,
      "gross_margin": 0.9834121257360869,
      "op_margin": -0.16305880401426556,
      "fcf_margin": 1.2756490005805756,
      "fcf_margin_change": 18.38153135352175
    },
    {
      "date": "2021-06-30T00:00:00",
      "quarter_label": "2021-06 (Q2)",
      "revenue": 115498000,
      "gross_profit": 95512000,
      "operating_income": 19484000,
      "net_income": null,
      "opex": 76028000,
      "cogs": 19986000,
      "rd": null,
      "sga": null,
      "fcf": 151985000,
      "ocf": 152235000,
      "capex": -250000,
      "gross_margin": 0.8269580425635076,
      "op_margin": 0.16869556182791043,
      "fcf_margin": 1.3159102322118132,
      "op_leverage_ratio": 2.165456149896784,
      "fcf_margin_change": 0.040261231631237626
    },
    {
      "date": "2021-09-30T00:00:00",
      "quarter_label": "2021-09 (Q3)",
      "revenue": 139538000,
      "gross_profit": 109063000,
      "operating_income": 15472000,
      "net_income": null,
      "opex": 93591000,
      "cogs": 30475000,
      "rd": null,
      "sga": null,
      "fcf": 31827000,
      "ocf": 32266000,
      "capex": -439000,
      "gross_margin": 0.7816007109174562,
      "op_margin": 0.11088019034241568,
      "fcf_margin": 0.22808840602559877,
      "op_leverage_ratio": 0.9010208983023262,
      "fcf_margin_change": -1.0878218261862145
    },
    {
      "date": "2021-12-31T00:00:00",
      "quarter_label": "2021-12 (Q4)",
      "revenue": 110518000,
      "gross_profit": null,
      "operating_income": null,
      "net_income": -5024000,
      "opex": null,
      "cogs": null,
      "rd": null,
      "sga": null,
      "fcf": -39915000,
      "ocf": -39472000,
      "capex": -443000,
      "gross_margin": null,
      "op_margin": null,
      "fcf_margin": -0.36116288749344,
      "rev_growth_yoy": 649.1058823529412,
      "fcf_margin_change": -0.5892512935190388
    },
    {
      "date": "2022-03-31T00:00:00",
      "quarter_label": "2022-03 (Q1)",
      "revenue": 130772000,
      "gross_profit": 98608000,
      "operating_income": 13720000,
      "net_income": 1259000,
      "opex": 84888000,
      "cogs": 32164000,
      "rd": null,
      "sga": null,
      "fcf": 22841000,
      "ocf": 23534000,
      "capex": -693000,
      "gross_margin": 0.7540452084544093,
      "op_margin": 0.10491542532040497,
      "fcf_margin": 0.1746627718471844,
      "incr_op_margin_yoy": 0.16550094695193984,
      "rev_growth_yoy": 4.423073733101103,
      "rev_growth_yoy_accel": -644.6828086198401,
      "fcf_margin_change": 0.5358256593406244
    },
    {
      "date": "2022-06-30T00:00:00",
      "quarter_label": "2022-06 (Q2)",
      "revenue": 147694000,
      "gross_profit": 115272000,
      "operating_income": 17927000,
      "net_income": 9655000,
      "opex": 97345000,
      "cogs": 32422000,
      "rd": null,
      "sga": null,
      "fcf": -22827000,
      "ocf": -22128000,
      "capex": -699000,
      "gross_margin": 0.7804785570165342,
      "op_margin": 0.12137933836174794,
      "fcf_margin": -0.1545560415453573,
      "incr_op_margin_yoy": -0.048360044726052924,
      "rev_growth_yoy": 0.2787580737328785,
      "rev_growth_yoy_accel": -4.144315659368225,
      "op_leverage_ratio": 0.881799324893122,
      "fcf_margin_change": -0.32921881339254166
    },
    {
      "date": "2022-09-30T00:00:00",
      "quarter_label": "2022-09 (Q3)",
      "revenue": 156818000,
      "gross_profit": 119201000,
      "operating_income": 21701000,
      "net_income": 7663000,
      "opex": 97500000,
      "cogs": 37617000,
      "rd": null,
      "sga": null,
      "fcf": -1352000,
      "ocf": -17000,
      "capex": -1335000,
      "gross_margin": 0.7601232001428407,
      "op_margin": 0.13838334885025955,
      "fcf_margin": -0.008621459271257126,
      "incr_op_margin_yoy": 0.360474537037037,
      "rev_growth_yoy": 0.12383723430176725,
      "rev_growth_yoy_accel": -0.15492083943111123,
      "op_leverage_ratio": 38.79755658713722,
      "fcf_margin_change": 0.14593458227410017
    },
    {
      "date": "2022-12-31T00:00:00",
      "quarter_label": "2022-12 (Q4)",
      "revenue": 75810000,
      "gross_profit": null,
      "operating_income": null,
      "net_income": 52217000,
      "opex": null,
      "cogs": null,
      "rd": null,
      "sga": null,
      "fcf": 12155000,
      "ocf": 12986000,
      "capex": -831000,
      "gross_margin": null,
      "op_margin": null,
      "fcf_margin": 0.1603350481466825,
      "rev_growth_yoy": -0.31404839030746123,
      "rev_growth_yoy_accel": -0.4378856246092285,
      "fcf_margin_change": 0.16895650741793963
    },
    {
      "date": "2023-03-31T00:00:00",
      "quarter_label": "2023-03 (Q1)",
      "revenue": 136581000,
      "gross_profit": null,
      "operating_income": null,
      "net_income": 12182000,
      "opex": null,
      "cogs": null,
      "rd": null,
      "sga": null,
      "fcf": 64896000,
      "ocf": 65111000,
      "capex": -215000,
      "gross_margin": null,
      "op_margin": null,
      "fcf_margin": 0.475146616293628,
      "rev_growth_yoy": 0.044420824029608785,
      "rev_growth_yoy_accel": 0.35846921433707,
      "fcf_margin_change": 0.31481156814694544
    },
    {
      "date": "2023-06-30T00:00:00",
      "quarter_label": "2023-06 (Q2)",
      "revenue": 139150000,
      "gross_profit": null,
      "operating_income": null,
      "net_income": 30712000,
      "opex": null,
      "cogs": null,
      "rd": null,
      "sga": null,
      "fcf": 17168000,
      "ocf": 17559000,
      "capex": -391000,
      "gross_margin": null,
      "op_margin": null,
      "fcf_margin": 0.12337765001796622,
      "rev_growth_yoy": -0.0578493371430119,
      "rev_growth_yoy_accel": -0.1022701611726207,
      "fcf_margin_change": -0.3517689662756618
    },
    {
      "date": "2023-09-30T00:00:00",
      "quarter_label": "2023-09 (Q3)",
      "revenue": 154388000,
      "gross_profit": null,
      "operating_income": null,
      "net_income": 6677000,
      "opex": null,
      "cogs": null,
      "rd": null,
      "sga": null,
      "fcf": 31537000,
      "ocf": 31716000,
      "capex": -179000,
      "gross_margin": null,
      "op_margin": null,
      "fcf_margin": 0.20427105733606238,
      "rev_growth_yoy": -0.015495670139907408,
      "rev_growth_yoy_accel": 0.04235366700310449,
      "fcf_margin_change": 0.08089340731809616
    },
    {
      "date": "2023-12-31T00:00:00",
      "quarter_label": "2023-12 (Q4)",
      "revenue": 167269000,
      "gross_profit": null,
      "operating_income": null,
      "net_income": null,
      "opex": null,
      "cogs": null,
      "rd": null,
      "sga": null,
      "fcf": 32824000,
      "ocf": 32934000,
      "capex": -110000,
      "gross_margin": null,
      "op_margin": null,
      "fcf_margin": 0.19623480740603458,
      "rev_growth_yoy": 1.2064239546234006,
      "rev_growth_yoy_accel": 1.221919624763308,
      "fcf_margin_change": -0.0080362499300278
    },
    {
      "date": "2024-03-31T00:00:00",
      "quarter_label": "2024-03 (Q1)",
      "revenue": 160012000,
      "gross_profit": null,
      "operating_income": null,
      "net_income": 6077000,
      "opex": null,
      "cogs": null,
      "rd": null,
      "sga": null,
      "fcf": 39073000,
      "ocf": 39165000,
      "capex": -92000,
      "gross_margin": null,
      "op_margin": null,
      "fcf_margin": 0.24418793590480714,
      "rev_growth_yoy": 0.17155387645426523,
      "rev_growth_yoy_accel": -1.0348700781691353,
      "fcf_margin_change": 0.04795312849877256
    },
    {
      "date": "2024-06-30T00:00:00",
      "quarter_label": "2024-06 (Q2)",
      "revenue": 170046000,
      "gross_profit": null,
      "operating_income": null,
      "net_income": -437000,
      "opex": null,
      "cogs": null,
      "rd": null,
      "sga": null,
      "fcf": -14092000,
      "ocf": -13806000,
      "capex": -286000,
      "gross_margin": null,
      "op_margin": null,
      "fcf_margin": -0.08287169354174753,
      "rev_growth_yoy": 0.22203377650017966,
      "rev_growth_yoy_accel": 0.05047990004591443,
      "fcf_margin_change": -0.32705962944655464
    },
    {
      "date": "2024-09-30T00:00:00",
      "quarter_label": "2024-09 (Q3)",
      "revenue": 152653000,
      "gross_profit": null,
      "operating_income": null,
      "net_income": 10630000,
      "opex": null,
      "cogs": null,
      "rd": null,
      "sga": null,
      "fcf": -19613000,
      "ocf": -19224000,
      "capex": -389000,
      "gross_margin": null,
      "op_margin": null,
      "fcf_margin": -0.1284809338827275,
      "rev_growth_yoy": -0.0112379200455994,
      "rev_growth_yoy_accel": -0.23327169654577906,
      "fcf_margin_change": -0.04560924034097996
    },
    {
      "date": "2024-12-31T00:00:00",
      "quarter_label": "2024-12 (Q4)",
      "revenue": 165180000,
      "gross_profit": null,
      "operating_income": null,
      "net_income": -9637000,
      "opex": null,
      "cogs": null,
      "rd": null,
      "sga": null,
      "fcf": 44327000,
      "ocf": 47787000,
      "capex": -3460000,
      "gross_margin": null,
      "op_margin": null,
      "fcf_margin": 0.26835573313960526,
      "rev_growth_yoy": -0.012488865241018958,
      "rev_growth_yoy_accel": -0.0012509451954195588,
      "fcf_margin_change": 0.3968366670223328
    },
    {
      "date": "2025-03-31T00:00:00",
      "quarter_label": "2025-03 (Q1)",
      "revenue": 133740000,
      "gross_profit": null,
      "operating_income": null,
      "net_income": -10553000,
      "opex": null,
      "cogs": null,
      "rd": null,
      "sga": null,
      "fcf": -27124000,
      "ocf": -25288000,
      "capex": -1836000,
      "gross_margin": null,
      "op_margin": null,
      "fcf_margin": -0.2028114251532825,
      "rev_growth_yoy": -0.16418768592355573,
      "rev_growth_yoy_accel": -0.15169882068253676,
      "fcf_margin_change": -0.47116715829288774
    },
    {
      "date": "2025-06-30T00:00:00",
      "quarter_label": "2025-06 (Q2)",
      "revenue": 114478000,
      "gross_profit": null,
      "operating_income": null,
      "net_income": -335411000,
      "opex": null,
      "cogs": null,
      "rd": null,
      "sga": null,
      "fcf": -28827000,
      "ocf": -28620000,
      "capex": -207000,
      "gross_margin": null,
      "op_margin": null,
      "fcf_margin": -0.2518125753419871,
      "rev_growth_yoy": -0.32678216482598826,
      "rev_growth_yoy_accel": -0.16259447890243253,
      "fcf_margin_change": -0.0490011501887046
    },
    {
      "date": "2025-09-30T00:00:00",
      "quarter_label": "2025-09 (Q3)",
      "revenue": 104807000,
      "gross_profit": null,
      "operating_income": null,
      "net_income": -30239000,
      "opex": null,
      "cogs": null,
      "rd": null,
      "sga": null,
      "fcf": 502000,
      "ocf": 512000,
      "capex": -10000,
      "gross_margin": null,
      "op_margin": null,
      "fcf_margin": 0.004789756409400135,
      "rev_growth_yoy": -0.313429804851526,
      "rev_growth_yoy_accel": 0.013352359974462269,
      "fcf_margin_change": 0.25660233175138725
    }
  ],
  "signals": [
    {
      "quarter": "2025-09 (Q3)",
      "signal": "FCF TURNED POSITIVE",
      "detail": "FCF margin: -25.2% -> +0.5%",
      "severity": "HIGH"
    },
    {
      "quarter": "2025-06 (Q2)",
      "signal": "YoY REVENUE GROWTH DECELERATION",
      "detail": "YoY growth: -32.7% vs prior quarter YoY: -16.4% (decel: -16.3%)",
      "severity": "WARNING"
    },
    {
      "quarter": "2025-03 (Q1)",
      "signal": "YoY REVENUE GROWTH DECELERATION",
      "detail": "YoY growth: -16.4% vs prior quarter YoY: -1.2% (decel: -15.2%)",
      "severity": "WARNING"
    },
    {
      "quarter": "2024-12 (Q4)",
      "signal": "FCF TURNED POSITIVE",
      "detail": "FCF margin: -12.8% -> +26.8%",
      "severity": "HIGH"
    },
    {
      "quarter": "2024-09 (Q3)",
      "signal": "YoY REVENUE GROWTH DECELERATION",
      "detail": "YoY growth: -1.1% vs prior quarter YoY: +22.2% (decel: -23.3%)",
      "severity": "WARNING"
    },
    {
      "quarter": "2024-06 (Q2)",
      "signal": "YoY REVENUE GROWTH ACCELERATION",
      "detail": "YoY growth: +22.2% vs prior quarter YoY: +17.2% (accel: +5.0%)",
      "severity": "MEDIUM"
    },
    {
      "quarter": "2024-03 (Q1)",
      "signal": "YoY REVENUE GROWTH DECELERATION",
      "detail": "YoY growth: +17.2% vs prior quarter YoY: +120.6% (decel: -103.5%)",
      "severity": "WARNING"
    },
    {
      "quarter": "2023-12 (Q4)",
      "signal": "YoY REVENUE GROWTH ACCELERATION",
      "detail": "YoY growth: +120.6% vs prior quarter YoY: -1.5% (accel: +122.2%)",
      "severity": "HIGH"
    },
    {
      "quarter": "2023-09 (Q3)",
      "signal": "FCF MARGIN EXPANSION",
      "detail": "FCF margin: +12.3% -> +20.4% (+8.1%)",
      "severity": "MEDIUM"
    },
    {
      "quarter": "2023-06 (Q2)",
      "signal": "YoY REVENUE GROWTH DECELERATION",
      "detail": "YoY growth: -5.8% vs prior quarter YoY: +4.4% (decel: -10.2%)",
      "severity": "WARNING"
    },
    {
      "quarter": "2023-03 (Q1)",
      "signal": "FCF MARGIN EXPANSION",
      "detail": "FCF margin: +16.0% -> +47.5% (+31.5%)",
      "severity": "MEDIUM"
    },
    {
      "quarter": "2023-03 (Q1)",
      "signal": "YoY REVENUE GROWTH ACCELERATION",
      "detail": "YoY growth: +4.4% vs prior quarter YoY: -31.4% (accel: +35.8%)",
      "severity": "HIGH"
    },
    {
      "quarter": "2022-12 (Q4)",
      "signal": "FCF TURNED POSITIVE",
      "detail": "FCF margin: -0.9% -> +16.0%",
      "severity": "HIGH"
    },
    {
      "quarter": "2022-12 (Q4)",
      "signal": "YoY REVENUE GROWTH DECELERATION",
      "detail": "YoY growth: -31.4% vs prior quarter YoY: +12.4% (decel: -43.8%)",
      "severity": "WARNING"
    },
    {
      "quarter": "2022-09 (Q3)",
      "signal": "FCF MARGIN EXPANSION",
      "detail": "FCF margin: -15.5% -> -0.9% (+14.6%)",
      "severity": "MEDIUM"
    },
    {
      "quarter": "2022-09 (Q3)",
      "signal": "OPERATING LEVERAGE",
      "detail": "Rev growth +6.2% vs OpEx growth +0.2% (leverage: 38.8x)",
      "severity": "MEDIUM"
    },
    {
      "quarter": "2022-09 (Q3)",
      "signal": "YoY REVENUE GROWTH DECELERATION",
      "detail": "YoY growth: +12.4% vs prior quarter YoY: +27.9% (decel: -15.5%)",
      "severity": "WARNING"
    },
    {
      "quarter": "2022-09 (Q3)",
      "signal": "INCREMENTAL MARGIN (YoY)",
      "detail": "YoY Incr OPM: +36.0% vs year-ago OPM: +11.1%",
      "severity": "HIGH"
    },
    {
      "quarter": "2022-06 (Q2)",
      "signal": "YoY REVENUE GROWTH DECELERATION",
      "detail": "YoY growth: +27.9% vs prior quarter YoY: +442.3% (decel: -414.4%)",
      "severity": "WARNING"
    },
    {
      "quarter": "2022-03 (Q1)",
      "signal": "FCF TURNED POSITIVE",
      "detail": "FCF margin: -36.1% -> +17.5%",
      "severity": "HIGH"
    },
    {
      "quarter": "2022-03 (Q1)",
      "signal": "YoY REVENUE GROWTH DECELERATION",
      "detail": "YoY growth: +442.3% vs prior quarter YoY: +64910.6% (decel: -64468.3%)",
      "severity": "WARNING"
    },
    {
      "quarter": "2022-03 (Q1)",
      "signal": "OP MARGIN TURNED POSITIVE (YoY)",
      "detail": "Op margin: -16.3% (year-ago) -> +10.5%",
      "severity": "HIGH"
    },
    {
      "quarter": "2021-06 (Q2)",
      "signal": "OPERATING LEVERAGE",
      "detail": "Rev growth +379.0% vs OpEx growth +175.0% (leverage: 2.2x)",
      "severity": "MEDIUM"
    },
    {
      "quarter": "2021-06 (Q2)",
      "signal": "OP MARGIN TURNED POSITIVE (QoQ)",
      "detail": "Op margin: -16.3% -> +16.9%",
      "severity": "HIGH"
    },
    {
      "quarter": "2021-03 (Q1)",
      "signal": "FCF TURNED POSITIVE",
      "detail": "FCF margin: -1710.6% -> +127.6%",
      "severity": "HIGH"
    }
  ],
  "data_quality": {
    "n_quarters": 20,
    "coverage": {
      "revenue": [
        20,
        20
      ],
      "gross_profit": [
        6,
        20
      ],
      "op_income": [
        6,
        20
      ],
      "fcf": [
        20,
        20
      ]
    },
    "gaps": [],
    "warnings": [
      "gross_profit: 6/20Q",
      "op_income: 6/20Q"
    ]
  },
  "market_cap": null,
  "source": "SEC EDGAR",
  "last_updated": "2026-02-03T01:11:31.682023"
}