{
  "ticker": "SEG",
  "name": "SEAPORT ENTERTAINMENT GROUP\u00a0INC.",
  "quarters": [
    {
      "date": "2023-06-30T00:00:00",
      "quarter_label": "2023-06 (Q2)",
      "revenue": 37541000,
      "gross_profit": null,
      "operating_income": -16623000,
      "net_income": -28146000,
      "opex": 54146000,
      "cogs": null,
      "rd": null,
      "sga": null,
      "fcf": null,
      "ocf": null,
      "capex": null,
      "gross_margin": null,
      "op_margin": -0.4427958765083509,
      "fcf_margin": null
    },
    {
      "date": "2023-09-30T00:00:00",
      "quarter_label": "2023-09 (Q3)",
      "revenue": 40486000,
      "gross_profit": null,
      "operating_income": -688895000,
      "net_income": -736154000,
      "opex": 56912000,
      "cogs": null,
      "rd": null,
      "sga": null,
      "fcf": -20242000,
      "ocf": -20242000,
      "capex": null,
      "gross_margin": null,
      "op_margin": -17.015635034332856,
      "fcf_margin": -0.4999753001037396,
      "op_leverage_ratio": 1.5356550253670112
    },
    {
      "date": "2023-12-31T00:00:00",
      "quarter_label": "2023-12 (Q4)",
      "revenue": 22903000,
      "gross_profit": null,
      "operating_income": -24581000,
      "net_income": -36008000,
      "opex": 47491000,
      "cogs": null,
      "rd": null,
      "sga": null,
      "fcf": -22627000,
      "ocf": -22627000,
      "capex": null,
      "gross_margin": null,
      "op_margin": -1.073265511068419,
      "fcf_margin": -0.9879491769637165,
      "fcf_margin_change": -0.48797387685997695
    },
    {
      "date": "2024-03-31T00:00:00",
      "quarter_label": "2024-03 (Q1)",
      "revenue": 14511000,
      "gross_profit": null,
      "operating_income": -31321000,
      "net_income": -44078000,
      "opex": 45840000,
      "cogs": null,
      "rd": null,
      "sga": null,
      "fcf": -18796000,
      "ocf": -18796000,
      "capex": null,
      "gross_margin": null,
      "op_margin": -2.1584315346978156,
      "fcf_margin": -1.2952932258286818,
      "fcf_margin_change": -0.30734404886496525
    },
    {
      "date": "2024-06-30T00:00:00",
      "quarter_label": "2024-06 (Q2)",
      "revenue": 33941000,
      "gross_profit": null,
      "operating_income": -25235000,
      "net_income": -34997000,
      "opex": 59085000,
      "cogs": null,
      "rd": null,
      "sga": null,
      "fcf": -20353000,
      "ocf": -20353000,
      "capex": null,
      "gross_margin": null,
      "op_margin": -0.7434960667039864,
      "fcf_margin": -0.5996582304587372,
      "incr_op_margin_yoy": 2.3922222222222222,
      "rev_growth_yoy": -0.09589515463093684,
      "op_leverage_ratio": 4.634128848088298,
      "fcf_margin_change": 0.6956349953699446
    },
    {
      "date": "2024-09-30T00:00:00",
      "quarter_label": "2024-09 (Q3)",
      "revenue": 39697000,
      "gross_profit": null,
      "operating_income": -20000000,
      "net_income": -32511000,
      "opex": 64495000,
      "cogs": null,
      "rd": null,
      "sga": null,
      "fcf": -8822000,
      "ocf": -8822000,
      "capex": null,
      "gross_margin": null,
      "op_margin": -0.5038164093004509,
      "fcf_margin": -0.2222334181424289,
      "rev_growth_yoy": -0.01948821814948377,
      "rev_growth_yoy_accel": 0.07640693648145307,
      "op_leverage_ratio": 1.8521498734266557,
      "fcf_margin_change": 0.3774248123163083
    },
    {
      "date": "2024-12-31T00:00:00",
      "quarter_label": "2024-12 (Q4)",
      "revenue": 22844000,
      "gross_profit": null,
      "operating_income": -25253000,
      "net_income": -41626000,
      "opex": 50111000,
      "cogs": null,
      "rd": null,
      "sga": null,
      "fcf": -4729000,
      "ocf": -4729000,
      "capex": null,
      "gross_margin": null,
      "op_margin": -1.1054543862721065,
      "fcf_margin": -0.20701278234985115,
      "rev_growth_yoy": -0.0025760817360171158,
      "rev_growth_yoy_accel": 0.016912136413466654,
      "fcf_margin_change": 0.015220635792577736
    },
    {
      "date": "2025-03-31T00:00:00",
      "quarter_label": "2025-03 (Q1)",
      "revenue": 16069000,
      "gross_profit": null,
      "operating_income": -32702000,
      "net_income": -31888000,
      "opex": 48771000,
      "cogs": null,
      "rd": null,
      "sga": null,
      "fcf": -20478000,
      "ocf": -20478000,
      "capex": null,
      "gross_margin": null,
      "op_margin": -2.0350986371273883,
      "fcf_margin": -1.2743792395295288,
      "incr_op_margin_yoy": -0.886392811296534,
      "rev_growth_yoy": 0.1073668251671146,
      "rev_growth_yoy_accel": 0.10994290690313172,
      "fcf_margin_change": -1.0673664571796777
    },
    {
      "date": "2025-06-30T00:00:00",
      "quarter_label": "2025-06 (Q2)",
      "revenue": 39801000,
      "gross_profit": null,
      "operating_income": -16007000,
      "net_income": -14774000,
      "opex": 55682000,
      "cogs": null,
      "rd": null,
      "sga": null,
      "fcf": -754000,
      "ocf": -754000,
      "capex": null,
      "gross_margin": null,
      "op_margin": -0.40217582472802194,
      "fcf_margin": -0.018944247631969047,
      "incr_op_margin_yoy": 1.5747440273037543,
      "rev_growth_yoy": 0.17265254412068,
      "rev_growth_yoy_accel": 0.06528571895356541,
      "op_leverage_ratio": 10.422364470598637,
      "fcf_margin_change": 1.2554349918975598
    },
    {
      "date": "2025-09-30T00:00:00",
      "quarter_label": "2025-09 (Q3)",
      "revenue": 45050000,
      "gross_profit": null,
      "operating_income": -33898000,
      "net_income": -33214000,
      "opex": 72460000,
      "cogs": null,
      "rd": null,
      "sga": null,
      "fcf": -5328000,
      "ocf": -5328000,
      "capex": null,
      "gross_margin": null,
      "op_margin": -0.7524528301886793,
      "fcf_margin": -0.11826859045504995,
      "incr_op_margin_yoy": -2.596301139547917,
      "rev_growth_yoy": 0.1348464619492657,
      "rev_growth_yoy_accel": -0.03780608217141432,
      "op_leverage_ratio": 0.4376805271381878,
      "fcf_margin_change": -0.0993243428230809
    }
  ],
  "signals": [
    {
      "quarter": "2025-06 (Q2)",
      "signal": "FCF MARGIN EXPANSION",
      "detail": "FCF margin: -127.4% -> -1.9% (+125.5%)",
      "severity": "MEDIUM"
    },
    {
      "quarter": "2025-06 (Q2)",
      "signal": "OPERATING LEVERAGE",
      "detail": "Rev growth +147.7% vs OpEx growth +14.2% (leverage: 10.4x)",
      "severity": "MEDIUM"
    },
    {
      "quarter": "2025-06 (Q2)",
      "signal": "YoY REVENUE GROWTH ACCELERATION",
      "detail": "YoY growth: +17.3% vs prior quarter YoY: +10.7% (accel: +6.5%)",
      "severity": "MEDIUM"
    },
    {
      "quarter": "2025-03 (Q1)",
      "signal": "YoY REVENUE GROWTH ACCELERATION",
      "detail": "YoY growth: +10.7% vs prior quarter YoY: -0.3% (accel: +11.0%)",
      "severity": "MEDIUM"
    },
    {
      "quarter": "2024-09 (Q3)",
      "signal": "FCF MARGIN EXPANSION",
      "detail": "FCF margin: -60.0% -> -22.2% (+37.7%)",
      "severity": "MEDIUM"
    },
    {
      "quarter": "2024-09 (Q3)",
      "signal": "OPERATING LEVERAGE",
      "detail": "Rev growth +17.0% vs OpEx growth +9.2% (leverage: 1.9x)",
      "severity": "MEDIUM"
    },
    {
      "quarter": "2024-09 (Q3)",
      "signal": "YoY REVENUE GROWTH ACCELERATION",
      "detail": "YoY growth: -1.9% vs prior quarter YoY: -9.6% (accel: +7.6%)",
      "severity": "MEDIUM"
    },
    {
      "quarter": "2024-06 (Q2)",
      "signal": "FCF MARGIN EXPANSION",
      "detail": "FCF margin: -129.5% -> -60.0% (+69.6%)",
      "severity": "MEDIUM"
    },
    {
      "quarter": "2024-06 (Q2)",
      "signal": "OPERATING LEVERAGE",
      "detail": "Rev growth +133.9% vs OpEx growth +28.9% (leverage: 4.6x)",
      "severity": "MEDIUM"
    },
    {
      "quarter": "2023-09 (Q3)",
      "signal": "OPERATING LEVERAGE",
      "detail": "Rev growth +7.8% vs OpEx growth +5.1% (leverage: 1.5x)",
      "severity": "MEDIUM"
    }
  ],
  "data_quality": {
    "n_quarters": 10,
    "coverage": {
      "revenue": [
        10,
        10
      ],
      "gross_profit": [
        0,
        10
      ],
      "op_income": [
        10,
        10
      ],
      "fcf": [
        9,
        10
      ]
    },
    "gaps": [],
    "warnings": [
      "gross_profit: no data"
    ]
  },
  "market_cap": null,
  "source": "SEC EDGAR",
  "last_updated": "2026-02-02T22:52:54.129178"
}