{
  "ticker": "SEM",
  "name": "SELECT MEDICAL HOLDINGS CORP",
  "quarters": [
    {
      "date": "2020-12-31T00:00:00",
      "quarter_label": "2020-12 (Q4)",
      "revenue": 1460494000,
      "gross_profit": 213900000,
      "operating_income": 163329000,
      "net_income": 77274000,
      "opex": 1333349000,
      "cogs": 1246594000,
      "rd": null,
      "sga": null,
      "fcf": 207438000,
      "ocf": 207438000,
      "capex": null,
      "gross_margin": 0.14645729458662618,
      "op_margin": 0.11183133925918216,
      "fcf_margin": 0.1420327642564776
    },
    {
      "date": "2021-03-31T00:00:00",
      "quarter_label": "2021-03 (Q1)",
      "revenue": 1546463000,
      "gross_profit": 253014000,
      "operating_income": 202012000,
      "net_income": 110546000,
      "opex": 1378472000,
      "cogs": 1293449000,
      "rd": null,
      "sga": null,
      "fcf": 239888000,
      "ocf": 239888000,
      "capex": null,
      "gross_margin": 0.16360818202569347,
      "op_margin": 0.13062840818047378,
      "fcf_margin": 0.15512042641822016,
      "op_leverage_ratio": 1.7393539645477782,
      "fcf_margin_change": 0.013087662161742564
    },
    {
      "date": "2021-06-30T00:00:00",
      "quarter_label": "2021-06 (Q2)",
      "revenue": 1564020000,
      "gross_profit": 272572000,
      "operating_income": 283968000,
      "net_income": 164894000,
      "opex": 1378139000,
      "cogs": 1291448000,
      "rd": null,
      "sga": null,
      "fcf": 123138000,
      "ocf": 123138000,
      "capex": null,
      "gross_margin": 0.17427654377821256,
      "op_margin": 0.18156289561514558,
      "fcf_margin": 0.07873172977327655,
      "op_leverage_ratio": Infinity,
      "fcf_margin_change": -0.0763886966449436
    },
    {
      "date": "2021-09-30T00:00:00",
      "quarter_label": "2021-09 (Q3)",
      "revenue": 1534221000,
      "gross_profit": 236539000,
      "operating_income": 150255000,
      "net_income": 76928000,
      "opex": 1385695000,
      "cogs": 1297682000,
      "rd": null,
      "sga": null,
      "fcf": 98954000,
      "ocf": 98954000,
      "capex": null,
      "gross_margin": 0.1541753111188023,
      "op_margin": 0.0979356950530595,
      "fcf_margin": 0.064497878728032,
      "fcf_margin_change": -0.01423385104524455
    },
    {
      "date": "2021-12-31T00:00:00",
      "quarter_label": "2021-12 (Q4)",
      "revenue": 1559811000,
      "gross_profit": 157241000,
      "operating_income": 77539000,
      "net_income": 49857000,
      "opex": 1492463000,
      "cogs": 1402570000,
      "rd": null,
      "sga": null,
      "fcf": -60752000,
      "ocf": -60752000,
      "capex": null,
      "gross_margin": 0.10080772606424752,
      "op_margin": 0.04971050979894359,
      "fcf_margin": -0.0389483084809634,
      "incr_op_margin_yoy": -0.8637997523082654,
      "rev_growth_yoy": 0.06800233345703577,
      "op_leverage_ratio": 0.21647557671727383,
      "fcf_margin_change": -0.1034461872089954
    },
    {
      "date": "2022-03-31T00:00:00",
      "quarter_label": "2022-03 (Q1)",
      "revenue": 1599547000,
      "gross_profit": 192537000,
      "operating_income": 103985000,
      "net_income": 49117000,
      "opex": 1495562000,
      "cogs": 1407010000,
      "rd": null,
      "sga": null,
      "fcf": 6337000,
      "ocf": 6337000,
      "capex": null,
      "gross_margin": 0.12036970467263544,
      "op_margin": 0.06500903068181178,
      "fcf_margin": 0.003961746669525809,
      "incr_op_margin_yoy": -1.8466392886745535,
      "rev_growth_yoy": 0.034326071816784494,
      "rev_growth_yoy_accel": -0.033676261640251275,
      "op_leverage_ratio": 12.268576217316756,
      "fcf_margin_change": 0.042910055150489214
    },
    {
      "date": "2022-06-30T00:00:00",
      "quarter_label": "2022-06 (Q2)",
      "revenue": 1584741000,
      "gross_profit": 194191000,
      "operating_income": 120967000,
      "net_income": 55207000,
      "opex": 1478899000,
      "cogs": 1390550000,
      "rd": null,
      "sga": null,
      "fcf": 171681000,
      "ocf": 171681000,
      "capex": null,
      "gross_margin": 0.12253800463293371,
      "op_margin": 0.07633234705229434,
      "fcf_margin": 0.10833379082133926,
      "incr_op_margin_yoy": -7.866463973746441,
      "rev_growth_yoy": 0.013248551808800399,
      "rev_growth_yoy_accel": -0.021077520007984095,
      "fcf_margin_change": 0.10437204415181345
    },
    {
      "date": "2022-09-30T00:00:00",
      "quarter_label": "2022-09 (Q3)",
      "revenue": 1567794000,
      "gross_profit": 173977000,
      "operating_income": 91467000,
      "net_income": 27166000,
      "opex": 1484767000,
      "cogs": 1393817000,
      "rd": null,
      "sga": null,
      "fcf": 94263000,
      "ocf": 94263000,
      "capex": null,
      "gross_margin": 0.11096929826239926,
      "op_margin": 0.05834121064374529,
      "fcf_margin": 0.060124608207455826,
      "incr_op_margin_yoy": -1.7510499508533643,
      "rev_growth_yoy": 0.021882766563617626,
      "rev_growth_yoy_accel": 0.008634214754817227,
      "fcf_margin_change": -0.04820918261388343
    },
    {
      "date": "2022-12-31T00:00:00",
      "quarter_label": "2022-12 (Q4)",
      "revenue": 1581456000,
      "gross_profit": 172672000,
      "operating_income": 86864000,
      "net_income": 27504000,
      "opex": 1499793000,
      "cogs": 1408784000,
      "rd": null,
      "sga": null,
      "fcf": 12544000,
      "ocf": 12544000,
      "capex": null,
      "gross_margin": 0.10918545947531895,
      "op_margin": 0.054926599285721515,
      "fcf_margin": 0.007931931081231473,
      "incr_op_margin_yoy": 0.43081543081543083,
      "rev_growth_yoy": 0.013876681213300842,
      "rev_growth_yoy_accel": -0.008006085350316784,
      "fcf_margin_change": -0.05219267712622436
    },
    {
      "date": "2023-03-31T00:00:00",
      "quarter_label": "2023-03 (Q1)",
      "revenue": 1664980000,
      "gross_profit": 246161000,
      "operating_income": 151457000,
      "net_income": 70805000,
      "opex": 1513523000,
      "cogs": 1418819000,
      "rd": null,
      "sga": null,
      "fcf": 51440000,
      "ocf": 51440000,
      "capex": null,
      "gross_margin": 0.14784622037501952,
      "op_margin": 0.09096625785294718,
      "fcf_margin": 0.03089526600920131,
      "incr_op_margin_yoy": 0.7255054788868003,
      "rev_growth_yoy": 0.04090720685294024,
      "rev_growth_yoy_accel": 0.027030525639639397,
      "op_leverage_ratio": 5.769191519846117,
      "fcf_margin_change": 0.02296333492796984
    },
    {
      "date": "2023-06-30T00:00:00",
      "quarter_label": "2023-06 (Q2)",
      "revenue": 1674528000,
      "gross_profit": 250925000,
      "operating_income": 159204000,
      "net_income": 78237000,
      "opex": 1516050000,
      "cogs": 1423603000,
      "rd": null,
      "sga": null,
      "fcf": 234838000,
      "ocf": 234838000,
      "capex": null,
      "gross_margin": 0.14984819602897057,
      "op_margin": 0.09507395516826234,
      "fcf_margin": 0.14024130978998262,
      "incr_op_margin_yoy": 0.4258634323454398,
      "rev_growth_yoy": 0.05665720770775792,
      "rev_growth_yoy_accel": 0.015750000854817682,
      "fcf_margin_change": 0.1093460437807813
    },
    {
      "date": "2023-09-30T00:00:00",
      "quarter_label": "2023-09 (Q3)",
      "revenue": 1665694000,
      "gross_profit": 223185000,
      "operating_income": 129960000,
      "net_income": 48180000,
      "opex": 1536219000,
      "cogs": 1442509000,
      "rd": null,
      "sga": null,
      "fcf": 116338000,
      "ocf": 116338000,
      "capex": null,
      "gross_margin": 0.13398919609484095,
      "op_margin": 0.07802153336687291,
      "fcf_margin": 0.0698435607020257,
      "incr_op_margin_yoy": 0.39318692543411643,
      "rev_growth_yoy": 0.062444428285858986,
      "rev_growth_yoy_accel": 0.005787220578101063,
      "fcf_margin_change": -0.07039774908795692
    },
    {
      "date": "2023-12-31T00:00:00",
      "quarter_label": "2023-12 (Q4)",
      "revenue": 1218116000,
      "gross_profit": 144054000,
      "operating_income": 114253000,
      "net_income": 46269000,
      "opex": 1545160000,
      "cogs": 1074062000,
      "rd": null,
      "sga": null,
      "fcf": 179442000,
      "ocf": 179442000,
      "capex": null,
      "gross_margin": 0.11825967313457832,
      "op_margin": 0.09379484384081647,
      "fcf_margin": 0.14731109352475463,
      "incr_op_margin_yoy": -0.07538118566631805,
      "rev_growth_yoy": -0.2297503060470857,
      "rev_growth_yoy_accel": -0.2921947343329447,
      "fcf_margin_change": 0.07746753282272893
    },
    {
      "date": "2024-03-31T00:00:00",
      "quarter_label": "2024-03 (Q1)",
      "revenue": 1788809000,
      "gross_profit": 294199000,
      "operating_income": 193967000,
      "net_income": 96897000,
      "opex": 1597126000,
      "cogs": 1494610000,
      "rd": null,
      "sga": null,
      "fcf": -66689000,
      "ocf": -66689000,
      "capex": null,
      "gross_margin": 0.1644664131273937,
      "op_margin": 0.10843360023345142,
      "fcf_margin": -0.037281230136923506,
      "incr_op_margin_yoy": 0.34329599689894935,
      "rev_growth_yoy": 0.07437266513711877,
      "rev_growth_yoy_accel": 0.3041229711842045,
      "op_leverage_ratio": 13.930543663270033,
      "fcf_margin_change": -0.18459232366167813
    },
    {
      "date": "2024-06-30T00:00:00",
      "quarter_label": "2024-06 (Q2)",
      "revenue": 1759663000,
      "gross_profit": 261619000,
      "operating_income": 157800000,
      "net_income": 77563000,
      "opex": 1601861000,
      "cogs": 1498044000,
      "rd": null,
      "sga": null,
      "fcf": 278152000,
      "ocf": 278152000,
      "capex": null,
      "gross_margin": 0.14867562709450616,
      "op_margin": 0.08967626187514313,
      "fcf_margin": 0.158071176128611,
      "incr_op_margin_yoy": -0.01649145474834087,
      "rev_growth_yoy": 0.05084119226432762,
      "rev_growth_yoy_accel": -0.023531472872791143,
      "fcf_margin_change": 0.1953524062655345
    },
    {
      "date": "2024-09-30T00:00:00",
      "quarter_label": "2024-09 (Q3)",
      "revenue": 1761220000,
      "gross_profit": 237321000,
      "operating_income": 141133000,
      "net_income": 55628000,
      "opex": 1621389000,
      "cogs": 1523899000,
      "rd": null,
      "sga": null,
      "fcf": 180969000,
      "ocf": 180969000,
      "capex": null,
      "gross_margin": 0.13474807235893302,
      "op_margin": 0.08013365735115431,
      "fcf_margin": 0.10275206958812641,
      "incr_op_margin_yoy": 0.1169629210895463,
      "rev_growth_yoy": 0.05734906891661974,
      "rev_growth_yoy_accel": 0.006507876652292119,
      "fcf_margin_change": -0.05531910654048458
    },
    {
      "date": "2024-12-31T00:00:00",
      "quarter_label": "2024-12 (Q4)",
      "revenue": 1312564000,
      "gross_profit": 137465000,
      "operating_income": -224585000,
      "net_income": -16050000,
      "opex": 101820000,
      "cogs": 1175099000,
      "rd": null,
      "sga": null,
      "fcf": 125432000,
      "ocf": 125432000,
      "capex": null,
      "gross_margin": 0.10473013125455216,
      "op_margin": -0.17110403759359544,
      "fcf_margin": 0.09556257828189711,
      "incr_op_margin_yoy": -3.5875614094528205,
      "rev_growth_yoy": 0.07753612956401525,
      "rev_growth_yoy_accel": 0.020187060647395505,
      "fcf_margin_change": -0.007189491306229298
    },
    {
      "date": "2025-03-31T00:00:00",
      "quarter_label": "2025-03 (Q1)",
      "revenue": 1353172000,
      "gross_profit": 180561000,
      "operating_income": 112745000,
      "net_income": 56681000,
      "opex": 1240427000,
      "cogs": 1172611000,
      "rd": null,
      "sga": null,
      "fcf": -3457000,
      "ocf": -3457000,
      "capex": null,
      "gross_margin": 0.13343536520117177,
      "op_margin": 0.08331904591581854,
      "fcf_margin": -0.0025547380525166056,
      "incr_op_margin_yoy": 0.1864442184662919,
      "rev_growth_yoy": -0.2435346646847148,
      "rev_growth_yoy_accel": -0.32107079424873003,
      "op_leverage_ratio": 0.0027666253696972073,
      "fcf_margin_change": -0.09811731633441372
    },
    {
      "date": "2025-06-30T00:00:00",
      "quarter_label": "2025-06 (Q2)",
      "revenue": 1339579000,
      "gross_profit": 155450000,
      "operating_income": 86531000,
      "net_income": 40571000,
      "opex": 1254640000,
      "cogs": 1184129000,
      "rd": null,
      "sga": null,
      "fcf": 110292000,
      "ocf": 110292000,
      "capex": null,
      "gross_margin": 0.11604392126182927,
      "op_margin": 0.06459566774337311,
      "fcf_margin": 0.08233333009848616,
      "incr_op_margin_yoy": 0.1696541644052142,
      "rev_growth_yoy": -0.23872980224054266,
      "rev_growth_yoy_accel": 0.004804862444172137,
      "fcf_margin_change": 0.08488806815100276
    },
    {
      "date": "2025-09-30T00:00:00",
      "quarter_label": "2025-09 (Q3)",
      "revenue": 1363445000,
      "gross_profit": 147450000,
      "operating_income": 72958000,
      "net_income": 28793000,
      "opex": 1290487000,
      "cogs": 1215995000,
      "rd": null,
      "sga": null,
      "fcf": 175307000,
      "ocf": 175307000,
      "capex": null,
      "gross_margin": 0.10814517637308435,
      "op_margin": 0.05351004257597483,
      "fcf_margin": 0.1285765102369366,
      "incr_op_margin_yoy": 0.17139086166802842,
      "rev_growth_yoy": -0.22585196625066714,
      "rev_growth_yoy_accel": 0.012877835989875519,
      "op_leverage_ratio": 0.623559096649082,
      "fcf_margin_change": 0.046243180138450427
    }
  ],
  "signals": [
    {
      "quarter": "2025-06 (Q2)",
      "signal": "FCF TURNED POSITIVE",
      "detail": "FCF margin: -0.3% -> +8.2%",
      "severity": "HIGH"
    },
    {
      "quarter": "2025-03 (Q1)",
      "signal": "GROSS MARGIN INFLECTION",
      "detail": "GM: +13.5% -> +10.5% -> +13.3% (reversal +2.9%)",
      "severity": "MEDIUM"
    },
    {
      "quarter": "2025-03 (Q1)",
      "signal": "YoY REVENUE GROWTH DECELERATION",
      "detail": "YoY growth: -24.4% vs prior quarter YoY: +7.8% (decel: -32.1%)",
      "severity": "WARNING"
    },
    {
      "quarter": "2025-03 (Q1)",
      "signal": "OP MARGIN TURNED POSITIVE (QoQ)",
      "detail": "Op margin: -17.1% -> +8.3%",
      "severity": "HIGH"
    },
    {
      "quarter": "2024-06 (Q2)",
      "signal": "FCF TURNED POSITIVE",
      "detail": "FCF margin: -3.7% -> +15.8%",
      "severity": "HIGH"
    },
    {
      "quarter": "2024-03 (Q1)",
      "signal": "OPERATING LEVERAGE",
      "detail": "Rev growth +46.9% vs OpEx growth +3.4% (leverage: 13.9x)",
      "severity": "MEDIUM"
    },
    {
      "quarter": "2024-03 (Q1)",
      "signal": "GROSS MARGIN INFLECTION",
      "detail": "GM: +13.4% -> +11.8% -> +16.4% (reversal +4.6%)",
      "severity": "MEDIUM"
    },
    {
      "quarter": "2024-03 (Q1)",
      "signal": "YoY REVENUE GROWTH ACCELERATION",
      "detail": "YoY growth: +7.4% vs prior quarter YoY: -23.0% (accel: +30.4%)",
      "severity": "HIGH"
    },
    {
      "quarter": "2024-03 (Q1)",
      "signal": "INCREMENTAL MARGIN (YoY)",
      "detail": "YoY Incr OPM: +34.3% vs year-ago OPM: +9.1%",
      "severity": "HIGH"
    },
    {
      "quarter": "2023-12 (Q4)",
      "signal": "FCF MARGIN EXPANSION",
      "detail": "FCF margin: +7.0% -> +14.7% (+7.7%)",
      "severity": "MEDIUM"
    },
    {
      "quarter": "2023-12 (Q4)",
      "signal": "YoY REVENUE GROWTH DECELERATION",
      "detail": "YoY growth: -23.0% vs prior quarter YoY: +6.2% (decel: -29.2%)",
      "severity": "WARNING"
    },
    {
      "quarter": "2023-09 (Q3)",
      "signal": "INCREMENTAL MARGIN (YoY)",
      "detail": "YoY Incr OPM: +39.3% vs year-ago OPM: +5.8%",
      "severity": "HIGH"
    },
    {
      "quarter": "2023-06 (Q2)",
      "signal": "FCF MARGIN EXPANSION",
      "detail": "FCF margin: +3.1% -> +14.0% (+10.9%)",
      "severity": "MEDIUM"
    },
    {
      "quarter": "2023-06 (Q2)",
      "signal": "INCREMENTAL MARGIN (YoY)",
      "detail": "YoY Incr OPM: +42.6% vs year-ago OPM: +7.6%",
      "severity": "HIGH"
    },
    {
      "quarter": "2023-03 (Q1)",
      "signal": "OPERATING LEVERAGE",
      "detail": "Rev growth +5.3% vs OpEx growth +0.9% (leverage: 5.8x)",
      "severity": "MEDIUM"
    },
    {
      "quarter": "2023-03 (Q1)",
      "signal": "GROSS MARGIN INFLECTION",
      "detail": "GM: +11.1% -> +10.9% -> +14.8% (reversal +3.9%)",
      "severity": "MEDIUM"
    },
    {
      "quarter": "2023-03 (Q1)",
      "signal": "INCREMENTAL MARGIN (YoY)",
      "detail": "YoY Incr OPM: +72.6% vs year-ago OPM: +6.5%",
      "severity": "HIGH"
    },
    {
      "quarter": "2022-12 (Q4)",
      "signal": "INCREMENTAL MARGIN (YoY)",
      "detail": "YoY Incr OPM: +43.1% vs year-ago OPM: +5.0%",
      "severity": "HIGH"
    },
    {
      "quarter": "2022-06 (Q2)",
      "signal": "FCF MARGIN EXPANSION",
      "detail": "FCF margin: +0.4% -> +10.8% (+10.4%)",
      "severity": "MEDIUM"
    },
    {
      "quarter": "2022-03 (Q1)",
      "signal": "FCF TURNED POSITIVE",
      "detail": "FCF margin: -3.9% -> +0.4%",
      "severity": "HIGH"
    },
    {
      "quarter": "2022-03 (Q1)",
      "signal": "OPERATING LEVERAGE",
      "detail": "Rev growth +2.5% vs OpEx growth +0.2% (leverage: 12.3x)",
      "severity": "MEDIUM"
    },
    {
      "quarter": "2021-03 (Q1)",
      "signal": "OPERATING LEVERAGE",
      "detail": "Rev growth +5.9% vs OpEx growth +3.4% (leverage: 1.7x)",
      "severity": "MEDIUM"
    }
  ],
  "data_quality": {
    "n_quarters": 20,
    "coverage": {
      "revenue": [
        20,
        20
      ],
      "gross_profit": [
        20,
        20
      ],
      "op_income": [
        20,
        20
      ],
      "fcf": [
        20,
        20
      ]
    },
    "gaps": [],
    "warnings": []
  },
  "market_cap": null,
  "source": "SEC EDGAR",
  "last_updated": "2026-02-02T21:40:13.745627"
}