{
  "ticker": "SEPN",
  "name": "Septerna, Inc.",
  "quarters": [
    {
      "date": "2023-09-30T00:00:00",
      "quarter_label": "2023-09 (Q3)",
      "revenue": 33000,
      "gross_profit": null,
      "operating_income": -12040000,
      "net_income": -10945000,
      "opex": 12073000,
      "cogs": null,
      "rd": 9281000,
      "sga": null,
      "fcf": null,
      "ocf": null,
      "capex": null,
      "gross_margin": null,
      "op_margin": -364.8484848484849,
      "fcf_margin": null
    },
    {
      "date": "2023-12-31T00:00:00",
      "quarter_label": "2023-12 (Q4)",
      "revenue": 118000,
      "gross_profit": null,
      "operating_income": 34317000,
      "net_income": 34894000,
      "opex": -34199000,
      "cogs": null,
      "rd": 10326000,
      "sga": null,
      "fcf": -10036000,
      "ocf": -8797000,
      "capex": -1239000,
      "gross_margin": null,
      "op_margin": 290.8220338983051,
      "fcf_margin": -85.05084745762711,
      "op_leverage_ratio": Infinity
    },
    {
      "date": "2024-03-31T00:00:00",
      "quarter_label": "2024-03 (Q1)",
      "revenue": 317000,
      "gross_profit": null,
      "operating_income": -15490000,
      "net_income": -14097000,
      "opex": 15807000,
      "cogs": null,
      "rd": 13153000,
      "sga": null,
      "fcf": -17475000,
      "ocf": -16711000,
      "capex": -764000,
      "gross_margin": null,
      "op_margin": -48.86435331230284,
      "fcf_margin": -55.126182965299684,
      "op_leverage_ratio": Infinity,
      "fcf_margin_change": 29.92466449232743
    },
    {
      "date": "2024-06-30T00:00:00",
      "quarter_label": "2024-06 (Q2)",
      "revenue": 370000,
      "gross_profit": null,
      "operating_income": -18065000,
      "net_income": -16510000,
      "opex": 18435000,
      "cogs": null,
      "rd": 15035000,
      "sga": null,
      "fcf": -13136000,
      "ocf": -12987000,
      "capex": -149000,
      "gross_margin": null,
      "op_margin": -48.82432432432432,
      "fcf_margin": -35.502702702702706,
      "op_leverage_ratio": 1.0056357403166096,
      "fcf_margin_change": 19.623480262596978
    },
    {
      "date": "2024-09-30T00:00:00",
      "quarter_label": "2024-09 (Q3)",
      "revenue": 176000,
      "gross_profit": null,
      "operating_income": -22550000,
      "net_income": -20523000,
      "opex": 22726000,
      "cogs": null,
      "rd": 17832000,
      "sga": null,
      "fcf": -17392000,
      "ocf": -16814000,
      "capex": -578000,
      "gross_margin": null,
      "op_margin": -128.125,
      "fcf_margin": -98.81818181818181,
      "rev_growth_yoy": 4.333333333333333,
      "fcf_margin_change": -63.31547911547911
    },
    {
      "date": "2024-12-31T00:00:00",
      "quarter_label": "2024-12 (Q4)",
      "revenue": 212000,
      "gross_profit": null,
      "operating_income": -24718000,
      "net_income": -20668000,
      "opex": 24930000,
      "cogs": null,
      "rd": 19317000,
      "sga": null,
      "fcf": -21570000,
      "ocf": -20958000,
      "capex": -612000,
      "gross_margin": null,
      "op_margin": -116.59433962264151,
      "fcf_margin": -101.74528301886792,
      "rev_growth_yoy": 0.7966101694915254,
      "rev_growth_yoy_accel": -3.5367231638418075,
      "op_leverage_ratio": 2.1091197822141563,
      "fcf_margin_change": -2.92710120068611
    },
    {
      "date": "2025-03-31T00:00:00",
      "quarter_label": "2025-03 (Q1)",
      "revenue": 219000,
      "gross_profit": null,
      "operating_income": -25910000,
      "net_income": -21476000,
      "opex": 26129000,
      "cogs": null,
      "rd": 19271000,
      "sga": null,
      "fcf": -23725000,
      "ocf": -23343000,
      "capex": -382000,
      "gross_margin": null,
      "op_margin": -118.31050228310502,
      "fcf_margin": -108.33333333333333,
      "rev_growth_yoy": -0.30914826498422715,
      "rev_growth_yoy_accel": -1.1057584344757525,
      "op_leverage_ratio": 0.6865390970462807,
      "fcf_margin_change": -6.588050314465406
    },
    {
      "date": "2025-06-30T00:00:00",
      "quarter_label": "2025-06 (Q2)",
      "revenue": 119000,
      "gross_profit": null,
      "operating_income": -28978000,
      "net_income": -24838000,
      "opex": 29097000,
      "cogs": null,
      "rd": 22188000,
      "sga": null,
      "fcf": -20345000,
      "ocf": -20287000,
      "capex": -58000,
      "gross_margin": null,
      "op_margin": -243.51260504201682,
      "fcf_margin": -170.96638655462183,
      "rev_growth_yoy": -0.6783783783783783,
      "rev_growth_yoy_accel": -0.3692301133941512,
      "fcf_margin_change": -62.633053221288506
    },
    {
      "date": "2025-09-30T00:00:00",
      "quarter_label": "2025-09 (Q3)",
      "revenue": 21495000,
      "gross_profit": null,
      "operating_income": 2614000,
      "net_income": 8173000,
      "opex": 18881000,
      "cogs": null,
      "rd": 24264000,
      "sga": null,
      "fcf": 168794000,
      "ocf": 168807000,
      "capex": -13000,
      "gross_margin": null,
      "op_margin": 0.12160967666899279,
      "fcf_margin": 7.852709932542452,
      "incr_op_margin_yoy": 1.1803555513860875,
      "rev_growth_yoy": 121.13068181818181,
      "rev_growth_yoy_accel": 121.8090601965602,
      "op_leverage_ratio": Infinity,
      "fcf_margin_change": 178.81909648716427
    }
  ],
  "signals": [
    {
      "quarter": "2025-09 (Q3)",
      "signal": "FCF TURNED POSITIVE",
      "detail": "FCF margin: -17096.6% -> +785.3%",
      "severity": "HIGH"
    },
    {
      "quarter": "2025-09 (Q3)",
      "signal": "YoY REVENUE GROWTH ACCELERATION",
      "detail": "YoY growth: +12113.1% vs prior quarter YoY: -67.8% (accel: +12180.9%)",
      "severity": "HIGH"
    },
    {
      "quarter": "2025-09 (Q3)",
      "signal": "OP MARGIN TURNED POSITIVE (YoY)",
      "detail": "Op margin: -12812.5% (year-ago) -> +12.2%",
      "severity": "HIGH"
    },
    {
      "quarter": "2025-09 (Q3)",
      "signal": "OP MARGIN TURNED POSITIVE (QoQ)",
      "detail": "Op margin: -24351.3% -> +12.2%",
      "severity": "HIGH"
    },
    {
      "quarter": "2025-06 (Q2)",
      "signal": "YoY REVENUE GROWTH DECELERATION",
      "detail": "YoY growth: -67.8% vs prior quarter YoY: -30.9% (decel: -36.9%)",
      "severity": "WARNING"
    },
    {
      "quarter": "2025-03 (Q1)",
      "signal": "YoY REVENUE GROWTH DECELERATION",
      "detail": "YoY growth: -30.9% vs prior quarter YoY: +79.7% (decel: -110.6%)",
      "severity": "WARNING"
    },
    {
      "quarter": "2024-12 (Q4)",
      "signal": "OPERATING LEVERAGE",
      "detail": "Rev growth +20.5% vs OpEx growth +9.7% (leverage: 2.1x)",
      "severity": "MEDIUM"
    },
    {
      "quarter": "2024-12 (Q4)",
      "signal": "YoY REVENUE GROWTH DECELERATION",
      "detail": "YoY growth: +79.7% vs prior quarter YoY: +433.3% (decel: -353.7%)",
      "severity": "WARNING"
    },
    {
      "quarter": "2024-06 (Q2)",
      "signal": "FCF MARGIN EXPANSION",
      "detail": "FCF margin: -5512.6% -> -3550.3% (+1962.3%)",
      "severity": "MEDIUM"
    },
    {
      "quarter": "2024-03 (Q1)",
      "signal": "FCF MARGIN EXPANSION",
      "detail": "FCF margin: -8505.1% -> -5512.6% (+2992.5%)",
      "severity": "MEDIUM"
    },
    {
      "quarter": "2023-12 (Q4)",
      "signal": "OP MARGIN TURNED POSITIVE (QoQ)",
      "detail": "Op margin: -36484.8% -> +29082.2%",
      "severity": "HIGH"
    }
  ],
  "data_quality": {
    "n_quarters": 9,
    "coverage": {
      "revenue": [
        9,
        9
      ],
      "gross_profit": [
        0,
        9
      ],
      "op_income": [
        9,
        9
      ],
      "fcf": [
        8,
        9
      ]
    },
    "gaps": [],
    "warnings": [
      "gross_profit: no data"
    ]
  },
  "market_cap": null,
  "source": "SEC EDGAR",
  "last_updated": "2026-02-02T21:57:07.425704"
}