{
  "ticker": "SEVN",
  "name": "Seven Hills Realty Trust",
  "sector": "Real Estate",
  "industry": "REIT - Mortgage",
  "quarters": [
    {
      "date": "2022-06-30T00:00:00",
      "quarter_label": "2022-06 (Q2)",
      "revenue": 7498000,
      "gross_profit": null,
      "operating_income": null,
      "net_income": 4578000,
      "opex": 2881000,
      "cogs": null,
      "rd": null,
      "sga": null,
      "fcf": 3222000,
      "ocf": 3222000,
      "capex": null,
      "gross_margin": null,
      "op_margin": null,
      "fcf_margin": 0.429714590557482
    },
    {
      "date": "2022-09-30T00:00:00",
      "quarter_label": "2022-09 (Q3)",
      "revenue": 7799000,
      "gross_profit": null,
      "operating_income": null,
      "net_income": 5176000,
      "opex": 2600000,
      "cogs": null,
      "rd": null,
      "sga": null,
      "fcf": 3656000,
      "ocf": 3656000,
      "capex": null,
      "gross_margin": null,
      "op_margin": null,
      "fcf_margin": 0.4687780484677523,
      "op_leverage_ratio": null,
      "fcf_margin_change": 0.03906345791027027
    },
    {
      "date": "2022-12-31T00:00:00",
      "quarter_label": "2022-12 (Q4)",
      "revenue": 9288000,
      "gross_profit": null,
      "operating_income": null,
      "net_income": 6760000,
      "opex": 2522000,
      "cogs": null,
      "rd": null,
      "sga": null,
      "fcf": 2788000,
      "ocf": 2788000,
      "capex": null,
      "gross_margin": null,
      "op_margin": null,
      "fcf_margin": 0.30017226528854435,
      "op_leverage_ratio": null,
      "fcf_margin_change": -0.16860578317920794
    },
    {
      "date": "2023-03-31T00:00:00",
      "quarter_label": "2023-03 (Q1)",
      "revenue": 9347000,
      "gross_profit": null,
      "operating_income": null,
      "net_income": 7803000,
      "opex": 1524000,
      "cogs": null,
      "rd": null,
      "sga": null,
      "fcf": 6577000,
      "ocf": 6577000,
      "capex": null,
      "gross_margin": null,
      "op_margin": null,
      "fcf_margin": 0.7036482293784102,
      "fcf_margin_change": 0.40347596408986586
    },
    {
      "date": "2023-06-30T00:00:00",
      "quarter_label": "2023-06 (Q2)",
      "revenue": 9090000,
      "gross_profit": null,
      "operating_income": null,
      "net_income": 4644000,
      "opex": 4419000,
      "cogs": null,
      "rd": null,
      "sga": null,
      "fcf": 5029000,
      "ocf": 5029000,
      "capex": null,
      "gross_margin": null,
      "op_margin": null,
      "fcf_margin": 0.5532453245324532,
      "rev_growth_yoy": 0.2123232862096559,
      "fcf_margin_change": -0.15040290484595698
    },
    {
      "date": "2023-09-30T00:00:00",
      "quarter_label": "2023-09 (Q3)",
      "revenue": 9798000,
      "gross_profit": null,
      "operating_income": null,
      "net_income": 7473000,
      "opex": 2307000,
      "cogs": null,
      "rd": null,
      "sga": null,
      "fcf": 3338000,
      "ocf": 3338000,
      "capex": null,
      "gross_margin": null,
      "op_margin": null,
      "fcf_margin": 0.34068177179016124,
      "rev_growth_yoy": 0.2563149121682267,
      "rev_growth_yoy_accel": 0.04399162595857081,
      "op_leverage_ratio": null,
      "fcf_margin_change": -0.212563552742292
    },
    {
      "date": "2023-12-31T00:00:00",
      "quarter_label": "2023-12 (Q4)",
      "revenue": 10000000,
      "gross_profit": null,
      "operating_income": null,
      "net_income": 6045000,
      "opex": 4058000,
      "cogs": null,
      "rd": null,
      "sga": null,
      "fcf": 5326000,
      "ocf": 5326000,
      "capex": null,
      "gross_margin": null,
      "op_margin": null,
      "fcf_margin": 0.5326,
      "rev_growth_yoy": 0.07665805340223945,
      "rev_growth_yoy_accel": -0.17965685876598725,
      "op_leverage_ratio": 0.02716285296513269,
      "fcf_margin_change": 0.19191822820983873
    },
    {
      "date": "2024-03-31T00:00:00",
      "quarter_label": "2024-03 (Q1)",
      "revenue": 9362000,
      "gross_profit": null,
      "operating_income": null,
      "net_income": 5233000,
      "opex": 4126000,
      "cogs": null,
      "rd": null,
      "sga": null,
      "fcf": 4724000,
      "ocf": 4724000,
      "capex": null,
      "gross_margin": null,
      "op_margin": null,
      "fcf_margin": 0.5045930356761376,
      "rev_growth_yoy": 0.00160479298170536,
      "rev_growth_yoy_accel": -0.07505326042053409,
      "fcf_margin_change": -0.028006964323862404
    },
    {
      "date": "2024-06-30T00:00:00",
      "quarter_label": "2024-06 (Q2)",
      "revenue": 9380000,
      "gross_profit": null,
      "operating_income": null,
      "net_income": 4229000,
      "opex": 5138000,
      "cogs": null,
      "rd": null,
      "sga": null,
      "fcf": 4245000,
      "ocf": 4245000,
      "capex": null,
      "gross_margin": null,
      "op_margin": null,
      "fcf_margin": 0.4525586353944563,
      "rev_growth_yoy": 0.0319031903190319,
      "rev_growth_yoy_accel": 0.030298397337326543,
      "fcf_margin_change": -0.05203440028168127
    },
    {
      "date": "2024-09-30T00:00:00",
      "quarter_label": "2024-09 (Q3)",
      "revenue": 8857000,
      "gross_profit": null,
      "operating_income": null,
      "net_income": 3479000,
      "opex": 5367000,
      "cogs": null,
      "rd": null,
      "sga": null,
      "fcf": 7300000,
      "ocf": 7300000,
      "capex": null,
      "gross_margin": null,
      "op_margin": null,
      "fcf_margin": 0.8242068420458395,
      "rev_growth_yoy": -0.09604000816493162,
      "rev_growth_yoy_accel": -0.12794319848396352,
      "fcf_margin_change": 0.3716482066513832
    },
    {
      "date": "2024-12-31T00:00:00",
      "quarter_label": "2024-12 (Q4)",
      "revenue": 7675000,
      "gross_profit": null,
      "operating_income": null,
      "net_income": 4879000,
      "opex": 2790000,
      "cogs": null,
      "rd": null,
      "sga": null,
      "fcf": 3841000,
      "ocf": 3841000,
      "capex": null,
      "gross_margin": null,
      "op_margin": null,
      "fcf_margin": 0.5004560260586319,
      "rev_growth_yoy": -0.2325,
      "rev_growth_yoy_accel": -0.1364599918350684,
      "fcf_margin_change": -0.32375081598720756
    },
    {
      "date": "2025-03-31T00:00:00",
      "quarter_label": "2025-03 (Q1)",
      "revenue": 7594000,
      "gross_profit": null,
      "operating_income": null,
      "net_income": 4532000,
      "opex": 3051000,
      "cogs": null,
      "rd": null,
      "sga": null,
      "fcf": 3686000,
      "ocf": 3686000,
      "capex": null,
      "gross_margin": null,
      "op_margin": null,
      "fcf_margin": 0.48538319726099555,
      "rev_growth_yoy": -0.18884853663747062,
      "rev_growth_yoy_accel": 0.0436514633625294,
      "fcf_margin_change": -0.015072828797636384
    },
    {
      "date": "2025-06-30T00:00:00",
      "quarter_label": "2025-06 (Q2)",
      "revenue": 7393000,
      "gross_profit": null,
      "operating_income": null,
      "net_income": 2678000,
      "opex": 4718000,
      "cogs": null,
      "rd": null,
      "sga": null,
      "fcf": 4977000,
      "ocf": 4977000,
      "capex": null,
      "gross_margin": null,
      "op_margin": null,
      "fcf_margin": 0.6732043825240092,
      "rev_growth_yoy": -0.21183368869936034,
      "rev_growth_yoy_accel": -0.022985152061889724,
      "fcf_margin_change": 0.1878211852630136
    },
    {
      "date": "2025-09-30T00:00:00",
      "quarter_label": "2025-09 (Q3)",
      "revenue": 7092000,
      "gross_profit": null,
      "operating_income": null,
      "net_income": 3430000,
      "opex": 3664000,
      "cogs": null,
      "rd": null,
      "sga": null,
      "fcf": 3165000,
      "ocf": 3165000,
      "capex": null,
      "gross_margin": null,
      "op_margin": null,
      "fcf_margin": 0.44627749576988157,
      "rev_growth_yoy": -0.1992774077001242,
      "rev_growth_yoy_accel": 0.012556280999236141,
      "fcf_margin_change": -0.2269268867541276
    },
    {
      "date": "2025-12-31T00:00:00",
      "quarter_label": "2025-12 (Q4)",
      "revenue": 7304000,
      "gross_profit": null,
      "operating_income": null,
      "net_income": 4794000,
      "opex": 2502000,
      "cogs": null,
      "rd": null,
      "sga": null,
      "fcf": 3210000,
      "ocf": 3210000,
      "capex": null,
      "gross_margin": null,
      "op_margin": null,
      "fcf_margin": 0.43948521358159914,
      "rev_growth_yoy": -0.04833876221498371,
      "rev_growth_yoy_accel": 0.1509386454851405,
      "op_leverage_ratio": null,
      "fcf_margin_change": -0.006792282188282428
    }
  ],
  "signals": [
    {
      "quarter": "2025-12 (Q4)",
      "signal": "YoY REVENUE GROWTH ACCELERATION",
      "detail": "YoY growth: -4.8% vs prior quarter YoY: -19.9% (accel: +15.1%)",
      "severity": "HIGH"
    },
    {
      "quarter": "2025-06 (Q2)",
      "signal": "FCF MARGIN EXPANSION",
      "detail": "FCF margin: +48.5% -> +67.3% (+18.8%)",
      "severity": "MEDIUM"
    },
    {
      "quarter": "2024-12 (Q4)",
      "signal": "YoY REVENUE GROWTH DECELERATION",
      "detail": "YoY growth: -23.2% vs prior quarter YoY: -9.6% (decel: -13.6%)",
      "severity": "WARNING"
    },
    {
      "quarter": "2024-09 (Q3)",
      "signal": "FCF MARGIN EXPANSION",
      "detail": "FCF margin: +45.3% -> +82.4% (+37.2%)",
      "severity": "MEDIUM"
    },
    {
      "quarter": "2024-09 (Q3)",
      "signal": "YoY REVENUE GROWTH DECELERATION",
      "detail": "YoY growth: -9.6% vs prior quarter YoY: +3.2% (decel: -12.8%)",
      "severity": "WARNING"
    },
    {
      "quarter": "2024-03 (Q1)",
      "signal": "YoY REVENUE GROWTH DECELERATION",
      "detail": "YoY growth: +0.2% vs prior quarter YoY: +7.7% (decel: -7.5%)",
      "severity": "WARNING"
    },
    {
      "quarter": "2023-12 (Q4)",
      "signal": "FCF MARGIN EXPANSION",
      "detail": "FCF margin: +34.1% -> +53.3% (+19.2%)",
      "severity": "MEDIUM"
    },
    {
      "quarter": "2023-12 (Q4)",
      "signal": "YoY REVENUE GROWTH DECELERATION",
      "detail": "YoY growth: +7.7% vs prior quarter YoY: +25.6% (decel: -18.0%)",
      "severity": "WARNING"
    },
    {
      "quarter": "2023-03 (Q1)",
      "signal": "FCF MARGIN EXPANSION",
      "detail": "FCF margin: +30.0% -> +70.4% (+40.3%)",
      "severity": "MEDIUM"
    }
  ],
  "data_quality": {
    "n_quarters": 15,
    "coverage": {
      "revenue": [
        15,
        15
      ],
      "gross_profit": [
        0,
        15
      ],
      "op_income": [
        0,
        15
      ],
      "fcf": [
        15,
        15
      ]
    },
    "gaps": [],
    "warnings": [
      "gross_profit: no data",
      "op_income: no data"
    ]
  },
  "market_cap": null,
  "source": "SEC EDGAR",
  "last_updated": "2026-02-24T10:28:07.436728"
}