{
  "ticker": "SEZL",
  "name": "Sezzle Inc.",
  "quarters": [
    {
      "date": "2020-12-31T00:00:00",
      "quarter_label": "2020-12 (Q4)",
      "revenue": 22085379,
      "gross_profit": null,
      "operating_income": -14619003,
      "net_income": -16034966,
      "opex": 36704382,
      "cogs": null,
      "rd": null,
      "sga": 3620279,
      "fcf": -22826653,
      "ocf": -22616421,
      "capex": -210232,
      "gross_margin": null,
      "op_margin": -0.6619312713628324,
      "fcf_margin": -1.0335640153605696
    },
    {
      "date": "2021-03-31T00:00:00",
      "quarter_label": "2021-03 (Q1)",
      "revenue": 26030758,
      "gross_profit": null,
      "operating_income": -8831798,
      "net_income": -11353357,
      "opex": 34862556,
      "cogs": null,
      "rd": null,
      "sga": 2383515,
      "fcf": -5598838,
      "ocf": -5409000,
      "capex": -189838,
      "gross_margin": null,
      "op_margin": -0.3392831664755978,
      "fcf_margin": -0.21508547695768213,
      "op_leverage_ratio": Infinity,
      "fcf_margin_change": 0.8184785384028875
    },
    {
      "date": "2021-06-30T00:00:00",
      "quarter_label": "2021-06 (Q2)",
      "revenue": 27845669,
      "gross_profit": null,
      "operating_income": -17813643,
      "net_income": -19058872,
      "opex": 45659312,
      "cogs": null,
      "rd": null,
      "sga": 3905806,
      "fcf": -300734,
      "ocf": -181699,
      "capex": -119035,
      "gross_margin": null,
      "op_margin": -0.639727600008461,
      "fcf_margin": -0.010800027824793867,
      "op_leverage_ratio": 0.22513056245333263,
      "fcf_margin_change": 0.20428544913288826
    },
    {
      "date": "2021-09-30T00:00:00",
      "quarter_label": "2021-09 (Q3)",
      "revenue": 28480898,
      "gross_profit": null,
      "operating_income": -17687607,
      "net_income": -18834126,
      "opex": 46168505,
      "cogs": null,
      "rd": null,
      "sga": 4320404,
      "fcf": -25902896,
      "ocf": -25652267,
      "capex": -250629,
      "gross_margin": null,
      "op_margin": -0.6210340348116833,
      "fcf_margin": -0.9094831209324931,
      "op_leverage_ratio": 2.0455947423192673,
      "fcf_margin_change": -0.8986830931076992
    },
    {
      "date": "2021-12-31T00:00:00",
      "quarter_label": "2021-12 (Q4)",
      "revenue": 32875074,
      "gross_profit": null,
      "operating_income": -24349791,
      "net_income": -25922008,
      "opex": 57224865,
      "cogs": null,
      "rd": null,
      "sga": 5158857,
      "fcf": -41015614,
      "ocf": -40889084,
      "capex": -126530,
      "gross_margin": null,
      "op_margin": -0.7406763860060056,
      "fcf_margin": -1.247620431211805,
      "incr_op_margin_yoy": -0.9018594130788683,
      "rev_growth_yoy": 0.48854470643225095,
      "op_leverage_ratio": 0.6442544246888364,
      "fcf_margin_change": -0.33813731027931204
    },
    {
      "date": "2022-03-31T00:00:00",
      "quarter_label": "2022-03 (Q1)",
      "revenue": 27633962,
      "gross_profit": null,
      "operating_income": -26123722,
      "net_income": -27988546,
      "opex": 53757684,
      "cogs": null,
      "rd": null,
      "sga": 7743061,
      "fcf": 7752852,
      "ocf": 7809340,
      "capex": -56488,
      "gross_margin": null,
      "op_margin": -0.9453484085995342,
      "fcf_margin": 0.28055520956423113,
      "incr_op_margin_yoy": -10.78585382771001,
      "rev_growth_yoy": 0.06158883271858622,
      "rev_growth_yoy_accel": -0.4269558737136647,
      "fcf_margin_change": 1.5281756407760363
    },
    {
      "date": "2022-06-30T00:00:00",
      "quarter_label": "2022-06 (Q2)",
      "revenue": 29252038,
      "gross_profit": null,
      "operating_income": -13552797,
      "net_income": -15083944,
      "opex": 42804835,
      "cogs": null,
      "rd": null,
      "sga": 4201063,
      "fcf": -1653163,
      "ocf": -1688732,
      "capex": 35569,
      "gross_margin": null,
      "op_margin": -0.4633112058722199,
      "fcf_margin": -0.05651445550563007,
      "incr_op_margin_yoy": 3.029678555201373,
      "rev_growth_yoy": 0.05050584347605367,
      "rev_growth_yoy_accel": -0.011082989242532551,
      "op_leverage_ratio": Infinity,
      "fcf_margin_change": -0.3370696650698612
    },
    {
      "date": "2022-09-30T00:00:00",
      "quarter_label": "2022-09 (Q3)",
      "revenue": 30408249,
      "gross_profit": null,
      "operating_income": 6499558,
      "net_income": 4344424,
      "opex": 23908691,
      "cogs": null,
      "rd": null,
      "sga": 2287595,
      "fcf": 959027,
      "ocf": 950512,
      "capex": 8515,
      "gross_margin": null,
      "op_margin": 0.2137432510500687,
      "fcf_margin": 0.031538382890774146,
      "incr_op_margin_yoy": 12.54943443098844,
      "rev_growth_yoy": 0.06767170754236752,
      "rev_growth_yoy_accel": 0.017165864066313853,
      "op_leverage_ratio": Infinity,
      "fcf_margin_change": 0.08805283839640421
    },
    {
      "date": "2022-12-31T00:00:00",
      "quarter_label": "2022-12 (Q4)",
      "revenue": 38276192,
      "gross_profit": null,
      "operating_income": 4742356,
      "net_income": 634310,
      "opex": 33533836,
      "cogs": null,
      "rd": null,
      "sga": 2180193,
      "fcf": 1400896,
      "ocf": 1440728,
      "capex": -39832,
      "gross_margin": null,
      "op_margin": 0.12389832300977068,
      "fcf_margin": 0.03659967010302383,
      "incr_op_margin_yoy": 5.38631946200768,
      "rev_growth_yoy": 0.1642921929240372,
      "rev_growth_yoy_accel": 0.09662048538166969,
      "op_leverage_ratio": 0.6427148145927535,
      "fcf_margin_change": 0.005061287212249688
    },
    {
      "date": "2023-03-31T00:00:00",
      "quarter_label": "2023-03 (Q1)",
      "revenue": 34673431,
      "gross_profit": null,
      "operating_income": 5419931,
      "net_income": 1724546,
      "opex": 29253500,
      "cogs": null,
      "rd": null,
      "sga": 2798210,
      "fcf": -4125895,
      "ocf": -4074737,
      "capex": -51158,
      "gross_margin": null,
      "op_margin": 0.15631366275809278,
      "fcf_margin": -0.11899298341718764,
      "incr_op_margin_yoy": 4.480970510701873,
      "rev_growth_yoy": 0.25473976551028044,
      "rev_growth_yoy_accel": 0.09044757258624322,
      "fcf_margin_change": -0.15559265352021148
    },
    {
      "date": "2023-06-30T00:00:00",
      "quarter_label": "2023-06 (Q2)",
      "revenue": 34937665,
      "gross_profit": null,
      "operating_income": 3763291,
      "net_income": 1139778,
      "opex": 31174374,
      "cogs": null,
      "rd": null,
      "sga": 1697629,
      "fcf": 6525756,
      "ocf": 6550948,
      "capex": -25192,
      "gross_margin": null,
      "op_margin": 0.10771443941660097,
      "fcf_margin": 0.18678283165174317,
      "incr_op_margin_yoy": 3.0455898707389704,
      "rev_growth_yoy": 0.19436686770337164,
      "rev_growth_yoy_accel": -0.0603728978069088,
      "fcf_margin_change": 0.3057758150689308
    },
    {
      "date": "2023-09-30T00:00:00",
      "quarter_label": "2023-09 (Q3)",
      "revenue": 40844201,
      "gross_profit": null,
      "operating_income": 5349745,
      "net_income": 1294400,
      "opex": 35494456,
      "cogs": null,
      "rd": null,
      "sga": 2184076,
      "fcf": -13128560,
      "ocf": -13151377,
      "capex": 22817,
      "gross_margin": null,
      "op_margin": 0.13097930352463008,
      "fcf_margin": -0.3214302074363017,
      "incr_op_margin_yoy": -0.11017806521149197,
      "rev_growth_yoy": 0.34319476928776793,
      "rev_growth_yoy_accel": 0.1488279015843963,
      "op_leverage_ratio": 1.2199575808667584,
      "fcf_margin_change": -0.5082130390880448
    },
    {
      "date": "2023-12-31T00:00:00",
      "quarter_label": "2023-12 (Q4)",
      "revenue": 48901475,
      "gross_profit": null,
      "operating_income": 7667434,
      "net_income": 2939298,
      "opex": 41234041,
      "cogs": null,
      "rd": null,
      "sga": 1907866,
      "fcf": -15043343,
      "ocf": -15015267,
      "capex": -28076,
      "gross_margin": null,
      "op_margin": 0.1567935118521476,
      "fcf_margin": -0.30762554708216877,
      "incr_op_margin_yoy": 0.27529412628350697,
      "rev_growth_yoy": 0.27759509096411683,
      "rev_growth_yoy_accel": -0.0655996783236511,
      "op_leverage_ratio": 1.2199380030390508,
      "fcf_margin_change": 0.013804660354132914
    },
    {
      "date": "2024-03-31T00:00:00",
      "quarter_label": "2024-03 (Q1)",
      "revenue": 46978634,
      "gross_profit": null,
      "operating_income": 13834657,
      "net_income": 8007005,
      "opex": 33143977,
      "cogs": null,
      "rd": null,
      "sga": 2379778,
      "fcf": 38611000,
      "ocf": 38613000,
      "capex": -2000,
      "gross_margin": null,
      "op_margin": 0.2944882773730713,
      "fcf_margin": 0.821884263386628,
      "incr_op_margin_yoy": 0.6838347973617339,
      "rev_growth_yoy": 0.35488853122149927,
      "rev_growth_yoy_accel": 0.07729344025738244,
      "fcf_margin_change": 1.1295098104687968
    },
    {
      "date": "2024-06-30T00:00:00",
      "quarter_label": "2024-06 (Q2)",
      "revenue": 55968505,
      "gross_profit": null,
      "operating_income": 16699380,
      "net_income": 29701881,
      "opex": 39269125,
      "cogs": null,
      "rd": null,
      "sga": 2521782,
      "fcf": -4419000,
      "ocf": -4395000,
      "capex": -24000,
      "gross_margin": null,
      "op_margin": 0.2983710213449511,
      "fcf_margin": -0.07895511949086366,
      "incr_op_margin_yoy": 0.6151009184606987,
      "rev_growth_yoy": 0.601953221544714,
      "rev_growth_yoy_accel": 0.2470646903232147,
      "op_leverage_ratio": 1.0354785509515638,
      "fcf_margin_change": -0.9008393828774917
    },
    {
      "date": "2024-09-30T00:00:00",
      "quarter_label": "2024-09 (Q3)",
      "revenue": 69957691,
      "gross_profit": null,
      "operating_income": 20841171,
      "net_income": 15446241,
      "opex": 49116520,
      "cogs": null,
      "rd": null,
      "sga": 2416951,
      "fcf": 5700000,
      "ocf": 5710000,
      "capex": -10000,
      "gross_margin": null,
      "op_margin": 0.2979110759959187,
      "fcf_margin": 0.08147781778560988,
      "incr_op_margin_yoy": 0.5321047390745665,
      "rev_growth_yoy": 0.7127937207046846,
      "rev_growth_yoy_accel": 0.11084049915997063,
      "op_leverage_ratio": 0.9967324643111716,
      "fcf_margin_change": 0.16043293727647354
    },
    {
      "date": "2024-12-31T00:00:00",
      "quarter_label": "2024-12 (Q4)",
      "revenue": 98223060,
      "gross_profit": null,
      "operating_income": 30870358,
      "net_income": 25367184,
      "opex": 67352702,
      "cogs": null,
      "rd": null,
      "sga": 4084957,
      "fcf": 938278,
      "ocf": 972038,
      "capex": -33760,
      "gross_margin": null,
      "op_margin": 0.31428829441884626,
      "fcf_margin": 0.009552522594999585,
      "incr_op_margin_yoy": 0.47044157238661327,
      "rev_growth_yoy": 1.008590947410073,
      "rev_growth_yoy_accel": 0.2957972267053883,
      "op_leverage_ratio": 1.0882103780159857,
      "fcf_margin_change": -0.07192529519061029
    },
    {
      "date": "2025-03-31T00:00:00",
      "quarter_label": "2025-03 (Q1)",
      "revenue": 104912000,
      "gross_profit": null,
      "operating_income": 49895000,
      "net_income": 36164000,
      "opex": 55017000,
      "cogs": null,
      "rd": null,
      "sga": null,
      "fcf": 58810000,
      "ocf": 58837000,
      "capex": -27000,
      "gross_margin": null,
      "op_margin": 0.4755890651212445,
      "fcf_margin": 0.560565044990087,
      "incr_op_margin_yoy": 0.6224451553531345,
      "rev_growth_yoy": 1.2331854093501313,
      "rev_growth_yoy_accel": 0.2245944619400584,
      "op_leverage_ratio": Infinity,
      "fcf_margin_change": 0.5510125223950874
    },
    {
      "date": "2025-06-30T00:00:00",
      "quarter_label": "2025-06 (Q2)",
      "revenue": 98702000,
      "gross_profit": null,
      "operating_income": 36086000,
      "net_income": 27604000,
      "opex": 62616000,
      "cogs": null,
      "rd": null,
      "sga": null,
      "fcf": -36719000,
      "ocf": -36315000,
      "capex": -404000,
      "gross_margin": null,
      "op_margin": 0.36560556017101986,
      "fcf_margin": -0.3720188040769184,
      "incr_op_margin_yoy": 0.4536633383251241,
      "rev_growth_yoy": 0.7635275410697498,
      "rev_growth_yoy_accel": -0.4696578682803815,
      "fcf_margin_change": -0.9325838490670053
    },
    {
      "date": "2025-09-30T00:00:00",
      "quarter_label": "2025-09 (Q3)",
      "revenue": 116796000,
      "gross_profit": null,
      "operating_income": 35561000,
      "net_income": 26671000,
      "opex": 81235000,
      "cogs": null,
      "rd": null,
      "sga": null,
      "fcf": 32933000,
      "ocf": 33096000,
      "capex": -163000,
      "gross_margin": null,
      "op_margin": 0.304471043528888,
      "fcf_margin": 0.28197027295455324,
      "incr_op_margin_yoy": 0.3142690100105877,
      "rev_growth_yoy": 0.6695233694891388,
      "rev_growth_yoy_accel": -0.09400417158061103,
      "op_leverage_ratio": 0.6165064178669943,
      "fcf_margin_change": 0.6539890770314716
    }
  ],
  "signals": [
    {
      "quarter": "2025-09 (Q3)",
      "signal": "FCF TURNED POSITIVE",
      "detail": "FCF margin: -37.2% -> +28.2%",
      "severity": "HIGH"
    },
    {
      "quarter": "2025-09 (Q3)",
      "signal": "YoY REVENUE GROWTH DECELERATION",
      "detail": "YoY growth: +67.0% vs prior quarter YoY: +76.4% (decel: -9.4%)",
      "severity": "WARNING"
    },
    {
      "quarter": "2025-06 (Q2)",
      "signal": "YoY REVENUE GROWTH DECELERATION",
      "detail": "YoY growth: +76.4% vs prior quarter YoY: +123.3% (decel: -47.0%)",
      "severity": "WARNING"
    },
    {
      "quarter": "2025-06 (Q2)",
      "signal": "INCREMENTAL MARGIN (YoY)",
      "detail": "YoY Incr OPM: +45.4% vs year-ago OPM: +29.8%",
      "severity": "MEDIUM"
    },
    {
      "quarter": "2025-03 (Q1)",
      "signal": "FCF MARGIN EXPANSION",
      "detail": "FCF margin: +1.0% -> +56.1% (+55.1%)",
      "severity": "MEDIUM"
    },
    {
      "quarter": "2025-03 (Q1)",
      "signal": "YoY REVENUE GROWTH ACCELERATION",
      "detail": "YoY growth: +123.3% vs prior quarter YoY: +100.9% (accel: +22.5%)",
      "severity": "HIGH"
    },
    {
      "quarter": "2025-03 (Q1)",
      "signal": "INCREMENTAL MARGIN (YoY)",
      "detail": "YoY Incr OPM: +62.2% vs year-ago OPM: +29.4%",
      "severity": "HIGH"
    },
    {
      "quarter": "2024-12 (Q4)",
      "signal": "YoY REVENUE GROWTH ACCELERATION",
      "detail": "YoY growth: +100.9% vs prior quarter YoY: +71.3% (accel: +29.6%)",
      "severity": "HIGH"
    },
    {
      "quarter": "2024-12 (Q4)",
      "signal": "INCREMENTAL MARGIN (YoY)",
      "detail": "YoY Incr OPM: +47.0% vs year-ago OPM: +15.7%",
      "severity": "HIGH"
    },
    {
      "quarter": "2024-09 (Q3)",
      "signal": "FCF TURNED POSITIVE",
      "detail": "FCF margin: -7.9% -> +8.1%",
      "severity": "HIGH"
    },
    {
      "quarter": "2024-09 (Q3)",
      "signal": "YoY REVENUE GROWTH ACCELERATION",
      "detail": "YoY growth: +71.3% vs prior quarter YoY: +60.2% (accel: +11.1%)",
      "severity": "MEDIUM"
    },
    {
      "quarter": "2024-09 (Q3)",
      "signal": "INCREMENTAL MARGIN (YoY)",
      "detail": "YoY Incr OPM: +53.2% vs year-ago OPM: +13.1%",
      "severity": "HIGH"
    },
    {
      "quarter": "2024-06 (Q2)",
      "signal": "YoY REVENUE GROWTH ACCELERATION",
      "detail": "YoY growth: +60.2% vs prior quarter YoY: +35.5% (accel: +24.7%)",
      "severity": "HIGH"
    },
    {
      "quarter": "2024-06 (Q2)",
      "signal": "INCREMENTAL MARGIN (YoY)",
      "detail": "YoY Incr OPM: +61.5% vs year-ago OPM: +10.8%",
      "severity": "HIGH"
    },
    {
      "quarter": "2024-03 (Q1)",
      "signal": "FCF TURNED POSITIVE",
      "detail": "FCF margin: -30.8% -> +82.2%",
      "severity": "HIGH"
    },
    {
      "quarter": "2024-03 (Q1)",
      "signal": "YoY REVENUE GROWTH ACCELERATION",
      "detail": "YoY growth: +35.5% vs prior quarter YoY: +27.8% (accel: +7.7%)",
      "severity": "MEDIUM"
    },
    {
      "quarter": "2024-03 (Q1)",
      "signal": "INCREMENTAL MARGIN (YoY)",
      "detail": "YoY Incr OPM: +68.4% vs year-ago OPM: +15.6%",
      "severity": "HIGH"
    },
    {
      "quarter": "2023-12 (Q4)",
      "signal": "YoY REVENUE GROWTH DECELERATION",
      "detail": "YoY growth: +27.8% vs prior quarter YoY: +34.3% (decel: -6.6%)",
      "severity": "WARNING"
    },
    {
      "quarter": "2023-12 (Q4)",
      "signal": "INCREMENTAL MARGIN (YoY)",
      "detail": "YoY Incr OPM: +27.5% vs year-ago OPM: +12.4%",
      "severity": "MEDIUM"
    },
    {
      "quarter": "2023-09 (Q3)",
      "signal": "YoY REVENUE GROWTH ACCELERATION",
      "detail": "YoY growth: +34.3% vs prior quarter YoY: +19.4% (accel: +14.9%)",
      "severity": "MEDIUM"
    },
    {
      "quarter": "2023-06 (Q2)",
      "signal": "FCF TURNED POSITIVE",
      "detail": "FCF margin: -11.9% -> +18.7%",
      "severity": "HIGH"
    },
    {
      "quarter": "2023-06 (Q2)",
      "signal": "YoY REVENUE GROWTH DECELERATION",
      "detail": "YoY growth: +19.4% vs prior quarter YoY: +25.5% (decel: -6.0%)",
      "severity": "WARNING"
    },
    {
      "quarter": "2023-06 (Q2)",
      "signal": "OP MARGIN TURNED POSITIVE (YoY)",
      "detail": "Op margin: -46.3% (year-ago) -> +10.8%",
      "severity": "HIGH"
    },
    {
      "quarter": "2023-03 (Q1)",
      "signal": "YoY REVENUE GROWTH ACCELERATION",
      "detail": "YoY growth: +25.5% vs prior quarter YoY: +16.4% (accel: +9.0%)",
      "severity": "MEDIUM"
    },
    {
      "quarter": "2023-03 (Q1)",
      "signal": "OP MARGIN TURNED POSITIVE (YoY)",
      "detail": "Op margin: -94.5% (year-ago) -> +15.6%",
      "severity": "HIGH"
    },
    {
      "quarter": "2022-12 (Q4)",
      "signal": "YoY REVENUE GROWTH ACCELERATION",
      "detail": "YoY growth: +16.4% vs prior quarter YoY: +6.8% (accel: +9.7%)",
      "severity": "MEDIUM"
    },
    {
      "quarter": "2022-12 (Q4)",
      "signal": "OP MARGIN TURNED POSITIVE (YoY)",
      "detail": "Op margin: -74.1% (year-ago) -> +12.4%",
      "severity": "HIGH"
    },
    {
      "quarter": "2022-09 (Q3)",
      "signal": "FCF TURNED POSITIVE",
      "detail": "FCF margin: -5.7% -> +3.2%",
      "severity": "HIGH"
    },
    {
      "quarter": "2022-09 (Q3)",
      "signal": "OP MARGIN TURNED POSITIVE (YoY)",
      "detail": "Op margin: -62.1% (year-ago) -> +21.4%",
      "severity": "HIGH"
    },
    {
      "quarter": "2022-09 (Q3)",
      "signal": "OP MARGIN TURNED POSITIVE (QoQ)",
      "detail": "Op margin: -46.3% -> +21.4%",
      "severity": "HIGH"
    },
    {
      "quarter": "2022-03 (Q1)",
      "signal": "FCF TURNED POSITIVE",
      "detail": "FCF margin: -124.8% -> +28.1%",
      "severity": "HIGH"
    },
    {
      "quarter": "2022-03 (Q1)",
      "signal": "YoY REVENUE GROWTH DECELERATION",
      "detail": "YoY growth: +6.2% vs prior quarter YoY: +48.9% (decel: -42.7%)",
      "severity": "WARNING"
    },
    {
      "quarter": "2021-09 (Q3)",
      "signal": "OPERATING LEVERAGE",
      "detail": "Rev growth +2.3% vs OpEx growth +1.1% (leverage: 2.0x)",
      "severity": "MEDIUM"
    },
    {
      "quarter": "2021-06 (Q2)",
      "signal": "FCF MARGIN EXPANSION",
      "detail": "FCF margin: -21.5% -> -1.1% (+20.4%)",
      "severity": "MEDIUM"
    },
    {
      "quarter": "2021-03 (Q1)",
      "signal": "FCF MARGIN EXPANSION",
      "detail": "FCF margin: -103.4% -> -21.5% (+81.8%)",
      "severity": "MEDIUM"
    }
  ],
  "data_quality": {
    "n_quarters": 20,
    "coverage": {
      "revenue": [
        20,
        20
      ],
      "gross_profit": [
        0,
        20
      ],
      "op_income": [
        20,
        20
      ],
      "fcf": [
        20,
        20
      ]
    },
    "gaps": [],
    "warnings": [
      "gross_profit: no data"
    ]
  },
  "market_cap": null,
  "source": "SEC EDGAR",
  "last_updated": "2026-02-02T21:31:52.522977"
}