{
  "ticker": "SF-PB",
  "name": "STIFEL FINANCIAL CORP",
  "quarters": [
    {
      "date": "2020-12-31T00:00:00",
      "quarter_label": "2020-12 (Q4)",
      "revenue": 1074425000,
      "gross_profit": null,
      "operating_income": null,
      "net_income": 188469000,
      "opex": null,
      "cogs": null,
      "rd": null,
      "sga": null,
      "fcf": 327292000,
      "ocf": 327292000,
      "capex": null,
      "gross_margin": null,
      "op_margin": null,
      "fcf_margin": 0.3046206110245015
    },
    {
      "date": "2021-03-31T00:00:00",
      "quarter_label": "2021-03 (Q1)",
      "revenue": 1149229000,
      "gross_profit": null,
      "operating_income": null,
      "net_income": 173015000,
      "opex": null,
      "cogs": null,
      "rd": null,
      "sga": null,
      "fcf": -520185000,
      "ocf": -520185000,
      "capex": null,
      "gross_margin": null,
      "op_margin": null,
      "fcf_margin": -0.4526382470334459,
      "fcf_margin_change": -0.7572588580579473
    },
    {
      "date": "2021-06-30T00:00:00",
      "quarter_label": "2021-06 (Q2)",
      "revenue": 1167314000,
      "gross_profit": null,
      "operating_income": null,
      "net_income": 198077000,
      "opex": null,
      "cogs": null,
      "rd": null,
      "sga": null,
      "fcf": 84196000,
      "ocf": 84196000,
      "capex": null,
      "gross_margin": null,
      "op_margin": null,
      "fcf_margin": 0.07212797927549913,
      "fcf_margin_change": 0.524766226308945
    },
    {
      "date": "2021-09-30T00:00:00",
      "quarter_label": "2021-09 (Q3)",
      "revenue": 1154961000,
      "gross_profit": null,
      "operating_income": null,
      "net_income": 192376000,
      "opex": null,
      "cogs": null,
      "rd": null,
      "sga": null,
      "fcf": 1006724000,
      "ocf": 1006724000,
      "capex": null,
      "gross_margin": null,
      "op_margin": null,
      "fcf_margin": 0.8716519432257885,
      "fcf_margin_change": 0.7995239639502894
    },
    {
      "date": "2021-12-31T00:00:00",
      "quarter_label": "2021-12 (Q4)",
      "revenue": 1311582000,
      "gross_profit": null,
      "operating_income": null,
      "net_income": 261390000,
      "opex": null,
      "cogs": null,
      "rd": null,
      "sga": null,
      "fcf": 301359000,
      "ocf": 301359000,
      "capex": null,
      "gross_margin": null,
      "op_margin": null,
      "fcf_margin": 0.2297675631413057,
      "rev_growth_yoy": 0.22072922726109315,
      "fcf_margin_change": -0.6418843800844829
    },
    {
      "date": "2022-03-31T00:00:00",
      "quarter_label": "2022-03 (Q1)",
      "revenue": 1125984000,
      "gross_profit": null,
      "operating_income": null,
      "net_income": 173549000,
      "opex": null,
      "cogs": null,
      "rd": null,
      "sga": null,
      "fcf": -675646000,
      "ocf": -675646000,
      "capex": null,
      "gross_margin": null,
      "op_margin": null,
      "fcf_margin": -0.6000493790320289,
      "rev_growth_yoy": -0.020226604097181675,
      "rev_growth_yoy_accel": -0.2409558313582748,
      "fcf_margin_change": -0.8298169421733346
    },
    {
      "date": "2022-06-30T00:00:00",
      "quarter_label": "2022-06 (Q2)",
      "revenue": 1125460000,
      "gross_profit": null,
      "operating_income": null,
      "net_income": 160816000,
      "opex": null,
      "cogs": null,
      "rd": null,
      "sga": null,
      "fcf": 436830000,
      "ocf": 436830000,
      "capex": null,
      "gross_margin": null,
      "op_margin": null,
      "fcf_margin": 0.3881346293959803,
      "rev_growth_yoy": -0.03585496276066251,
      "rev_growth_yoy_accel": -0.015628358663480835,
      "fcf_margin_change": 0.9881840084280092
    },
    {
      "date": "2022-09-30T00:00:00",
      "quarter_label": "2022-09 (Q3)",
      "revenue": 1104895000,
      "gross_profit": null,
      "operating_income": null,
      "net_income": 151169000,
      "opex": null,
      "cogs": null,
      "rd": null,
      "sga": null,
      "fcf": 538619000,
      "ocf": 538619000,
      "capex": null,
      "gross_margin": null,
      "op_margin": null,
      "fcf_margin": 0.4874843310902846,
      "rev_growth_yoy": -0.04334864986783103,
      "rev_growth_yoy_accel": -0.007493687107168523,
      "fcf_margin_change": 0.0993497016943043
    },
    {
      "date": "2022-12-31T00:00:00",
      "quarter_label": "2022-12 (Q4)",
      "revenue": 1236487000,
      "gross_profit": null,
      "operating_income": null,
      "net_income": 176621000,
      "opex": null,
      "cogs": null,
      "rd": null,
      "sga": null,
      "fcf": 857612000,
      "ocf": 857612000,
      "capex": null,
      "gross_margin": null,
      "op_margin": null,
      "fcf_margin": 0.6935875589472433,
      "rev_growth_yoy": -0.05725528407678666,
      "rev_growth_yoy_accel": -0.013906634208955625,
      "fcf_margin_change": 0.20610322785695873
    },
    {
      "date": "2023-03-31T00:00:00",
      "quarter_label": "2023-03 (Q1)",
      "revenue": 1261791000,
      "gross_profit": null,
      "operating_income": null,
      "net_income": 157539000,
      "opex": null,
      "cogs": null,
      "rd": null,
      "sga": null,
      "fcf": -385073000,
      "ocf": -385073000,
      "capex": null,
      "gross_margin": null,
      "op_margin": null,
      "fcf_margin": -0.3051797009171883,
      "rev_growth_yoy": 0.12061183817887287,
      "rev_growth_yoy_accel": 0.17786712225565954,
      "fcf_margin_change": -0.9987672598644317
    },
    {
      "date": "2023-06-30T00:00:00",
      "quarter_label": "2023-06 (Q2)",
      "revenue": 1241811000,
      "gross_profit": null,
      "operating_income": null,
      "net_income": 134352000,
      "opex": null,
      "cogs": null,
      "rd": null,
      "sga": null,
      "fcf": 378763000,
      "ocf": 378763000,
      "capex": null,
      "gross_margin": null,
      "op_margin": null,
      "fcf_margin": 0.305008572157921,
      "rev_growth_yoy": 0.10338083983437883,
      "rev_growth_yoy_accel": -0.017230998344494042,
      "fcf_margin_change": 0.6101882730751094
    },
    {
      "date": "2023-09-30T00:00:00",
      "quarter_label": "2023-09 (Q3)",
      "revenue": 1265587000,
      "gross_profit": null,
      "operating_income": null,
      "net_income": 68161000,
      "opex": null,
      "cogs": null,
      "rd": null,
      "sga": null,
      "fcf": 230463000,
      "ocf": 230463000,
      "capex": null,
      "gross_margin": null,
      "op_margin": null,
      "fcf_margin": 0.18209968970920212,
      "rev_growth_yoy": 0.1454364441870042,
      "rev_growth_yoy_accel": 0.042055604352625356,
      "fcf_margin_change": -0.12290888244871886
    },
    {
      "date": "2023-12-31T00:00:00",
      "quarter_label": "2023-12 (Q4)",
      "revenue": 1390091000,
      "gross_profit": null,
      "operating_income": null,
      "net_income": 162484000,
      "opex": null,
      "cogs": null,
      "rd": null,
      "sga": null,
      "fcf": 275175000,
      "ocf": 275175000,
      "capex": null,
      "gross_margin": null,
      "op_margin": null,
      "fcf_margin": 0.19795466627724373,
      "rev_growth_yoy": 0.1242261342011683,
      "rev_growth_yoy_accel": -0.021210309985835882,
      "fcf_margin_change": 0.015854976568041607
    },
    {
      "date": "2024-03-31T00:00:00",
      "quarter_label": "2024-03 (Q1)",
      "revenue": 1417693000,
      "gross_profit": null,
      "operating_income": null,
      "net_income": 163575000,
      "opex": null,
      "cogs": null,
      "rd": null,
      "sga": null,
      "fcf": -609721000,
      "ocf": -609721000,
      "capex": null,
      "gross_margin": null,
      "op_margin": null,
      "fcf_margin": -0.4300797140142471,
      "rev_growth_yoy": 0.12355611983284077,
      "rev_growth_yoy_accel": -0.0006700143683275317,
      "fcf_margin_change": -0.6280343802914908
    },
    {
      "date": "2024-06-30T00:00:00",
      "quarter_label": "2024-06 (Q2)",
      "revenue": 1465261000,
      "gross_profit": null,
      "operating_income": null,
      "net_income": 165294000,
      "opex": null,
      "cogs": null,
      "rd": null,
      "sga": null,
      "fcf": 476907000,
      "ocf": 476907000,
      "capex": null,
      "gross_margin": null,
      "op_margin": null,
      "fcf_margin": 0.3254758026044507,
      "rev_growth_yoy": 0.17993881516591495,
      "rev_growth_yoy_accel": 0.056382695333074176,
      "fcf_margin_change": 0.7555555166186978
    },
    {
      "date": "2024-09-30T00:00:00",
      "quarter_label": "2024-09 (Q3)",
      "revenue": 1475860000,
      "gross_profit": null,
      "operating_income": null,
      "net_income": 158505000,
      "opex": null,
      "cogs": null,
      "rd": null,
      "sga": null,
      "fcf": 199418000,
      "ocf": 199418000,
      "capex": null,
      "gross_margin": null,
      "op_margin": null,
      "fcf_margin": 0.135119862317564,
      "rev_growth_yoy": 0.16614661813055917,
      "rev_growth_yoy_accel": -0.01379219703535578,
      "fcf_margin_change": -0.19035594028688668
    },
    {
      "date": "2024-12-31T00:00:00",
      "quarter_label": "2024-12 (Q4)",
      "revenue": 1592872000,
      "gross_profit": null,
      "operating_income": null,
      "net_income": 244005000,
      "opex": null,
      "cogs": null,
      "rd": null,
      "sga": null,
      "fcf": 423833000,
      "ocf": 423833000,
      "capex": null,
      "gross_margin": null,
      "op_margin": null,
      "fcf_margin": 0.2660810159259501,
      "rev_growth_yoy": 0.14587606135137915,
      "rev_growth_yoy_accel": -0.02027055677918002,
      "fcf_margin_change": 0.13096115360838612
    },
    {
      "date": "2025-03-31T00:00:00",
      "quarter_label": "2025-03 (Q1)",
      "revenue": 1469026000,
      "gross_profit": null,
      "operating_income": null,
      "net_income": 52992000,
      "opex": null,
      "cogs": null,
      "rd": null,
      "sga": null,
      "fcf": -211208000,
      "ocf": -211208000,
      "capex": null,
      "gross_margin": null,
      "op_margin": null,
      "fcf_margin": -0.14377417418071567,
      "rev_growth_yoy": 0.03620882659362781,
      "rev_growth_yoy_accel": -0.10966723475775134,
      "fcf_margin_change": -0.4098551901066658
    },
    {
      "date": "2025-06-30T00:00:00",
      "quarter_label": "2025-06 (Q2)",
      "revenue": 1491086000,
      "gross_profit": null,
      "operating_income": null,
      "net_income": 155055000,
      "opex": null,
      "cogs": null,
      "rd": null,
      "sga": null,
      "fcf": 607490000,
      "ocf": 607490000,
      "capex": null,
      "gross_margin": null,
      "op_margin": null,
      "fcf_margin": 0.4074144616742428,
      "rev_growth_yoy": 0.01762484635843034,
      "rev_growth_yoy_accel": -0.018583980235197473,
      "fcf_margin_change": 0.5511886358549585
    },
    {
      "date": "2025-09-30T00:00:00",
      "quarter_label": "2025-09 (Q3)",
      "revenue": 1634565000,
      "gross_profit": null,
      "operating_income": null,
      "net_income": 211371000,
      "opex": null,
      "cogs": null,
      "rd": null,
      "sga": null,
      "fcf": 338298000,
      "ocf": 338298000,
      "capex": null,
      "gross_margin": null,
      "op_margin": null,
      "fcf_margin": 0.20696515586715733,
      "rev_growth_yoy": 0.10753391243071836,
      "rev_growth_yoy_accel": 0.08990906607228802,
      "fcf_margin_change": -0.20044930580708545
    }
  ],
  "signals": [
    {
      "quarter": "2025-09 (Q3)",
      "signal": "YoY REVENUE GROWTH ACCELERATION",
      "detail": "YoY growth: +10.8% vs prior quarter YoY: +1.8% (accel: +9.0%)",
      "severity": "MEDIUM"
    },
    {
      "quarter": "2025-06 (Q2)",
      "signal": "FCF TURNED POSITIVE",
      "detail": "FCF margin: -14.4% -> +40.7%",
      "severity": "HIGH"
    },
    {
      "quarter": "2025-03 (Q1)",
      "signal": "YoY REVENUE GROWTH DECELERATION",
      "detail": "YoY growth: +3.6% vs prior quarter YoY: +14.6% (decel: -11.0%)",
      "severity": "WARNING"
    },
    {
      "quarter": "2024-12 (Q4)",
      "signal": "FCF MARGIN EXPANSION",
      "detail": "FCF margin: +13.5% -> +26.6% (+13.1%)",
      "severity": "MEDIUM"
    },
    {
      "quarter": "2024-06 (Q2)",
      "signal": "FCF TURNED POSITIVE",
      "detail": "FCF margin: -43.0% -> +32.5%",
      "severity": "HIGH"
    },
    {
      "quarter": "2024-06 (Q2)",
      "signal": "YoY REVENUE GROWTH ACCELERATION",
      "detail": "YoY growth: +18.0% vs prior quarter YoY: +12.4% (accel: +5.6%)",
      "severity": "MEDIUM"
    },
    {
      "quarter": "2023-06 (Q2)",
      "signal": "FCF TURNED POSITIVE",
      "detail": "FCF margin: -30.5% -> +30.5%",
      "severity": "HIGH"
    },
    {
      "quarter": "2023-03 (Q1)",
      "signal": "YoY REVENUE GROWTH ACCELERATION",
      "detail": "YoY growth: +12.1% vs prior quarter YoY: -5.7% (accel: +17.8%)",
      "severity": "HIGH"
    },
    {
      "quarter": "2022-12 (Q4)",
      "signal": "FCF MARGIN EXPANSION",
      "detail": "FCF margin: +48.7% -> +69.4% (+20.6%)",
      "severity": "MEDIUM"
    },
    {
      "quarter": "2022-09 (Q3)",
      "signal": "FCF MARGIN EXPANSION",
      "detail": "FCF margin: +38.8% -> +48.7% (+9.9%)",
      "severity": "MEDIUM"
    },
    {
      "quarter": "2022-06 (Q2)",
      "signal": "FCF TURNED POSITIVE",
      "detail": "FCF margin: -60.0% -> +38.8%",
      "severity": "HIGH"
    },
    {
      "quarter": "2022-03 (Q1)",
      "signal": "YoY REVENUE GROWTH DECELERATION",
      "detail": "YoY growth: -2.0% vs prior quarter YoY: +22.1% (decel: -24.1%)",
      "severity": "WARNING"
    },
    {
      "quarter": "2021-09 (Q3)",
      "signal": "FCF MARGIN EXPANSION",
      "detail": "FCF margin: +7.2% -> +87.2% (+80.0%)",
      "severity": "MEDIUM"
    },
    {
      "quarter": "2021-06 (Q2)",
      "signal": "FCF TURNED POSITIVE",
      "detail": "FCF margin: -45.3% -> +7.2%",
      "severity": "HIGH"
    }
  ],
  "data_quality": {
    "n_quarters": 20,
    "coverage": {
      "revenue": [
        20,
        20
      ],
      "gross_profit": [
        0,
        20
      ],
      "op_income": [
        0,
        20
      ],
      "fcf": [
        20,
        20
      ]
    },
    "gaps": [],
    "warnings": [
      "gross_profit: no data",
      "op_income: no data"
    ]
  },
  "market_cap": null,
  "source": "SEC EDGAR",
  "last_updated": "2026-02-03T00:55:42.214658"
}