{
  "ticker": "SFD",
  "name": "SMITHFIELD FOODS, INC.",
  "quarters": [
    {
      "date": "2013-09-29T00:00:00",
      "quarter_label": "2013-09 (Q3)",
      "revenue": 3337200000,
      "gross_profit": 288600000,
      "operating_income": 78600000,
      "net_income": 35400000,
      "opex": 210000000,
      "cogs": null,
      "rd": null,
      "sga": null,
      "fcf": null,
      "ocf": null,
      "capex": null,
      "gross_margin": 0.0864796835670622,
      "op_margin": 0.02355267889248472,
      "fcf_margin": null
    },
    {
      "date": "2013-12-29T00:00:00",
      "quarter_label": "2013-12 (Q4)",
      "revenue": 3894200000,
      "gross_profit": 351200000,
      "operating_income": 111300000,
      "net_income": 34700000,
      "opex": 239900000,
      "cogs": null,
      "rd": null,
      "sga": null,
      "fcf": null,
      "ocf": null,
      "capex": -69900000,
      "gross_margin": 0.09018540393405577,
      "op_margin": 0.028580966565661753,
      "fcf_margin": null,
      "op_leverage_ratio": 1.1722522275498215
    },
    {
      "date": "2014-03-30T00:00:00",
      "quarter_label": "2014-03 (Q1)",
      "revenue": 4159800000,
      "gross_profit": 396700000,
      "operating_income": 196400000,
      "net_income": 105300000,
      "opex": 200300000,
      "cogs": 3025400000,
      "rd": null,
      "sga": 215400000,
      "fcf": -410200000,
      "ocf": -379400000,
      "capex": -30800000,
      "gross_margin": 0.09536516178662435,
      "op_margin": 0.04721380835617097,
      "fcf_margin": -0.09861051012067888,
      "op_leverage_ratio": Infinity
    },
    {
      "date": "2014-06-29T00:00:00",
      "quarter_label": "2014-06 (Q2)",
      "revenue": 4617000000,
      "gross_profit": 468500000,
      "operating_income": 260200000,
      "net_income": 142900000,
      "opex": 208300000,
      "cogs": 3345500000,
      "rd": null,
      "sga": 219200000,
      "fcf": 237500000,
      "ocf": 305200000,
      "capex": -67700000,
      "gross_margin": 0.10147281784708685,
      "op_margin": 0.0563569417370587,
      "fcf_margin": 0.051440329218107,
      "op_leverage_ratio": 2.751849848550411,
      "fcf_margin_change": 0.15005083933878588
    },
    {
      "date": "2014-09-28T00:00:00",
      "quarter_label": "2014-09 (Q3)",
      "revenue": 4420600000,
      "gross_profit": 454000000,
      "operating_income": 250100000,
      "net_income": 155300000,
      "opex": 203900000,
      "cogs": 3248300000,
      "rd": null,
      "sga": 218400000,
      "fcf": -11000000,
      "ocf": 78300000,
      "capex": -89300000,
      "gross_margin": 0.10270099081572637,
      "op_margin": 0.0565760304031127,
      "fcf_margin": -0.0024883499977378636,
      "incr_op_margin_yoy": 0.15829795089532953,
      "rev_growth_yoy": 0.3246434136401774,
      "fcf_margin_change": -0.05392867921584486
    },
    {
      "date": "2014-12-28T00:00:00",
      "quarter_label": "2014-12 (Q4)",
      "revenue": 4092900000,
      "gross_profit": 456400000,
      "operating_income": 224900000,
      "net_income": 152600000,
      "opex": 231500000,
      "cogs": null,
      "rd": null,
      "sga": null,
      "fcf": null,
      "ocf": null,
      "capex": -113600000,
      "gross_margin": 0.11151017615871386,
      "op_margin": 0.05494881379950646,
      "fcf_margin": null,
      "incr_op_margin_yoy": 0.571716155007549,
      "rev_growth_yoy": 0.05102460068820297,
      "rev_growth_yoy_accel": -0.27361881295197443
    },
    {
      "date": "2015-03-29T00:00:00",
      "quarter_label": "2015-03 (Q1)",
      "revenue": 4180300000,
      "gross_profit": 406100000,
      "operating_income": 188200000,
      "net_income": 97000000,
      "opex": 217900000,
      "cogs": 3210400000,
      "rd": null,
      "sga": 221900000,
      "fcf": -72200000,
      "ocf": -4500000,
      "capex": -67700000,
      "gross_margin": 0.09714613783699734,
      "op_margin": 0.04502069229481138,
      "fcf_margin": -0.01727148769227089,
      "incr_op_margin_yoy": -0.4,
      "rev_growth_yoy": 0.004928121544305015,
      "rev_growth_yoy_accel": -0.04609647914389796,
      "op_leverage_ratio": Infinity
    },
    {
      "date": "2015-06-28T00:00:00",
      "quarter_label": "2015-06 (Q2)",
      "revenue": 4047200000,
      "gross_profit": 418500000,
      "operating_income": 186100000,
      "net_income": 104200000,
      "opex": 232400000,
      "cogs": 3068100000,
      "rd": null,
      "sga": 232600000,
      "fcf": -13400000,
      "ocf": 64200000,
      "capex": -77600000,
      "gross_margin": 0.10340482308756671,
      "op_margin": 0.04598240759043289,
      "fcf_margin": -0.0033109310140343943,
      "incr_op_margin_yoy": 0.13004563004563005,
      "rev_growth_yoy": -0.12341347195148365,
      "rev_growth_yoy_accel": -0.12834159349578866,
      "fcf_margin_change": 0.013960556678236494
    },
    {
      "date": "2015-09-27T00:00:00",
      "quarter_label": "2015-09 (Q3)",
      "revenue": 3966200000,
      "gross_profit": 385000000,
      "operating_income": 153700000,
      "net_income": 83300000,
      "opex": 231300000,
      "cogs": 3021100000,
      "rd": null,
      "sga": 238400000,
      "fcf": -67000000,
      "ocf": 28000000,
      "capex": -95000000,
      "gross_margin": 0.09707024355806565,
      "op_margin": 0.03875245827240179,
      "fcf_margin": -0.016892743684130906,
      "incr_op_margin_yoy": 0.21214788732394366,
      "rev_growth_yoy": -0.10279147627018957,
      "rev_growth_yoy_accel": 0.02062199568129408,
      "fcf_margin_change": -0.013581812670096512
    },
    {
      "date": "2016-01-03T00:00:00",
      "quarter_label": "2016-01 (Q1)",
      "revenue": 3929200000,
      "gross_profit": 545800000,
      "operating_income": 265800000,
      "net_income": 167800000,
      "opex": 280000000,
      "cogs": null,
      "rd": null,
      "sga": null,
      "fcf": null,
      "ocf": null,
      "capex": null,
      "gross_margin": 0.13890868370151685,
      "op_margin": 0.06764735824086328,
      "fcf_margin": null,
      "incr_op_margin_yoy": -0.24984728161270617,
      "rev_growth_yoy": -0.03999609079137042,
      "rev_growth_yoy_accel": 0.06279538547881916
    },
    {
      "date": "2016-04-03T00:00:00",
      "quarter_label": "2016-04 (Q2)",
      "revenue": 3800600000,
      "gross_profit": 412400000,
      "operating_income": 210100000,
      "net_income": 121000000,
      "opex": 202300000,
      "cogs": 2893900000,
      "rd": null,
      "sga": 208100000,
      "fcf": -396000000,
      "ocf": -319200000,
      "capex": -76800000,
      "gross_margin": 0.10850918276061675,
      "op_margin": 0.055280745145503345,
      "fcf_margin": -0.10419407461979688,
      "incr_op_margin_yoy": -0.05767711351066632,
      "rev_growth_yoy": -0.09083080161710883,
      "rev_growth_yoy_accel": -0.050834710825738406
    },
    {
      "date": "2016-07-03T00:00:00",
      "quarter_label": "2016-07 (Q3)",
      "revenue": 4056700000,
      "gross_profit": 457000000,
      "operating_income": 237100000,
      "net_income": 137800000,
      "opex": 219900000,
      "cogs": 3035600000,
      "rd": null,
      "sga": 227800000,
      "fcf": 125900000,
      "ocf": 209100000,
      "capex": -83200000,
      "gross_margin": 0.11265314171617324,
      "op_margin": 0.058446520570907386,
      "fcf_margin": 0.031035077772573767,
      "incr_op_margin_yoy": 5.368421052631579,
      "rev_growth_yoy": 0.002347301838307966,
      "rev_growth_yoy_accel": 0.09317810345541679,
      "op_leverage_ratio": 0.7745342541608262,
      "fcf_margin_change": 0.13522915239237066
    },
    {
      "date": "2016-10-02T00:00:00",
      "quarter_label": "2016-10 (Q4)",
      "revenue": 4067500000,
      "gross_profit": 472500000,
      "operating_income": 246300000,
      "net_income": 143800000,
      "opex": 226200000,
      "cogs": 3066100000,
      "rd": null,
      "sga": 233800000,
      "fcf": 203500000,
      "ocf": 317400000,
      "capex": -113900000,
      "gross_margin": 0.11616472034419176,
      "op_margin": 0.06055316533497234,
      "fcf_margin": 0.05003073140749846,
      "incr_op_margin_yoy": 0.914116485686081,
      "rev_growth_yoy": 0.025540819928394937,
      "rev_growth_yoy_accel": 0.02319351809008697,
      "fcf_margin_change": 0.018995653634924694
    },
    {
      "date": "2024-03-31T00:00:00",
      "quarter_label": "2024-03 (Q1)",
      "revenue": 3444000000,
      "gross_profit": 362000000,
      "operating_income": 163000000,
      "net_income": 156000000,
      "opex": 3083000000,
      "cogs": 3083000000,
      "rd": null,
      "sga": 199000000,
      "fcf": null,
      "ocf": null,
      "capex": null,
      "gross_margin": 0.10511033681765389,
      "op_margin": 0.04732868757259001,
      "fcf_margin": null
    },
    {
      "date": "2024-06-30T00:00:00",
      "quarter_label": "2024-06 (Q2)",
      "revenue": 3412000000,
      "gross_profit": 527000000,
      "operating_income": 334000000,
      "net_income": 301000000,
      "opex": 2885000000,
      "cogs": 2885000000,
      "rd": null,
      "sga": 194000000,
      "fcf": null,
      "ocf": null,
      "capex": null,
      "gross_margin": 0.15445486518171161,
      "op_margin": 0.09788980070339977,
      "fcf_margin": null
    },
    {
      "date": "2024-09-30T00:00:00",
      "quarter_label": "2024-09 (Q3)",
      "revenue": 3334000000,
      "gross_profit": 476000000,
      "operating_income": 285000000,
      "net_income": 291000000,
      "opex": 2859000000,
      "cogs": 2859000000,
      "rd": null,
      "sga": 200000000,
      "fcf": null,
      "ocf": null,
      "capex": null,
      "gross_margin": 0.14277144571085784,
      "op_margin": 0.08548290341931614,
      "fcf_margin": null
    },
    {
      "date": "2024-12-29T00:00:00",
      "quarter_label": "2024-12 (Q4)",
      "revenue": 3952000000,
      "gross_profit": 533000000,
      "operating_income": 335000000,
      "net_income": 204000000,
      "opex": 3418000000,
      "cogs": 3418000000,
      "rd": null,
      "sga": 246000000,
      "fcf": null,
      "ocf": null,
      "capex": null,
      "gross_margin": 0.13486842105263158,
      "op_margin": 0.0847672064777328,
      "fcf_margin": null,
      "op_leverage_ratio": 0.9480368684760365
    },
    {
      "date": "2025-03-30T00:00:00",
      "quarter_label": "2025-03 (Q1)",
      "revenue": 3771000000,
      "gross_profit": 510000000,
      "operating_income": 321000000,
      "net_income": 224000000,
      "opex": 3262000000,
      "cogs": 3262000000,
      "rd": null,
      "sga": 197000000,
      "fcf": null,
      "ocf": null,
      "capex": null,
      "gross_margin": 0.13524264120922833,
      "op_margin": 0.08512330946698489,
      "fcf_margin": null,
      "incr_op_margin_yoy": 0.4831804281345566,
      "rev_growth_yoy": 0.09494773519163763
    },
    {
      "date": "2025-06-29T00:00:00",
      "quarter_label": "2025-06 (Q2)",
      "revenue": 3786000000,
      "gross_profit": 499000000,
      "operating_income": 260000000,
      "net_income": 188000000,
      "opex": 3288000000,
      "cogs": 3288000000,
      "rd": null,
      "sga": 268000000,
      "fcf": null,
      "ocf": null,
      "capex": null,
      "gross_margin": 0.1318013734812467,
      "op_margin": 0.06867406233491812,
      "fcf_margin": null,
      "incr_op_margin_yoy": -0.19786096256684493,
      "rev_growth_yoy": 0.10961313012895663,
      "rev_growth_yoy_accel": 0.014665394937318998
    },
    {
      "date": "2025-09-28T00:00:00",
      "quarter_label": "2025-09 (Q3)",
      "revenue": 3747000000,
      "gross_profit": 479000000,
      "operating_income": 310000000,
      "net_income": 248000000,
      "opex": 3268000000,
      "cogs": 3268000000,
      "rd": null,
      "sga": 178000000,
      "fcf": null,
      "ocf": null,
      "capex": null,
      "gross_margin": 0.12783560181478515,
      "op_margin": 0.08273285294902588,
      "fcf_margin": null,
      "incr_op_margin_yoy": 0.06053268765133172,
      "rev_growth_yoy": 0.123875224955009,
      "rev_growth_yoy_accel": 0.014262094826052368
    }
  ],
  "signals": [
    {
      "quarter": "2025-03 (Q1)",
      "signal": "INCREMENTAL MARGIN (YoY)",
      "detail": "YoY Incr OPM: +48.3% vs year-ago OPM: +4.7%",
      "severity": "HIGH"
    },
    {
      "quarter": "2024-06 (Q2)",
      "signal": "GROSS MARGIN INFLECTION",
      "detail": "GM: +11.6% -> +10.5% -> +15.4% (reversal +4.9%)",
      "severity": "MEDIUM"
    },
    {
      "quarter": "2016-10 (Q4)",
      "signal": "INCREMENTAL MARGIN (YoY)",
      "detail": "YoY Incr OPM: +91.4% vs year-ago OPM: +3.9%",
      "severity": "HIGH"
    },
    {
      "quarter": "2016-07 (Q3)",
      "signal": "FCF TURNED POSITIVE",
      "detail": "FCF margin: -10.4% -> +3.1%",
      "severity": "HIGH"
    },
    {
      "quarter": "2016-07 (Q3)",
      "signal": "YoY REVENUE GROWTH ACCELERATION",
      "detail": "YoY growth: +0.2% vs prior quarter YoY: -9.1% (accel: +9.3%)",
      "severity": "MEDIUM"
    },
    {
      "quarter": "2016-07 (Q3)",
      "signal": "INCREMENTAL MARGIN (YoY)",
      "detail": "YoY Incr OPM: +536.8% vs year-ago OPM: +4.6%",
      "severity": "HIGH"
    },
    {
      "quarter": "2016-04 (Q2)",
      "signal": "YoY REVENUE GROWTH DECELERATION",
      "detail": "YoY growth: -9.1% vs prior quarter YoY: -4.0% (decel: -5.1%)",
      "severity": "WARNING"
    },
    {
      "quarter": "2016-01 (Q1)",
      "signal": "GROSS MARGIN INFLECTION",
      "detail": "GM: +10.3% -> +9.7% -> +13.9% (reversal +4.2%)",
      "severity": "MEDIUM"
    },
    {
      "quarter": "2016-01 (Q1)",
      "signal": "YoY REVENUE GROWTH ACCELERATION",
      "detail": "YoY growth: -4.0% vs prior quarter YoY: -10.3% (accel: +6.3%)",
      "severity": "MEDIUM"
    },
    {
      "quarter": "2015-09 (Q3)",
      "signal": "INCREMENTAL MARGIN (YoY)",
      "detail": "YoY Incr OPM: +21.2% vs year-ago OPM: +5.7%",
      "severity": "MEDIUM"
    },
    {
      "quarter": "2015-06 (Q2)",
      "signal": "YoY REVENUE GROWTH DECELERATION",
      "detail": "YoY growth: -12.3% vs prior quarter YoY: +0.5% (decel: -12.8%)",
      "severity": "WARNING"
    },
    {
      "quarter": "2014-12 (Q4)",
      "signal": "YoY REVENUE GROWTH DECELERATION",
      "detail": "YoY growth: +5.1% vs prior quarter YoY: +32.5% (decel: -27.4%)",
      "severity": "WARNING"
    },
    {
      "quarter": "2014-12 (Q4)",
      "signal": "INCREMENTAL MARGIN (YoY)",
      "detail": "YoY Incr OPM: +57.2% vs year-ago OPM: +2.9%",
      "severity": "HIGH"
    },
    {
      "quarter": "2014-09 (Q3)",
      "signal": "INCREMENTAL MARGIN (YoY)",
      "detail": "YoY Incr OPM: +15.8% vs year-ago OPM: +2.4%",
      "severity": "MEDIUM"
    },
    {
      "quarter": "2014-06 (Q2)",
      "signal": "FCF TURNED POSITIVE",
      "detail": "FCF margin: -9.9% -> +5.1%",
      "severity": "HIGH"
    },
    {
      "quarter": "2014-06 (Q2)",
      "signal": "OPERATING LEVERAGE",
      "detail": "Rev growth +11.0% vs OpEx growth +4.0% (leverage: 2.8x)",
      "severity": "MEDIUM"
    }
  ],
  "data_quality": {
    "n_quarters": 20,
    "coverage": {
      "revenue": [
        20,
        20
      ],
      "gross_profit": [
        20,
        20
      ],
      "op_income": [
        20,
        20
      ],
      "fcf": [
        9,
        20
      ]
    },
    "gaps": [
      [
        "2016-10 (Q4)",
        "2024-03 (Q1)",
        2737
      ]
    ],
    "warnings": [
      "fcf: 9/20Q",
      "gap: 29Q missing between 2016-10 (Q4) and 2024-03 (Q1)"
    ]
  },
  "market_cap": null,
  "source": "SEC EDGAR",
  "last_updated": "2026-02-02T20:40:31.364563"
}