{
  "ticker": "SFIX",
  "name": "STITCH FIX, INC.",
  "quarters": [
    {
      "date": "2021-01-30T00:00:00",
      "quarter_label": "2021-01 (Q1)",
      "revenue": 504087000,
      "gross_profit": 216343000,
      "operating_income": -40351000,
      "net_income": -21039000,
      "opex": 256694000,
      "cogs": 287744000,
      "rd": null,
      "sga": 256694000,
      "fcf": -59602000,
      "ocf": -51693000,
      "capex": -7909000,
      "gross_margin": 0.42917789984665344,
      "op_margin": -0.08004769018046488,
      "fcf_margin": -0.11823752645872637
    },
    {
      "date": "2021-05-01T00:00:00",
      "quarter_label": "2021-05 (Q2)",
      "revenue": 535589000,
      "gross_profit": 246390000,
      "operating_income": -24219000,
      "net_income": -18846000,
      "opex": 270609000,
      "cogs": 289199000,
      "rd": null,
      "sga": 270609000,
      "fcf": -50524000,
      "ocf": -40728000,
      "capex": -9796000,
      "gross_margin": 0.4600355869892772,
      "op_margin": -0.04521937530457123,
      "fcf_margin": -0.09433352813444637,
      "op_leverage_ratio": 1.1528296469302395,
      "fcf_margin_change": 0.02390399832428
    },
    {
      "date": "2021-07-31T00:00:00",
      "quarter_label": "2021-07 (Q3)",
      "revenue": 571159000,
      "gross_profit": 265452000,
      "operating_income": 20742000,
      "net_income": 21468000,
      "opex": 244710000,
      "cogs": 305707000,
      "rd": null,
      "sga": 244710000,
      "fcf": 7821000,
      "ocf": 19387000,
      "capex": -11566000,
      "gross_margin": 0.46476025064824333,
      "op_margin": 0.03631563189934852,
      "fcf_margin": 0.013693209771709803,
      "op_leverage_ratio": Infinity,
      "fcf_margin_change": 0.10802673790615618
    },
    {
      "date": "2021-10-30T00:00:00",
      "quarter_label": "2021-10 (Q4)",
      "revenue": 581244000,
      "gross_profit": 272917000,
      "operating_income": -1850000,
      "net_income": -1827000,
      "opex": 274767000,
      "cogs": 308327000,
      "rd": null,
      "sga": 274767000,
      "fcf": 125264000,
      "ocf": 141656000,
      "capex": -16392000,
      "gross_margin": 0.4695394705149645,
      "op_margin": -0.003182828553929159,
      "fcf_margin": 0.21551018161047683,
      "op_leverage_ratio": 0.14375566357529374,
      "fcf_margin_change": 0.20181697183876704
    },
    {
      "date": "2022-01-29T00:00:00",
      "quarter_label": "2022-01 (Q1)",
      "revenue": 516724000,
      "gross_profit": 232804000,
      "operating_income": -30698000,
      "net_income": -30912000,
      "opex": 263502000,
      "cogs": 283920000,
      "rd": null,
      "sga": 263502000,
      "fcf": -31232000,
      "ocf": -16724000,
      "capex": -14508000,
      "gross_margin": 0.45053839186877326,
      "op_margin": -0.059408891400438146,
      "fcf_margin": -0.06044232510972976,
      "incr_op_margin_yoy": 0.7638680066471473,
      "rev_growth_yoy": 0.025069085296784088,
      "fcf_margin_change": -0.2759525067202066
    },
    {
      "date": "2022-04-30T00:00:00",
      "quarter_label": "2022-04 (Q2)",
      "revenue": 492941000,
      "gross_profit": 210090000,
      "operating_income": -76880000,
      "net_income": -78040000,
      "opex": 286970000,
      "cogs": 282851000,
      "rd": null,
      "sga": 286970000,
      "fcf": -38258000,
      "ocf": -30477000,
      "capex": -7781000,
      "gross_margin": 0.4261970499512112,
      "op_margin": -0.155961869676087,
      "fcf_margin": -0.07761172229536598,
      "incr_op_margin_yoy": 1.234782404802101,
      "rev_growth_yoy": -0.07962822238694223,
      "rev_growth_yoy_accel": -0.10469730768372632,
      "fcf_margin_change": -0.017169397185636218
    },
    {
      "date": "2022-07-30T00:00:00",
      "quarter_label": "2022-07 (Q3)",
      "revenue": 481903000,
      "gross_profit": 192663000,
      "operating_income": -98617000,
      "net_income": -96342000,
      "opex": 291280000,
      "cogs": 289240000,
      "rd": null,
      "sga": 291280000,
      "fcf": -25514000,
      "ocf": -19238000,
      "capex": -6276000,
      "gross_margin": 0.3997962245514139,
      "op_margin": -0.20464076795537692,
      "fcf_margin": -0.052944264717173374,
      "incr_op_margin_yoy": 1.3372658420722416,
      "rev_growth_yoy": -0.15627172118446878,
      "rev_growth_yoy_accel": -0.07664349879752655,
      "fcf_margin_change": 0.0246674575781926
    },
    {
      "date": "2022-10-29T00:00:00",
      "quarter_label": "2022-10 (Q4)",
      "revenue": 455593000,
      "gross_profit": 191761000,
      "operating_income": -55130000,
      "net_income": -55918000,
      "opex": 246891000,
      "cogs": 263832000,
      "rd": null,
      "sga": 246891000,
      "fcf": -15936000,
      "ocf": -10048000,
      "capex": -5888000,
      "gross_margin": 0.4209041842170534,
      "op_margin": -0.12100712697517302,
      "fcf_margin": -0.034978588345299426,
      "incr_op_margin_yoy": 0.42403164320220293,
      "rev_growth_yoy": -0.21617599493500148,
      "rev_growth_yoy_accel": -0.0599042737505327,
      "fcf_margin_change": 0.017965676371873948
    },
    {
      "date": "2023-01-28T00:00:00",
      "quarter_label": "2023-01 (Q1)",
      "revenue": 412118000,
      "gross_profit": 169117000,
      "operating_income": -66710000,
      "net_income": -65571000,
      "opex": 235827000,
      "cogs": 243001000,
      "rd": null,
      "sga": 235827000,
      "fcf": 15598000,
      "ocf": 21108000,
      "capex": -5510000,
      "gross_margin": 0.4103606248695762,
      "op_margin": -0.1618711145836872,
      "fcf_margin": 0.037848383230045766,
      "incr_op_margin_yoy": 0.34426323537846776,
      "rev_growth_yoy": -0.20244076141228198,
      "rev_growth_yoy_accel": 0.013735233522719492,
      "fcf_margin_change": 0.07282697157534519
    },
    {
      "date": "2023-04-29T00:00:00",
      "quarter_label": "2023-04 (Q2)",
      "revenue": 394914000,
      "gross_profit": 167903000,
      "operating_income": -24747000,
      "net_income": -21825000,
      "opex": 192650000,
      "cogs": 227011000,
      "rd": null,
      "sga": 192650000,
      "fcf": 22216000,
      "ocf": 25682000,
      "capex": -3466000,
      "gross_margin": 0.42516345330882166,
      "op_margin": -0.06266427627280877,
      "fcf_margin": 0.056255285960994036,
      "incr_op_margin_yoy": -0.5318228651289951,
      "rev_growth_yoy": -0.19886152703873283,
      "rev_growth_yoy_accel": 0.0035792343735491505,
      "fcf_margin_change": 0.01840690273094827
    },
    {
      "date": "2023-07-29T00:00:00",
      "quarter_label": "2023-07 (Q3)",
      "revenue": 375798000,
      "gross_profit": 162740000,
      "operating_income": -31210000,
      "net_income": -28659000,
      "opex": 193950000,
      "cogs": 213058000,
      "rd": null,
      "sga": 193950000,
      "fcf": 32489000,
      "ocf": 36488000,
      "capex": -3999000,
      "gross_margin": 0.43305179910483826,
      "op_margin": -0.0830499364020032,
      "fcf_margin": 0.0864533605820148,
      "incr_op_margin_yoy": -0.6352858018001036,
      "rev_growth_yoy": -0.22017916468666932,
      "rev_growth_yoy_accel": -0.021317637647936483,
      "fcf_margin_change": 0.030198074621020768
    },
    {
      "date": "2023-10-28T00:00:00",
      "quarter_label": "2023-10 (Q4)",
      "revenue": 364785000,
      "gross_profit": 159103000,
      "operating_income": -28661000,
      "net_income": -35490000,
      "opex": 187764000,
      "cogs": 205682000,
      "rd": null,
      "sga": 187764000,
      "fcf": null,
      "ocf": null,
      "capex": -3653000,
      "gross_margin": 0.4361555436764121,
      "op_margin": -0.07856956837589264,
      "fcf_margin": null,
      "incr_op_margin_yoy": -0.2914831292397146,
      "rev_growth_yoy": -0.1993182511583804,
      "rev_growth_yoy_accel": 0.02086091352828892
    },
    {
      "date": "2024-01-27T00:00:00",
      "quarter_label": "2024-01 (Q1)",
      "revenue": 330402000,
      "gross_profit": 143480000,
      "operating_income": -38038000,
      "net_income": -35524000,
      "opex": 181518000,
      "cogs": 186922000,
      "rd": null,
      "sga": 181518000,
      "fcf": null,
      "ocf": null,
      "capex": -3774000,
      "gross_margin": 0.43425887252498474,
      "op_margin": -0.11512642175289496,
      "fcf_margin": null,
      "incr_op_margin_yoy": -0.35087375789319103,
      "rev_growth_yoy": -0.19828301602938964,
      "rev_growth_yoy_accel": 0.001035235128990758
    },
    {
      "date": "2024-04-27T00:00:00",
      "quarter_label": "2024-04 (Q2)",
      "revenue": 322731000,
      "gross_profit": 146978000,
      "operating_income": -24840000,
      "net_income": -21328000,
      "opex": 171818000,
      "cogs": 175753000,
      "rd": null,
      "sga": 171818000,
      "fcf": null,
      "ocf": null,
      "capex": -2832000,
      "gross_margin": 0.4554195289575529,
      "op_margin": -0.07696812515686438,
      "fcf_margin": null,
      "incr_op_margin_yoy": 0.0012883920036573708,
      "rev_growth_yoy": -0.18278156763244655,
      "rev_growth_yoy_accel": 0.01550144839694309
    },
    {
      "date": "2024-08-03T00:00:00",
      "quarter_label": "2024-08 (Q3)",
      "revenue": 319550000,
      "gross_profit": 142477000,
      "operating_income": -41888000,
      "net_income": -36498000,
      "opex": 184365000,
      "cogs": 177073000,
      "rd": null,
      "sga": 184365000,
      "fcf": null,
      "ocf": null,
      "capex": -3706000,
      "gross_margin": 0.44586762634955407,
      "op_margin": -0.1310843373493976,
      "fcf_margin": null,
      "incr_op_margin_yoy": 0.18983786090172095,
      "rev_growth_yoy": -0.14967615580710913,
      "rev_growth_yoy_accel": 0.03310541182533741
    },
    {
      "date": "2024-11-02T00:00:00",
      "quarter_label": "2024-11 (Q4)",
      "revenue": 318818000,
      "gross_profit": 144805000,
      "operating_income": -8966000,
      "net_income": -6256000,
      "opex": 153771000,
      "cogs": 174013000,
      "rd": null,
      "sga": 153771000,
      "fcf": null,
      "ocf": null,
      "capex": -4323000,
      "gross_margin": 0.45419330150744314,
      "op_margin": -0.028122627957016227,
      "fcf_margin": null,
      "incr_op_margin_yoy": -0.4284595470663737,
      "rev_growth_yoy": -0.1260112120838302,
      "rev_growth_yoy_accel": 0.02366494372327893
    },
    {
      "date": "2025-02-01T00:00:00",
      "quarter_label": "2025-02 (Q1)",
      "revenue": 312110000,
      "gross_profit": 138861000,
      "operating_income": -9025000,
      "net_income": -6529000,
      "opex": 147886000,
      "cogs": 173249000,
      "rd": null,
      "sga": 147886000,
      "fcf": null,
      "ocf": null,
      "capex": -3224000,
      "gross_margin": 0.4449104482394028,
      "op_margin": -0.028916087276921597,
      "fcf_margin": null,
      "incr_op_margin_yoy": -1.5861032145200087,
      "rev_growth_yoy": -0.05536286099963075,
      "rev_growth_yoy_accel": 0.07064835108419945
    },
    {
      "date": "2025-05-03T00:00:00",
      "quarter_label": "2025-05 (Q2)",
      "revenue": 325016000,
      "gross_profit": 143558000,
      "operating_income": -9708000,
      "net_income": -7378000,
      "opex": 153266000,
      "cogs": 181458000,
      "rd": null,
      "sga": 153266000,
      "fcf": null,
      "ocf": null,
      "capex": -4518000,
      "gross_margin": 0.44169517808354053,
      "op_margin": -0.029869298742215767,
      "fcf_margin": null,
      "incr_op_margin_yoy": 6.622319474835886,
      "rev_growth_yoy": 0.007080199918817839,
      "rev_growth_yoy_accel": 0.06244306091844859,
      "op_leverage_ratio": 1.136655254158677
    },
    {
      "date": "2025-08-02T00:00:00",
      "quarter_label": "2025-08 (Q3)",
      "revenue": 311227000,
      "gross_profit": 135715000,
      "operating_income": -11206000,
      "net_income": -8576000,
      "opex": 146921000,
      "cogs": 175512000,
      "rd": null,
      "sga": 146921000,
      "fcf": null,
      "ocf": null,
      "capex": -4228000,
      "gross_margin": 0.43606435174326136,
      "op_margin": -0.03600587352639713,
      "fcf_margin": null,
      "incr_op_margin_yoy": -3.686411149825784,
      "rev_growth_yoy": -0.026046002190580505,
      "rev_growth_yoy_accel": -0.033126202109398345
    },
    {
      "date": "2025-11-01T00:00:00",
      "quarter_label": "2025-11 (Q4)",
      "revenue": 342127000,
      "gross_profit": 149324000,
      "operating_income": -8575000,
      "net_income": -6362000,
      "opex": 157899000,
      "cogs": 192803000,
      "rd": null,
      "sga": 157899000,
      "fcf": null,
      "ocf": null,
      "capex": -5339000,
      "gross_margin": 0.43645780660398037,
      "op_margin": -0.025063792100594225,
      "fcf_margin": null,
      "incr_op_margin_yoy": 0.016774636406538247,
      "rev_growth_yoy": 0.07311067756525667,
      "rev_growth_yoy_accel": 0.09915667975583718,
      "op_leverage_ratio": 1.3287456695966886
    }
  ],
  "signals": [
    {
      "quarter": "2025-11 (Q4)",
      "signal": "YoY REVENUE GROWTH ACCELERATION",
      "detail": "YoY growth: +7.3% vs prior quarter YoY: -2.6% (accel: +9.9%)",
      "severity": "MEDIUM"
    },
    {
      "quarter": "2025-05 (Q2)",
      "signal": "YoY REVENUE GROWTH ACCELERATION",
      "detail": "YoY growth: +0.7% vs prior quarter YoY: -5.5% (accel: +6.2%)",
      "severity": "MEDIUM"
    },
    {
      "quarter": "2025-02 (Q1)",
      "signal": "YoY REVENUE GROWTH ACCELERATION",
      "detail": "YoY growth: -5.5% vs prior quarter YoY: -12.6% (accel: +7.1%)",
      "severity": "MEDIUM"
    },
    {
      "quarter": "2024-04 (Q2)",
      "signal": "GROSS MARGIN INFLECTION",
      "detail": "GM: +43.6% -> +43.4% -> +45.5% (reversal +2.1%)",
      "severity": "MEDIUM"
    },
    {
      "quarter": "2023-01 (Q1)",
      "signal": "FCF TURNED POSITIVE",
      "detail": "FCF margin: -3.5% -> +3.8%",
      "severity": "HIGH"
    },
    {
      "quarter": "2022-10 (Q4)",
      "signal": "GROSS MARGIN INFLECTION",
      "detail": "GM: +42.6% -> +40.0% -> +42.1% (reversal +2.1%)",
      "severity": "MEDIUM"
    },
    {
      "quarter": "2022-10 (Q4)",
      "signal": "YoY REVENUE GROWTH DECELERATION",
      "detail": "YoY growth: -21.6% vs prior quarter YoY: -15.6% (decel: -6.0%)",
      "severity": "WARNING"
    },
    {
      "quarter": "2022-07 (Q3)",
      "signal": "YoY REVENUE GROWTH DECELERATION",
      "detail": "YoY growth: -15.6% vs prior quarter YoY: -8.0% (decel: -7.7%)",
      "severity": "WARNING"
    },
    {
      "quarter": "2022-04 (Q2)",
      "signal": "YoY REVENUE GROWTH DECELERATION",
      "detail": "YoY growth: -8.0% vs prior quarter YoY: +2.5% (decel: -10.5%)",
      "severity": "WARNING"
    },
    {
      "quarter": "2021-10 (Q4)",
      "signal": "FCF MARGIN EXPANSION",
      "detail": "FCF margin: +1.4% -> +21.6% (+20.2%)",
      "severity": "MEDIUM"
    },
    {
      "quarter": "2021-07 (Q3)",
      "signal": "FCF TURNED POSITIVE",
      "detail": "FCF margin: -9.4% -> +1.4%",
      "severity": "HIGH"
    },
    {
      "quarter": "2021-07 (Q3)",
      "signal": "OP MARGIN TURNED POSITIVE (QoQ)",
      "detail": "Op margin: -4.5% -> +3.6%",
      "severity": "HIGH"
    }
  ],
  "data_quality": {
    "n_quarters": 20,
    "coverage": {
      "revenue": [
        20,
        20
      ],
      "gross_profit": [
        20,
        20
      ],
      "op_income": [
        20,
        20
      ],
      "fcf": [
        11,
        20
      ]
    },
    "gaps": [],
    "warnings": [
      "fcf: 11/20Q"
    ]
  },
  "market_cap": null,
  "source": "SEC EDGAR",
  "last_updated": "2026-02-02T22:11:02.770726"
}