{
  "ticker": "SFM",
  "name": "Sprouts Farmers Market, Inc.",
  "sector": "Consumer Defensive",
  "industry": "Grocery Stores",
  "quarters": [
    {
      "date": "2021-04-04T00:00:00",
      "quarter_label": "2021-04 (Q2)",
      "revenue": 1575447000,
      "gross_profit": 586174000,
      "operating_income": 113235000,
      "net_income": 83048000,
      "opex": 472939000,
      "cogs": 989273000,
      "rd": null,
      "sga": 439662000,
      "fcf": 88833000,
      "ocf": 105438000,
      "capex": -16605000,
      "gross_margin": 0.37206837170656964,
      "op_margin": 0.07187483933131358,
      "fcf_margin": 0.056385901905935266
    },
    {
      "date": "2021-07-04T00:00:00",
      "quarter_label": "2021-07 (Q3)",
      "revenue": 1521993000,
      "gross_profit": 550081000,
      "operating_income": 83650000,
      "net_income": 61014000,
      "opex": 466431000,
      "cogs": 971912000,
      "rd": null,
      "sga": 436420000,
      "fcf": 49051000,
      "ocf": 71867000,
      "capex": -22816000,
      "gross_margin": 0.3614215045667096,
      "op_margin": 0.0549608309630859,
      "fcf_margin": 0.03222813771154007,
      "fcf_margin_change": -0.0241577641943952
    },
    {
      "date": "2021-10-03T00:00:00",
      "quarter_label": "2021-10 (Q4)",
      "revenue": 1509633000,
      "gross_profit": 539729000,
      "operating_income": 85808000,
      "net_income": 63867000,
      "opex": 453921000,
      "cogs": 969904000,
      "rd": null,
      "sga": 423416000,
      "fcf": 88765000,
      "ocf": 119354000,
      "capex": -30589000,
      "gross_margin": 0.35752331858140357,
      "op_margin": 0.05684030489529574,
      "fcf_margin": 0.05879905910906823,
      "fcf_margin_change": 0.02657092139752816
    },
    {
      "date": "2022-01-02T00:00:00",
      "quarter_label": "2022-01 (Q1)",
      "revenue": 1492796000,
      "gross_profit": 533228000,
      "operating_income": 51383000,
      "net_income": 36228000,
      "opex": 481845000,
      "cogs": 959568000,
      "rd": null,
      "sga": 448707000,
      "fcf": 35772000,
      "ocf": 68140000,
      "capex": -32368000,
      "gross_margin": 0.3572008499486869,
      "op_margin": 0.03442064421394484,
      "fcf_margin": 0.02396308671781007,
      "fcf_margin_change": -0.03483597239125816
    },
    {
      "date": "2022-04-03T00:00:00",
      "quarter_label": "2022-04 (Q2)",
      "revenue": 1641161000,
      "gross_profit": 611748000,
      "operating_income": 119641000,
      "net_income": 88307000,
      "opex": 492107000,
      "cogs": 1029413000,
      "rd": null,
      "sga": 459910000,
      "fcf": 125802000,
      "ocf": 153029000,
      "capex": -27227000,
      "gross_margin": 0.37275319118599576,
      "op_margin": 0.07290022124581318,
      "fcf_margin": 0.07665427097036794,
      "incr_op_margin_yoy": 0.09748303253492406,
      "rev_growth_yoy": 0.04171133652861696,
      "op_leverage_ratio": 4.666661978545606,
      "fcf_margin_change": 0.052691184252557866
    },
    {
      "date": "2022-07-03T00:00:00",
      "quarter_label": "2022-07 (Q3)",
      "revenue": 1595482000,
      "gross_profit": 580357000,
      "operating_income": 86510000,
      "net_income": 61997000,
      "opex": 493847000,
      "cogs": 1015125000,
      "rd": null,
      "sga": 462110000,
      "fcf": 30063000,
      "ocf": 55934000,
      "capex": -25871000,
      "gross_margin": 0.36375026481025796,
      "op_margin": 0.05422185897427862,
      "fcf_margin": 0.01884258174018886,
      "incr_op_margin_yoy": 0.03891738899699275,
      "rev_growth_yoy": 0.0482847161583529,
      "rev_growth_yoy_accel": 0.006573379629735941,
      "fcf_margin_change": -0.05781168923017908
    },
    {
      "date": "2022-10-02T00:00:00",
      "quarter_label": "2022-10 (Q4)",
      "revenue": 1591026000,
      "gross_profit": 583650000,
      "operating_income": 90339000,
      "net_income": 65740000,
      "opex": 493311000,
      "cogs": 1007376000,
      "rd": null,
      "sga": 460834000,
      "fcf": 70176000,
      "ocf": 97827000,
      "capex": -27651000,
      "gross_margin": 0.36683875687763745,
      "op_margin": 0.056780341741744005,
      "fcf_margin": 0.04410738730856693,
      "incr_op_margin_yoy": 0.055668177853132335,
      "rev_growth_yoy": 0.05391575303401555,
      "rev_growth_yoy_accel": 0.0056310368756626525,
      "fcf_margin_change": 0.025264805568378068
    },
    {
      "date": "2023-01-01T00:00:00",
      "quarter_label": "2023-01 (Q1)",
      "revenue": 1576554000,
      "gross_profit": 572809000,
      "operating_income": 61870000,
      "net_income": 45120000,
      "opex": 510939000,
      "cogs": 1003745000,
      "rd": null,
      "sga": 472795000,
      "fcf": 21278000,
      "ocf": 64539000,
      "capex": -43261000,
      "gross_margin": 0.363329768596572,
      "op_margin": 0.03924381911434686,
      "fcf_margin": 0.013496524698805116,
      "incr_op_margin_yoy": 0.1252059504763724,
      "rev_growth_yoy": 0.05610813533798322,
      "rev_growth_yoy_accel": 0.00219238230396767,
      "fcf_margin_change": -0.030610862609761813
    },
    {
      "date": "2023-04-02T00:00:00",
      "quarter_label": "2023-04 (Q2)",
      "revenue": 1733310000,
      "gross_profit": 650062000,
      "operating_income": 101522000,
      "net_income": 76160000,
      "opex": 548540000,
      "cogs": 1083248000,
      "rd": null,
      "sga": 486195000,
      "fcf": 132776000,
      "ocf": 179820000,
      "capex": -47044000,
      "gross_margin": 0.3750408178571635,
      "op_margin": 0.05857117307348368,
      "fcf_margin": 0.07660256964997605,
      "incr_op_margin_yoy": -0.1966272015974129,
      "rev_growth_yoy": 0.05614866548742019,
      "rev_growth_yoy_accel": 4.05301494369667e-05,
      "op_leverage_ratio": 1.3510921809801784,
      "fcf_margin_change": 0.06310604495117093
    },
    {
      "date": "2023-07-02T00:00:00",
      "quarter_label": "2023-07 (Q3)",
      "revenue": 1692247000,
      "gross_profit": 625972000,
      "operating_income": 91616000,
      "net_income": 67334000,
      "opex": 534356000,
      "cogs": 1066275000,
      "rd": null,
      "sga": 497965000,
      "fcf": 63322000,
      "ocf": 114961000,
      "capex": -51639000,
      "gross_margin": 0.36990581162206226,
      "op_margin": 0.05413866888226128,
      "fcf_margin": 0.037418887431917444,
      "incr_op_margin_yoy": 0.05276701286622229,
      "rev_growth_yoy": 0.06064938369721501,
      "rev_growth_yoy_accel": 0.004500718209794821,
      "fcf_margin_change": -0.03918368221805861
    },
    {
      "date": "2023-10-01T00:00:00",
      "quarter_label": "2023-10 (Q4)",
      "revenue": 1713282000,
      "gross_profit": 625434000,
      "operating_income": 87655000,
      "net_income": 65313000,
      "opex": 537779000,
      "cogs": 1087848000,
      "rd": null,
      "sga": 502801000,
      "fcf": 47911000,
      "ocf": 114244000,
      "capex": -66333000,
      "gross_margin": 0.36505023691371297,
      "op_margin": 0.05116203870699628,
      "fcf_margin": 0.027964456522627332,
      "incr_op_margin_yoy": -0.02195393273131789,
      "rev_growth_yoy": 0.0768409818569904,
      "rev_growth_yoy_accel": 0.01619159815977539,
      "op_leverage_ratio": 1.940450437491006,
      "fcf_margin_change": -0.009454430909290112
    },
    {
      "date": "2023-12-31T00:00:00",
      "quarter_label": "2023-12 (Q4)",
      "revenue": 1698545000,
      "gross_profit": 620373000,
      "operating_income": 69438000,
      "net_income": 50049000,
      "opex": 550935000,
      "cogs": 1078172000,
      "rd": null,
      "sga": 513476000,
      "fcf": -4251000,
      "ocf": 56043000,
      "capex": -60294000,
      "gross_margin": 0.36523789478642016,
      "op_margin": 0.04088087156949036,
      "fcf_margin": -0.0025027302779732064,
      "incr_op_margin_yoy": 0.062037363412054986,
      "rev_growth_yoy": 0.07737825662806348,
      "rev_growth_yoy_accel": 0.0005372747710730846,
      "fcf_margin_change": -0.030467186800600538
    },
    {
      "date": "2024-03-31T00:00:00",
      "quarter_label": "2024-03 (Q1)",
      "revenue": 1883808000,
      "gross_profit": 722313000,
      "operating_income": 148266000,
      "net_income": 114100000,
      "opex": 574047000,
      "cogs": 1161495000,
      "rd": null,
      "sga": 539771000,
      "fcf": 168454000,
      "ocf": 219695000,
      "capex": -51241000,
      "gross_margin": 0.38343238801406515,
      "op_margin": 0.07870547316924018,
      "fcf_margin": 0.08942206424433913,
      "incr_op_margin_yoy": 0.3105954896410584,
      "rev_growth_yoy": 0.08682693805493535,
      "rev_growth_yoy_accel": 0.009448681426871872,
      "op_leverage_ratio": 2.6000067147905015,
      "fcf_margin_change": 0.09192479452231234
    },
    {
      "date": "2024-06-30T00:00:00",
      "quarter_label": "2024-06 (Q2)",
      "revenue": 1893519000,
      "gross_profit": 718365000,
      "operating_income": 127317000,
      "net_income": 95289000,
      "opex": 591048000,
      "cogs": 1175154000,
      "rd": null,
      "sga": 556367000,
      "fcf": 33916000,
      "ocf": 91600000,
      "capex": -57684000,
      "gross_margin": 0.3793809304263649,
      "op_margin": 0.06723830075114112,
      "fcf_margin": 0.017911623807313263,
      "incr_op_margin_yoy": 0.17737688302396756,
      "rev_growth_yoy": 0.11893772008459758,
      "rev_growth_yoy_accel": 0.03211078202966222,
      "fcf_margin_change": -0.07151044043702587
    },
    {
      "date": "2024-09-29T00:00:00",
      "quarter_label": "2024-09 (Q3)",
      "revenue": 1945735000,
      "gross_profit": 740923000,
      "operating_income": 122451000,
      "net_income": 91610000,
      "opex": 618472000,
      "cogs": 1204812000,
      "rd": null,
      "sga": 580332000,
      "fcf": 156294000,
      "ocf": 209056000,
      "capex": -52762000,
      "gross_margin": 0.3807933762819706,
      "op_margin": 0.06293303044864794,
      "fcf_margin": 0.08032645761113409,
      "incr_op_margin_yoy": 0.14969047506377633,
      "rev_growth_yoy": 0.1356770222298489,
      "rev_growth_yoy_accel": 0.016739302145251322,
      "op_leverage_ratio": 0.5943275798979537,
      "fcf_margin_change": 0.06241483380382083
    },
    {
      "date": "2024-12-29T00:00:00",
      "quarter_label": "2024-12 (Q4)",
      "revenue": 1996228000,
      "gross_profit": 759890000,
      "operating_income": 106463000,
      "net_income": 79602000,
      "opex": 653427000,
      "cogs": 1236338000,
      "rd": null,
      "sga": 614880000,
      "fcf": 56175000,
      "ocf": 124863000,
      "capex": -68688000,
      "gross_margin": 0.3806629302865204,
      "op_margin": 0.053332084311010566,
      "fcf_margin": 0.02814057312090603,
      "incr_op_margin_yoy": 0.1243772738114034,
      "rev_growth_yoy": 0.17525764698609692,
      "rev_growth_yoy_accel": 0.03958062475624802,
      "op_leverage_ratio": 0.45915383899762435,
      "fcf_margin_change": -0.05218588449022806
    },
    {
      "date": "2025-03-30T00:00:00",
      "quarter_label": "2025-03 (Q1)",
      "revenue": 2236436000,
      "gross_profit": 886363000,
      "operating_income": 226332000,
      "net_income": 180026000,
      "opex": 660031000,
      "cogs": 1350073000,
      "rd": null,
      "sga": 623226000,
      "fcf": 239610000,
      "ocf": 299089000,
      "capex": -59479000,
      "gross_margin": 0.39632835457844534,
      "op_margin": 0.10120209118436656,
      "fcf_margin": 0.10713921614568894,
      "incr_op_margin_yoy": 0.22138344090656442,
      "rev_growth_yoy": 0.18718892795868794,
      "rev_growth_yoy_accel": 0.011931280972591024,
      "op_leverage_ratio": 11.906039953071662,
      "fcf_margin_change": 0.0789986430247829
    },
    {
      "date": "2025-06-29T00:00:00",
      "quarter_label": "2025-06 (Q2)",
      "revenue": 2220602000,
      "gross_profit": 862600000,
      "operating_income": 179356000,
      "net_income": 133703000,
      "opex": 683244000,
      "cogs": 1358002000,
      "rd": null,
      "sga": 645127000,
      "fcf": 50408000,
      "ocf": 111248000,
      "capex": -60840000,
      "gross_margin": 0.3884532212436087,
      "op_margin": 0.08076908874260223,
      "fcf_margin": 0.022700150679860687,
      "incr_op_margin_yoy": 0.1591002895289575,
      "rev_growth_yoy": 0.17273816634530734,
      "rev_growth_yoy_accel": -0.014450761613380603,
      "fcf_margin_change": -0.08443906546582826
    },
    {
      "date": "2025-09-28T00:00:00",
      "quarter_label": "2025-09 (Q3)",
      "revenue": 2200430000,
      "gross_profit": 851051000,
      "operating_income": 157398000,
      "net_income": 120116000,
      "opex": 693653000,
      "cogs": 1349379000,
      "rd": null,
      "sga": 653329000,
      "fcf": 111372000,
      "ocf": 167134000,
      "capex": -55762000,
      "gross_margin": 0.38676576850888233,
      "op_margin": 0.07153056448057879,
      "fcf_margin": 0.05061374367737215,
      "incr_op_margin_yoy": 0.1372111741494729,
      "rev_growth_yoy": 0.13089912038381382,
      "rev_growth_yoy_accel": -0.041839045961493515,
      "fcf_margin_change": 0.02791359299751146
    },
    {
      "date": "2025-12-28T00:00:00",
      "quarter_label": "2025-12 (Q4)",
      "revenue": 2148691000,
      "gross_profit": 816375000,
      "operating_income": 123072000,
      "net_income": 89825000,
      "opex": 693303000,
      "cogs": 1332316000,
      "rd": null,
      "sga": 653005000,
      "fcf": 66341000,
      "ocf": 138527000,
      "capex": -72186000,
      "gross_margin": 0.3799406243149899,
      "op_margin": 0.05727766347045713,
      "fcf_margin": 0.03087507696546409,
      "incr_op_margin_yoy": 0.10893790624610561,
      "rev_growth_yoy": 0.07637554427650549,
      "rev_growth_yoy_accel": -0.05452357610730833,
      "fcf_margin_change": -0.01973866671190806
    }
  ],
  "signals": [
    {
      "quarter": "2025-12 (Q4)",
      "signal": "YoY REVENUE GROWTH DECELERATION",
      "detail": "YoY growth: +7.6% vs prior quarter YoY: +13.1% (decel: -5.5%)",
      "severity": "WARNING"
    },
    {
      "quarter": "2025-03 (Q1)",
      "signal": "FCF MARGIN EXPANSION",
      "detail": "FCF margin: +2.8% -> +10.7% (+7.9%)",
      "severity": "MEDIUM"
    },
    {
      "quarter": "2025-03 (Q1)",
      "signal": "OPERATING LEVERAGE",
      "detail": "Rev growth +12.0% vs OpEx growth +1.0% (leverage: 11.9x)",
      "severity": "MEDIUM"
    },
    {
      "quarter": "2025-03 (Q1)",
      "signal": "INCREMENTAL MARGIN (YoY)",
      "detail": "YoY Incr OPM: +22.1% vs year-ago OPM: +7.9%",
      "severity": "MEDIUM"
    },
    {
      "quarter": "2024-09 (Q3)",
      "signal": "FCF MARGIN EXPANSION",
      "detail": "FCF margin: +1.8% -> +8.0% (+6.2%)",
      "severity": "MEDIUM"
    },
    {
      "quarter": "2024-06 (Q2)",
      "signal": "INCREMENTAL MARGIN (YoY)",
      "detail": "YoY Incr OPM: +17.7% vs year-ago OPM: +5.4%",
      "severity": "MEDIUM"
    },
    {
      "quarter": "2024-03 (Q1)",
      "signal": "FCF TURNED POSITIVE",
      "detail": "FCF margin: -0.3% -> +8.9%",
      "severity": "HIGH"
    },
    {
      "quarter": "2024-03 (Q1)",
      "signal": "OPERATING LEVERAGE",
      "detail": "Rev growth +10.9% vs OpEx growth +4.2% (leverage: 2.6x)",
      "severity": "MEDIUM"
    },
    {
      "quarter": "2024-03 (Q1)",
      "signal": "INCREMENTAL MARGIN (YoY)",
      "detail": "YoY Incr OPM: +31.1% vs year-ago OPM: +5.9%",
      "severity": "HIGH"
    },
    {
      "quarter": "2023-10 (Q4)",
      "signal": "OPERATING LEVERAGE",
      "detail": "Rev growth +1.2% vs OpEx growth +0.6% (leverage: 1.9x)",
      "severity": "MEDIUM"
    },
    {
      "quarter": "2023-04 (Q2)",
      "signal": "FCF MARGIN EXPANSION",
      "detail": "FCF margin: +1.3% -> +7.7% (+6.3%)",
      "severity": "MEDIUM"
    },
    {
      "quarter": "2022-04 (Q2)",
      "signal": "FCF MARGIN EXPANSION",
      "detail": "FCF margin: +2.4% -> +7.7% (+5.3%)",
      "severity": "MEDIUM"
    },
    {
      "quarter": "2022-04 (Q2)",
      "signal": "OPERATING LEVERAGE",
      "detail": "Rev growth +9.9% vs OpEx growth +2.1% (leverage: 4.7x)",
      "severity": "MEDIUM"
    }
  ],
  "data_quality": {
    "n_quarters": 20,
    "coverage": {
      "revenue": [
        20,
        20
      ],
      "gross_profit": [
        20,
        20
      ],
      "op_income": [
        20,
        20
      ],
      "fcf": [
        20,
        20
      ]
    },
    "gaps": [],
    "warnings": []
  },
  "market_cap": null,
  "source": "SEC EDGAR",
  "last_updated": "2026-02-24T10:17:40.923568"
}