{
  "ticker": "SGA",
  "name": "Saga Communications,\u00a0Inc",
  "quarters": [
    {
      "date": "2020-12-31T00:00:00",
      "quarter_label": "2020-12 (Q4)",
      "revenue": 28753000,
      "gross_profit": null,
      "operating_income": 4996000,
      "net_income": 2268000,
      "opex": null,
      "cogs": null,
      "rd": null,
      "sga": null,
      "fcf": 3448000,
      "ocf": 3882000,
      "capex": -434000,
      "gross_margin": null,
      "op_margin": 0.17375578200535596,
      "fcf_margin": 0.11991792160818002
    },
    {
      "date": "2021-03-31T00:00:00",
      "quarter_label": "2021-03 (Q1)",
      "revenue": 22301000,
      "gross_profit": null,
      "operating_income": 883000,
      "net_income": 758000,
      "opex": null,
      "cogs": null,
      "rd": null,
      "sga": null,
      "fcf": 4818000,
      "ocf": 5352000,
      "capex": -534000,
      "gross_margin": null,
      "op_margin": 0.03959463701179319,
      "fcf_margin": 0.21604412358190217,
      "fcf_margin_change": 0.09612620197372215
    },
    {
      "date": "2021-06-30T00:00:00",
      "quarter_label": "2021-06 (Q2)",
      "revenue": 28046000,
      "gross_profit": null,
      "operating_income": 4615000,
      "net_income": 3253000,
      "opex": null,
      "cogs": null,
      "rd": null,
      "sga": null,
      "fcf": 2930000,
      "ocf": 3851000,
      "capex": -921000,
      "gross_margin": null,
      "op_margin": 0.1645510946302503,
      "fcf_margin": 0.1044712258432575,
      "fcf_margin_change": -0.11157289773864466
    },
    {
      "date": "2021-09-30T00:00:00",
      "quarter_label": "2021-09 (Q3)",
      "revenue": 28845000,
      "gross_profit": null,
      "operating_income": 4619000,
      "net_income": 3454000,
      "opex": null,
      "cogs": null,
      "rd": null,
      "sga": null,
      "fcf": 3470000,
      "ocf": 4702000,
      "capex": -1232000,
      "gross_margin": null,
      "op_margin": 0.16013173860287744,
      "fcf_margin": 0.1202981452591437,
      "fcf_margin_change": 0.015826919415886195
    },
    {
      "date": "2021-12-31T00:00:00",
      "quarter_label": "2021-12 (Q4)",
      "revenue": 29151000,
      "gross_profit": null,
      "operating_income": 4934000,
      "net_income": 3692000,
      "opex": null,
      "cogs": null,
      "rd": null,
      "sga": null,
      "fcf": 3917000,
      "ocf": 5199000,
      "capex": -1282000,
      "gross_margin": null,
      "op_margin": 0.1692566292751535,
      "fcf_margin": 0.13436931837672808,
      "rev_growth_yoy": 0.013842033874726116,
      "fcf_margin_change": 0.014071173117584379
    },
    {
      "date": "2022-03-31T00:00:00",
      "quarter_label": "2022-03 (Q1)",
      "revenue": 24967000,
      "gross_profit": null,
      "operating_income": 1710000,
      "net_income": 1204000,
      "opex": null,
      "cogs": null,
      "rd": null,
      "sga": null,
      "fcf": 4373000,
      "ocf": 5296000,
      "capex": -923000,
      "gross_margin": null,
      "op_margin": 0.06849040733768574,
      "fcf_margin": 0.17515119958345016,
      "incr_op_margin_yoy": 0.3102025506376594,
      "rev_growth_yoy": 0.11954620869019326,
      "rev_growth_yoy_accel": 0.10570417481546715,
      "fcf_margin_change": 0.040781881206722076
    },
    {
      "date": "2022-06-30T00:00:00",
      "quarter_label": "2022-06 (Q2)",
      "revenue": 29821000,
      "gross_profit": null,
      "operating_income": 5381000,
      "net_income": 3823000,
      "opex": null,
      "cogs": null,
      "rd": null,
      "sga": null,
      "fcf": -596000,
      "ocf": 2044000,
      "capex": -2640000,
      "gross_margin": null,
      "op_margin": 0.180443311760169,
      "fcf_margin": -0.01998591596525938,
      "incr_op_margin_yoy": 0.4315492957746479,
      "rev_growth_yoy": 0.06328888255009626,
      "rev_growth_yoy_accel": -0.056257326140097,
      "fcf_margin_change": -0.19513711554870955
    },
    {
      "date": "2022-09-30T00:00:00",
      "quarter_label": "2022-09 (Q3)",
      "revenue": 29980000,
      "gross_profit": null,
      "operating_income": 1055000,
      "net_income": -104000,
      "opex": null,
      "cogs": null,
      "rd": null,
      "sga": null,
      "fcf": 5854000,
      "ocf": 7022000,
      "capex": -1168000,
      "gross_margin": null,
      "op_margin": 0.03519012675116744,
      "fcf_margin": 0.195263509006004,
      "incr_op_margin_yoy": -3.140088105726872,
      "rev_growth_yoy": 0.03934824059629052,
      "rev_growth_yoy_accel": -0.02394064195380575,
      "fcf_margin_change": 0.21524942497126337
    },
    {
      "date": "2022-12-31T00:00:00",
      "quarter_label": "2022-12 (Q4)",
      "revenue": 30125000,
      "gross_profit": null,
      "operating_income": 4924000,
      "net_income": 4279000,
      "opex": null,
      "cogs": null,
      "rd": null,
      "sga": null,
      "fcf": 1500000,
      "ocf": 2763000,
      "capex": -1263000,
      "gross_margin": null,
      "op_margin": 0.16345228215767635,
      "fcf_margin": 0.04979253112033195,
      "rev_growth_yoy": 0.03341223285650578,
      "rev_growth_yoy_accel": -0.0059360077397847336,
      "fcf_margin_change": -0.14547097788567206
    },
    {
      "date": "2023-03-31T00:00:00",
      "quarter_label": "2023-03 (Q1)",
      "revenue": 25912000,
      "gross_profit": null,
      "operating_income": 905000,
      "net_income": 920000,
      "opex": null,
      "cogs": null,
      "rd": null,
      "sga": null,
      "fcf": 3473000,
      "ocf": 4835000,
      "capex": -1362000,
      "gross_margin": null,
      "op_margin": 0.03492590305649892,
      "fcf_margin": 0.1340305649891942,
      "rev_growth_yoy": 0.0378499619497737,
      "rev_growth_yoy_accel": 0.004437729093267916,
      "fcf_margin_change": 0.08423803386886225
    },
    {
      "date": "2023-06-30T00:00:00",
      "quarter_label": "2023-06 (Q2)",
      "revenue": 29967000,
      "gross_profit": null,
      "operating_income": 4296000,
      "net_income": 3350000,
      "opex": null,
      "cogs": null,
      "rd": null,
      "sga": null,
      "fcf": -72000,
      "ocf": 1203000,
      "capex": -1275000,
      "gross_margin": null,
      "op_margin": 0.14335769346280908,
      "fcf_margin": -0.002402642907197918,
      "rev_growth_yoy": 0.004895878743167567,
      "rev_growth_yoy_accel": -0.03295408320660613,
      "fcf_margin_change": -0.1364332078963921
    },
    {
      "date": "2023-09-30T00:00:00",
      "quarter_label": "2023-09 (Q3)",
      "revenue": 29856000,
      "gross_profit": null,
      "operating_income": 3492000,
      "net_income": 2729000,
      "opex": null,
      "cogs": null,
      "rd": null,
      "sga": null,
      "fcf": 7123000,
      "ocf": 7883000,
      "capex": -760000,
      "gross_margin": null,
      "op_margin": 0.11696141479099678,
      "fcf_margin": 0.23857851018220794,
      "rev_growth_yoy": -0.004136090727151434,
      "rev_growth_yoy_accel": -0.009031969470319,
      "fcf_margin_change": 0.24098115308940585
    },
    {
      "date": "2023-12-31T00:00:00",
      "quarter_label": "2023-12 (Q4)",
      "revenue": 29145000,
      "gross_profit": null,
      "operating_income": 2795000,
      "net_income": 2501000,
      "opex": null,
      "cogs": null,
      "rd": null,
      "sga": null,
      "fcf": 499000,
      "ocf": 1458000,
      "capex": -959000,
      "gross_margin": null,
      "op_margin": 0.09589981128838566,
      "fcf_margin": 0.01712129010121805,
      "rev_growth_yoy": -0.03253112033195021,
      "rev_growth_yoy_accel": -0.028395029604798772,
      "fcf_margin_change": -0.2214572200809899
    },
    {
      "date": "2024-03-31T00:00:00",
      "quarter_label": "2024-03 (Q1)",
      "revenue": 25294000,
      "gross_profit": null,
      "operating_income": -2417000,
      "net_income": -1577000,
      "opex": null,
      "cogs": null,
      "rd": null,
      "sga": null,
      "fcf": 2753000,
      "ocf": 3803000,
      "capex": -1050000,
      "gross_margin": null,
      "op_margin": -0.09555625840120187,
      "fcf_margin": 0.1088400411164703,
      "rev_growth_yoy": -0.02384995368941031,
      "rev_growth_yoy_accel": 0.008681166642539897,
      "fcf_margin_change": 0.09171875101525226
    },
    {
      "date": "2024-06-30T00:00:00",
      "quarter_label": "2024-06 (Q2)",
      "revenue": 29716000,
      "gross_profit": null,
      "operating_income": 2143000,
      "net_income": 2501000,
      "opex": null,
      "cogs": null,
      "rd": null,
      "sga": null,
      "fcf": -280000,
      "ocf": 1244000,
      "capex": -1524000,
      "gross_margin": null,
      "op_margin": 0.07211603176739803,
      "fcf_margin": -0.00942253331538565,
      "rev_growth_yoy": -0.008375880134814963,
      "rev_growth_yoy_accel": 0.015474073554595347,
      "fcf_margin_change": -0.11826257443185595
    },
    {
      "date": "2024-09-30T00:00:00",
      "quarter_label": "2024-09 (Q3)",
      "revenue": 28694000,
      "gross_profit": null,
      "operating_income": 1645000,
      "net_income": 1267000,
      "opex": null,
      "cogs": null,
      "rd": null,
      "sga": null,
      "fcf": 4469000,
      "ocf": 5094000,
      "capex": -625000,
      "gross_margin": null,
      "op_margin": 0.05732905833972259,
      "fcf_margin": 0.15574684603052902,
      "incr_op_margin_yoy": 1.589500860585198,
      "rev_growth_yoy": -0.03892015005359057,
      "rev_growth_yoy_accel": -0.030544269918775607,
      "fcf_margin_change": 0.16516937934591466
    },
    {
      "date": "2024-12-31T00:00:00",
      "quarter_label": "2024-12 (Q4)",
      "revenue": 29215000,
      "gross_profit": null,
      "operating_income": 984000,
      "net_income": 1269000,
      "opex": null,
      "cogs": null,
      "rd": null,
      "sga": null,
      "fcf": 3063000,
      "ocf": 3631000,
      "capex": -568000,
      "gross_margin": null,
      "op_margin": 0.0336813280848879,
      "fcf_margin": 0.10484340236180044,
      "rev_growth_yoy": 0.002401784182535598,
      "rev_growth_yoy_accel": 0.041321934236126165,
      "fcf_margin_change": -0.05090344366872858
    },
    {
      "date": "2025-03-31T00:00:00",
      "quarter_label": "2025-03 (Q1)",
      "revenue": 24212000,
      "gross_profit": null,
      "operating_income": -2298000,
      "net_income": -1575000,
      "opex": null,
      "cogs": null,
      "rd": null,
      "sga": null,
      "fcf": 668000,
      "ocf": 1364000,
      "capex": -696000,
      "gross_margin": null,
      "op_margin": -0.09491161407566497,
      "fcf_margin": 0.027589624979349085,
      "incr_op_margin_yoy": -0.1099815157116451,
      "rev_growth_yoy": -0.042776943148572784,
      "rev_growth_yoy_accel": -0.04517872733110838,
      "fcf_margin_change": -0.07725377738245136
    },
    {
      "date": "2025-06-30T00:00:00",
      "quarter_label": "2025-06 (Q2)",
      "revenue": 28229000,
      "gross_profit": null,
      "operating_income": 1409000,
      "net_income": 1128000,
      "opex": null,
      "cogs": null,
      "rd": null,
      "sga": null,
      "fcf": -559000,
      "ocf": 755000,
      "capex": -1314000,
      "gross_margin": null,
      "op_margin": 0.04991320981968897,
      "fcf_margin": -0.01980233093627121,
      "incr_op_margin_yoy": 0.49361129791526565,
      "rev_growth_yoy": -0.05004038228563737,
      "rev_growth_yoy_accel": -0.007263439137064585,
      "fcf_margin_change": -0.047391955915620294
    },
    {
      "date": "2025-09-30T00:00:00",
      "quarter_label": "2025-09 (Q3)",
      "revenue": 28166000,
      "gross_profit": null,
      "operating_income": -626000,
      "net_income": -532000,
      "opex": null,
      "cogs": null,
      "rd": null,
      "sga": null,
      "fcf": 2773000,
      "ocf": 3363000,
      "capex": -590000,
      "gross_margin": null,
      "op_margin": -0.022225378115458355,
      "fcf_margin": 0.09845203436767734,
      "rev_growth_yoy": -0.018401059454938314,
      "rev_growth_yoy_accel": 0.031639322830699056,
      "fcf_margin_change": 0.11825436530394855
    }
  ],
  "signals": [
    {
      "quarter": "2025-09 (Q3)",
      "signal": "FCF TURNED POSITIVE",
      "detail": "FCF margin: -2.0% -> +9.8%",
      "severity": "HIGH"
    },
    {
      "quarter": "2025-06 (Q2)",
      "signal": "INCREMENTAL MARGIN (YoY)",
      "detail": "YoY Incr OPM: +49.4% vs year-ago OPM: +7.2%",
      "severity": "HIGH"
    },
    {
      "quarter": "2025-06 (Q2)",
      "signal": "OP MARGIN TURNED POSITIVE (QoQ)",
      "detail": "Op margin: -9.5% -> +5.0%",
      "severity": "HIGH"
    },
    {
      "quarter": "2024-09 (Q3)",
      "signal": "FCF TURNED POSITIVE",
      "detail": "FCF margin: -0.9% -> +15.6%",
      "severity": "HIGH"
    },
    {
      "quarter": "2024-09 (Q3)",
      "signal": "INCREMENTAL MARGIN (YoY)",
      "detail": "YoY Incr OPM: +159.0% vs year-ago OPM: +11.7%",
      "severity": "HIGH"
    },
    {
      "quarter": "2024-06 (Q2)",
      "signal": "OP MARGIN TURNED POSITIVE (QoQ)",
      "detail": "Op margin: -9.6% -> +7.2%",
      "severity": "HIGH"
    },
    {
      "quarter": "2024-03 (Q1)",
      "signal": "FCF MARGIN EXPANSION",
      "detail": "FCF margin: +1.7% -> +10.9% (+9.2%)",
      "severity": "MEDIUM"
    },
    {
      "quarter": "2023-09 (Q3)",
      "signal": "FCF TURNED POSITIVE",
      "detail": "FCF margin: -0.2% -> +23.9%",
      "severity": "HIGH"
    },
    {
      "quarter": "2023-03 (Q1)",
      "signal": "FCF MARGIN EXPANSION",
      "detail": "FCF margin: +5.0% -> +13.4% (+8.4%)",
      "severity": "MEDIUM"
    },
    {
      "quarter": "2022-09 (Q3)",
      "signal": "FCF TURNED POSITIVE",
      "detail": "FCF margin: -2.0% -> +19.5%",
      "severity": "HIGH"
    },
    {
      "quarter": "2022-06 (Q2)",
      "signal": "YoY REVENUE GROWTH DECELERATION",
      "detail": "YoY growth: +6.3% vs prior quarter YoY: +12.0% (decel: -5.6%)",
      "severity": "WARNING"
    },
    {
      "quarter": "2022-06 (Q2)",
      "signal": "INCREMENTAL MARGIN (YoY)",
      "detail": "YoY Incr OPM: +43.2% vs year-ago OPM: +16.5%",
      "severity": "HIGH"
    },
    {
      "quarter": "2022-03 (Q1)",
      "signal": "YoY REVENUE GROWTH ACCELERATION",
      "detail": "YoY growth: +12.0% vs prior quarter YoY: +1.4% (accel: +10.6%)",
      "severity": "MEDIUM"
    },
    {
      "quarter": "2022-03 (Q1)",
      "signal": "INCREMENTAL MARGIN (YoY)",
      "detail": "YoY Incr OPM: +31.0% vs year-ago OPM: +4.0%",
      "severity": "HIGH"
    },
    {
      "quarter": "2021-03 (Q1)",
      "signal": "FCF MARGIN EXPANSION",
      "detail": "FCF margin: +12.0% -> +21.6% (+9.6%)",
      "severity": "MEDIUM"
    }
  ],
  "data_quality": {
    "n_quarters": 20,
    "coverage": {
      "revenue": [
        20,
        20
      ],
      "gross_profit": [
        0,
        20
      ],
      "op_income": [
        20,
        20
      ],
      "fcf": [
        20,
        20
      ]
    },
    "gaps": [],
    "warnings": [
      "gross_profit: no data"
    ]
  },
  "market_cap": null,
  "source": "SEC EDGAR",
  "last_updated": "2026-02-02T23:31:00.228487"
}