{
  "ticker": "SGC",
  "name": "SUPERIOR GROUP OF COMPANIES, INC.",
  "quarters": [
    {
      "date": "2020-12-31T00:00:00",
      "quarter_label": "2020-12 (Q4)",
      "revenue": 145356000,
      "gross_profit": 51924000,
      "operating_income": null,
      "net_income": 12541000,
      "opex": null,
      "cogs": 93432000,
      "rd": null,
      "sga": 37811000,
      "fcf": -15854000,
      "ocf": -9708000,
      "capex": -6146000,
      "gross_margin": 0.3572195162222406,
      "op_margin": null,
      "fcf_margin": -0.10907014502325325
    },
    {
      "date": "2021-03-31T00:00:00",
      "quarter_label": "2021-03 (Q1)",
      "revenue": 140847000,
      "gross_profit": 49043000,
      "operating_income": null,
      "net_income": 10478000,
      "opex": null,
      "cogs": 91804000,
      "rd": null,
      "sga": 35111000,
      "fcf": -8991000,
      "ocf": -2255000,
      "capex": -6736000,
      "gross_margin": 0.3482005296527438,
      "op_margin": null,
      "fcf_margin": -0.06383522545741123,
      "fcf_margin_change": 0.045234919565842024
    },
    {
      "date": "2021-06-30T00:00:00",
      "quarter_label": "2021-06 (Q2)",
      "revenue": 130787000,
      "gross_profit": 47158000,
      "operating_income": null,
      "net_income": 4577000,
      "opex": null,
      "cogs": 83629000,
      "rd": null,
      "sga": 33906000,
      "fcf": -5345000,
      "ocf": -755000,
      "capex": -4590000,
      "gross_margin": 0.36057100476347037,
      "op_margin": null,
      "fcf_margin": -0.0408679761750021,
      "fcf_margin_change": 0.022967249282409126
    },
    {
      "date": "2021-09-30T00:00:00",
      "quarter_label": "2021-09 (Q3)",
      "revenue": 123326000,
      "gross_profit": 45814000,
      "operating_income": null,
      "net_income": 8196000,
      "opex": null,
      "cogs": 77512000,
      "rd": null,
      "sga": 35059000,
      "fcf": 18042000,
      "ocf": 21171000,
      "capex": -3129000,
      "gross_margin": 0.37148695327830306,
      "op_margin": null,
      "fcf_margin": 0.14629518511911518,
      "fcf_margin_change": 0.18716316129411728
    },
    {
      "date": "2021-12-31T00:00:00",
      "quarter_label": "2021-12 (Q4)",
      "revenue": 142026000,
      "gross_profit": 43999000,
      "operating_income": null,
      "net_income": 6189000,
      "opex": null,
      "cogs": 98027000,
      "rd": null,
      "sga": 37984000,
      "fcf": -4322000,
      "ocf": -1081000,
      "capex": -3241000,
      "gross_margin": 0.3097953895765564,
      "op_margin": null,
      "fcf_margin": -0.03043104783631166,
      "rev_growth_yoy": -0.022909271031123585,
      "fcf_margin_change": -0.17672623295542683
    },
    {
      "date": "2022-03-31T00:00:00",
      "quarter_label": "2022-03 (Q1)",
      "revenue": 143582000,
      "gross_profit": 49781000,
      "operating_income": null,
      "net_income": 5230000,
      "opex": null,
      "cogs": 93801000,
      "rd": null,
      "sga": 42214000,
      "fcf": -12915000,
      "ocf": -8727000,
      "capex": -4188000,
      "gross_margin": 0.3467078045994623,
      "op_margin": null,
      "fcf_margin": -0.08994860079954312,
      "rev_growth_yoy": 0.01941823397019461,
      "rev_growth_yoy_accel": 0.0423275050013182,
      "fcf_margin_change": -0.059517552963231454
    },
    {
      "date": "2022-06-30T00:00:00",
      "quarter_label": "2022-06 (Q2)",
      "revenue": 147933000,
      "gross_profit": 48133000,
      "operating_income": null,
      "net_income": -26675000,
      "opex": null,
      "cogs": 99800000,
      "rd": null,
      "sga": 45969000,
      "fcf": -1769000,
      "ocf": 1082000,
      "capex": -2851000,
      "gross_margin": 0.3253702689731162,
      "op_margin": null,
      "fcf_margin": -0.011958116174214002,
      "rev_growth_yoy": 0.13109865659430983,
      "rev_growth_yoy_accel": 0.11168042262411522,
      "fcf_margin_change": 0.07799048462532912
    },
    {
      "date": "2022-09-30T00:00:00",
      "quarter_label": "2022-09 (Q3)",
      "revenue": 138703000,
      "gross_profit": 50637000,
      "operating_income": null,
      "net_income": -12719000,
      "opex": null,
      "cogs": 88066000,
      "rd": null,
      "sga": 43815000,
      "fcf": -1041000,
      "ocf": 3141000,
      "capex": -4182000,
      "gross_margin": 0.3650750164019524,
      "op_margin": null,
      "fcf_margin": -0.0075052450199346804,
      "rev_growth_yoy": 0.1246857921281806,
      "rev_growth_yoy_accel": -0.006412864466129237,
      "fcf_margin_change": 0.004452871154279322
    },
    {
      "date": "2022-12-31T00:00:00",
      "quarter_label": "2022-12 (Q4)",
      "revenue": 148613000,
      "gross_profit": 44808000,
      "operating_income": null,
      "net_income": 2194000,
      "opex": null,
      "cogs": 103805000,
      "rd": null,
      "sga": 44322000,
      "fcf": 2103000,
      "ocf": 1900000,
      "capex": 203000,
      "gross_margin": 0.3015079434504384,
      "op_margin": null,
      "fcf_margin": 0.014150848176135331,
      "rev_growth_yoy": 0.04637883204483686,
      "rev_growth_yoy_accel": -0.07830696008334373,
      "fcf_margin_change": 0.021656093196070012
    },
    {
      "date": "2023-03-31T00:00:00",
      "quarter_label": "2023-03 (Q1)",
      "revenue": 130773000,
      "gross_profit": 47108000,
      "operating_income": null,
      "net_income": 888000,
      "opex": null,
      "cogs": 83665000,
      "rd": null,
      "sga": 43379000,
      "fcf": 22936000,
      "ocf": 25050000,
      "capex": -2114000,
      "gross_margin": 0.3602272640376836,
      "op_margin": null,
      "fcf_margin": 0.1753878858785835,
      "rev_growth_yoy": -0.08921034670083994,
      "rev_growth_yoy_accel": -0.1355891787456768,
      "fcf_margin_change": 0.16123703770244818
    },
    {
      "date": "2023-06-30T00:00:00",
      "quarter_label": "2023-06 (Q2)",
      "revenue": 129162000,
      "gross_profit": 47596000,
      "operating_income": null,
      "net_income": 1213000,
      "opex": null,
      "cogs": 81566000,
      "rd": null,
      "sga": 43382000,
      "fcf": 11516000,
      "ocf": 13045000,
      "capex": -1529000,
      "gross_margin": 0.3684984747836051,
      "op_margin": null,
      "fcf_margin": 0.0891593502733002,
      "rev_growth_yoy": -0.12688852385877392,
      "rev_growth_yoy_accel": -0.03767817715793398,
      "fcf_margin_change": -0.0862285356052833
    },
    {
      "date": "2023-09-30T00:00:00",
      "quarter_label": "2023-09 (Q3)",
      "revenue": 136126000,
      "gross_profit": 53198000,
      "operating_income": null,
      "net_income": 3114000,
      "opex": null,
      "cogs": 82928000,
      "rd": null,
      "sga": 47246000,
      "fcf": 20913000,
      "ocf": 21293000,
      "capex": -380000,
      "gross_margin": 0.3907997002776839,
      "op_margin": null,
      "fcf_margin": 0.1536297254014663,
      "rev_growth_yoy": -0.018579266490270578,
      "rev_growth_yoy_accel": 0.10830925736850333,
      "fcf_margin_change": 0.0644703751281661
    },
    {
      "date": "2023-12-31T00:00:00",
      "quarter_label": "2023-12 (Q4)",
      "revenue": 147241000,
      "gross_profit": 55645000,
      "operating_income": null,
      "net_income": 3557000,
      "opex": null,
      "cogs": 91596000,
      "rd": null,
      "sga": 49198000,
      "fcf": 18601000,
      "ocf": 19541000,
      "capex": -940000,
      "gross_margin": 0.3779178353855244,
      "op_margin": null,
      "fcf_margin": 0.12633030202185533,
      "rev_growth_yoy": -0.009232032190992712,
      "rev_growth_yoy_accel": 0.009347234299277866,
      "fcf_margin_change": -0.02729942337961097
    },
    {
      "date": "2024-03-31T00:00:00",
      "quarter_label": "2024-03 (Q1)",
      "revenue": 138842000,
      "gross_profit": 55317000,
      "operating_income": null,
      "net_income": 3912000,
      "opex": null,
      "cogs": 83525000,
      "rd": null,
      "sga": 48749000,
      "fcf": 8772000,
      "ocf": 9447000,
      "capex": -675000,
      "gross_margin": 0.3984169055473128,
      "op_margin": null,
      "fcf_margin": 0.06317972947667132,
      "rev_growth_yoy": 0.061702339167871045,
      "rev_growth_yoy_accel": 0.07093437135886375,
      "fcf_margin_change": -0.06315057254518401
    },
    {
      "date": "2024-06-30T00:00:00",
      "quarter_label": "2024-06 (Q2)",
      "revenue": 131736000,
      "gross_profit": 50755000,
      "operating_income": null,
      "net_income": 600000,
      "opex": null,
      "cogs": 80981000,
      "rd": null,
      "sga": 48375000,
      "fcf": 5554000,
      "ocf": 6853000,
      "capex": -1299000,
      "gross_margin": 0.385278132021619,
      "op_margin": null,
      "fcf_margin": 0.04216007773122002,
      "rev_growth_yoy": 0.01992846193152785,
      "rev_growth_yoy_accel": -0.041773877236343196,
      "fcf_margin_change": -0.021019651745451298
    },
    {
      "date": "2024-09-30T00:00:00",
      "quarter_label": "2024-09 (Q3)",
      "revenue": 149690000,
      "gross_profit": 60546000,
      "operating_income": null,
      "net_income": 5403000,
      "opex": null,
      "cogs": 89144000,
      "rd": null,
      "sga": 52215000,
      "fcf": 7260000,
      "ocf": 8197000,
      "capex": -937000,
      "gross_margin": 0.4044759168949162,
      "op_margin": null,
      "fcf_margin": 0.04850023381655421,
      "rev_growth_yoy": 0.09964297782936397,
      "rev_growth_yoy_accel": 0.07971451589783612,
      "fcf_margin_change": 0.006340156085334191
    },
    {
      "date": "2024-12-31T00:00:00",
      "quarter_label": "2024-12 (Q4)",
      "revenue": 145408000,
      "gross_profit": 53960000,
      "operating_income": null,
      "net_income": 2089000,
      "opex": null,
      "cogs": 91448000,
      "rd": null,
      "sga": 50587000,
      "fcf": 7407000,
      "ocf": 8931000,
      "capex": -1524000,
      "gross_margin": 0.37109375,
      "op_margin": null,
      "fcf_margin": 0.05093942561619718,
      "rev_growth_yoy": -0.012448978205798657,
      "rev_growth_yoy_accel": -0.11209195603516263,
      "fcf_margin_change": 0.00243919179964297
    },
    {
      "date": "2025-03-31T00:00:00",
      "quarter_label": "2025-03 (Q1)",
      "revenue": 137097000,
      "gross_profit": 50441000,
      "operating_income": null,
      "net_income": -758000,
      "opex": null,
      "cogs": 86656000,
      "rd": null,
      "sga": 50102000,
      "fcf": -3119000,
      "ocf": -1988000,
      "capex": -1131000,
      "gross_margin": 0.36792198224614686,
      "op_margin": null,
      "fcf_margin": -0.022750315470068637,
      "rev_growth_yoy": -0.012568243038849916,
      "rev_growth_yoy_accel": -0.00011926483305125905,
      "fcf_margin_change": -0.07368974108626582
    },
    {
      "date": "2025-06-30T00:00:00",
      "quarter_label": "2025-06 (Q2)",
      "revenue": 144045000,
      "gross_profit": 55326000,
      "operating_income": null,
      "net_income": 1551000,
      "opex": null,
      "cogs": 88719000,
      "rd": null,
      "sga": 52240000,
      "fcf": 3349000,
      "ocf": 4934000,
      "capex": -1585000,
      "gross_margin": 0.3840883057377903,
      "op_margin": null,
      "fcf_margin": 0.023249678919782014,
      "rev_growth_yoy": 0.09343687374749499,
      "rev_growth_yoy_accel": 0.1060051167863449,
      "fcf_margin_change": 0.045999994389850654
    },
    {
      "date": "2025-09-30T00:00:00",
      "quarter_label": "2025-09 (Q3)",
      "revenue": 138467000,
      "gross_profit": 53078000,
      "operating_income": null,
      "net_income": 2744000,
      "opex": null,
      "cogs": 85389000,
      "rd": null,
      "sga": 48513000,
      "fcf": -2367000,
      "ocf": -1676000,
      "capex": -691000,
      "gross_margin": 0.3833259910303538,
      "op_margin": null,
      "fcf_margin": -0.017094325723818672,
      "rev_growth_yoy": -0.07497494822633442,
      "rev_growth_yoy_accel": -0.16841182197382942,
      "fcf_margin_change": -0.04034400464360069
    }
  ],
  "signals": [
    {
      "quarter": "2025-09 (Q3)",
      "signal": "YoY REVENUE GROWTH DECELERATION",
      "detail": "YoY growth: -7.5% vs prior quarter YoY: +9.3% (decel: -16.8%)",
      "severity": "WARNING"
    },
    {
      "quarter": "2025-06 (Q2)",
      "signal": "FCF TURNED POSITIVE",
      "detail": "FCF margin: -2.3% -> +2.3%",
      "severity": "HIGH"
    },
    {
      "quarter": "2025-06 (Q2)",
      "signal": "YoY REVENUE GROWTH ACCELERATION",
      "detail": "YoY growth: +9.3% vs prior quarter YoY: -1.3% (accel: +10.6%)",
      "severity": "MEDIUM"
    },
    {
      "quarter": "2024-12 (Q4)",
      "signal": "YoY REVENUE GROWTH DECELERATION",
      "detail": "YoY growth: -1.2% vs prior quarter YoY: +10.0% (decel: -11.2%)",
      "severity": "WARNING"
    },
    {
      "quarter": "2024-09 (Q3)",
      "signal": "YoY REVENUE GROWTH ACCELERATION",
      "detail": "YoY growth: +10.0% vs prior quarter YoY: +2.0% (accel: +8.0%)",
      "severity": "MEDIUM"
    },
    {
      "quarter": "2024-03 (Q1)",
      "signal": "GROSS MARGIN INFLECTION",
      "detail": "GM: +39.1% -> +37.8% -> +39.8% (reversal +2.0%)",
      "severity": "MEDIUM"
    },
    {
      "quarter": "2024-03 (Q1)",
      "signal": "YoY REVENUE GROWTH ACCELERATION",
      "detail": "YoY growth: +6.2% vs prior quarter YoY: -0.9% (accel: +7.1%)",
      "severity": "MEDIUM"
    },
    {
      "quarter": "2023-09 (Q3)",
      "signal": "FCF MARGIN EXPANSION",
      "detail": "FCF margin: +8.9% -> +15.4% (+6.4%)",
      "severity": "MEDIUM"
    },
    {
      "quarter": "2023-09 (Q3)",
      "signal": "YoY REVENUE GROWTH ACCELERATION",
      "detail": "YoY growth: -1.9% vs prior quarter YoY: -12.7% (accel: +10.8%)",
      "severity": "MEDIUM"
    },
    {
      "quarter": "2023-03 (Q1)",
      "signal": "FCF MARGIN EXPANSION",
      "detail": "FCF margin: +1.4% -> +17.5% (+16.1%)",
      "severity": "MEDIUM"
    },
    {
      "quarter": "2023-03 (Q1)",
      "signal": "GROSS MARGIN INFLECTION",
      "detail": "GM: +36.5% -> +30.2% -> +36.0% (reversal +5.9%)",
      "severity": "HIGH"
    },
    {
      "quarter": "2023-03 (Q1)",
      "signal": "YoY REVENUE GROWTH DECELERATION",
      "detail": "YoY growth: -8.9% vs prior quarter YoY: +4.6% (decel: -13.6%)",
      "severity": "WARNING"
    },
    {
      "quarter": "2022-12 (Q4)",
      "signal": "FCF TURNED POSITIVE",
      "detail": "FCF margin: -0.8% -> +1.4%",
      "severity": "HIGH"
    },
    {
      "quarter": "2022-12 (Q4)",
      "signal": "YoY REVENUE GROWTH DECELERATION",
      "detail": "YoY growth: +4.6% vs prior quarter YoY: +12.5% (decel: -7.8%)",
      "severity": "WARNING"
    },
    {
      "quarter": "2022-09 (Q3)",
      "signal": "GROSS MARGIN INFLECTION",
      "detail": "GM: +34.7% -> +32.5% -> +36.5% (reversal +4.0%)",
      "severity": "MEDIUM"
    },
    {
      "quarter": "2022-06 (Q2)",
      "signal": "FCF MARGIN EXPANSION",
      "detail": "FCF margin: -9.0% -> -1.2% (+7.8%)",
      "severity": "MEDIUM"
    },
    {
      "quarter": "2022-06 (Q2)",
      "signal": "YoY REVENUE GROWTH ACCELERATION",
      "detail": "YoY growth: +13.1% vs prior quarter YoY: +1.9% (accel: +11.2%)",
      "severity": "MEDIUM"
    },
    {
      "quarter": "2022-03 (Q1)",
      "signal": "GROSS MARGIN INFLECTION",
      "detail": "GM: +37.1% -> +31.0% -> +34.7% (reversal +3.7%)",
      "severity": "MEDIUM"
    },
    {
      "quarter": "2021-09 (Q3)",
      "signal": "FCF TURNED POSITIVE",
      "detail": "FCF margin: -4.1% -> +14.6%",
      "severity": "HIGH"
    }
  ],
  "data_quality": {
    "n_quarters": 20,
    "coverage": {
      "revenue": [
        20,
        20
      ],
      "gross_profit": [
        20,
        20
      ],
      "op_income": [
        0,
        20
      ],
      "fcf": [
        20,
        20
      ]
    },
    "gaps": [],
    "warnings": [
      "op_income: no data"
    ]
  },
  "market_cap": null,
  "source": "SEC EDGAR",
  "last_updated": "2026-02-02T23:08:37.603425"
}