{
  "ticker": "SGI",
  "name": "SOMNIGROUP INTERNATIONAL INC.",
  "quarters": [
    {
      "date": "2020-12-31T00:00:00",
      "quarter_label": "2020-12 (Q4)",
      "revenue": 1057000000,
      "gross_profit": 485200000,
      "operating_income": 193200000,
      "net_income": 144700000,
      "opex": 292000000,
      "cogs": 571800000,
      "rd": null,
      "sga": null,
      "fcf": 119100000,
      "ocf": 156800000,
      "capex": -37700000,
      "gross_margin": 0.45903500473036896,
      "op_margin": 0.1827814569536424,
      "fcf_margin": 0.11267738883632923
    },
    {
      "date": "2021-03-31T00:00:00",
      "quarter_label": "2021-03 (Q1)",
      "revenue": 1043800000,
      "gross_profit": 458900000,
      "operating_income": 188400000,
      "net_income": 130500000,
      "opex": 270500000,
      "cogs": 584900000,
      "rd": null,
      "sga": null,
      "fcf": 62800000,
      "ocf": 86300000,
      "capex": -23500000,
      "gross_margin": 0.4396436098869515,
      "op_margin": 0.180494347576164,
      "fcf_margin": 0.060164782525388004,
      "fcf_margin_change": -0.05251260631094123
    },
    {
      "date": "2021-06-30T00:00:00",
      "quarter_label": "2021-06 (Q2)",
      "revenue": 1169100000,
      "gross_profit": 518200000,
      "operating_income": 223300000,
      "net_income": 140800000,
      "opex": 294900000,
      "cogs": 650900000,
      "rd": null,
      "sga": null,
      "fcf": 197600000,
      "ocf": 226700000,
      "capex": -29100000,
      "gross_margin": 0.44324694209220766,
      "op_margin": 0.19100162518176375,
      "fcf_margin": 0.16901890342998888,
      "op_leverage_ratio": 1.3307951871943309,
      "fcf_margin_change": 0.10885412090460087
    },
    {
      "date": "2021-09-30T00:00:00",
      "quarter_label": "2021-09 (Q3)",
      "revenue": 1358300000,
      "gross_profit": 577100000,
      "operating_income": 249800000,
      "net_income": 177400000,
      "opex": 327300000,
      "cogs": 781200000,
      "rd": null,
      "sga": null,
      "fcf": 255000000,
      "ocf": 284500000,
      "capex": -29500000,
      "gross_margin": 0.42486932194655086,
      "op_margin": 0.18390635353014798,
      "fcf_margin": 0.18773466833541927,
      "op_leverage_ratio": 1.472988085168395,
      "fcf_margin_change": 0.018715764905430393
    },
    {
      "date": "2021-12-31T00:00:00",
      "quarter_label": "2021-12 (Q4)",
      "revenue": 1359600000,
      "gross_profit": 604500000,
      "operating_income": 250800000,
      "net_income": 175800000,
      "opex": 353700000,
      "cogs": 755100000,
      "rd": null,
      "sga": null,
      "fcf": 84400000,
      "ocf": 125600000,
      "capex": -41200000,
      "gross_margin": 0.4446160635481024,
      "op_margin": 0.18446601941747573,
      "fcf_margin": 0.06207708149455722,
      "incr_op_margin_yoy": 0.19035029742233972,
      "rev_growth_yoy": 0.28628192999053925,
      "fcf_margin_change": -0.12565758684086203
    },
    {
      "date": "2022-03-31T00:00:00",
      "quarter_label": "2022-03 (Q1)",
      "revenue": 1239500000,
      "gross_profit": 522800000,
      "operating_income": 188600000,
      "net_income": 130700000,
      "opex": 334200000,
      "cogs": 716700000,
      "rd": null,
      "sga": null,
      "fcf": 25300000,
      "ocf": 85600000,
      "capex": -60300000,
      "gross_margin": 0.42178297700685763,
      "op_margin": 0.15215812827753125,
      "fcf_margin": 0.020411456232351754,
      "incr_op_margin_yoy": 0.001021972406745018,
      "rev_growth_yoy": 0.1874880245257712,
      "rev_growth_yoy_accel": -0.09879390546476804,
      "fcf_margin_change": -0.041665625262205463
    },
    {
      "date": "2022-06-30T00:00:00",
      "quarter_label": "2022-06 (Q2)",
      "revenue": 1211000000,
      "gross_profit": 496500000,
      "operating_income": 143900000,
      "net_income": 90600000,
      "opex": 352600000,
      "cogs": 714500000,
      "rd": null,
      "sga": null,
      "fcf": -89000000,
      "ocf": -19100000,
      "capex": -69900000,
      "gross_margin": 0.40999174236168456,
      "op_margin": 0.11882741535920727,
      "fcf_margin": -0.07349298100743187,
      "incr_op_margin_yoy": -1.8949880668257757,
      "rev_growth_yoy": 0.03583953468480027,
      "rev_growth_yoy_accel": -0.15164848984097093,
      "fcf_margin_change": -0.09390443723978363
    },
    {
      "date": "2022-09-30T00:00:00",
      "quarter_label": "2022-09 (Q3)",
      "revenue": 1283300000,
      "gross_profit": 541100000,
      "operating_income": 201000000,
      "net_income": 132700000,
      "opex": 340100000,
      "cogs": 742200000,
      "rd": null,
      "sga": null,
      "fcf": 131200000,
      "ocf": 217000000,
      "capex": -85800000,
      "gross_margin": 0.4216473155146887,
      "op_margin": 0.1566274448686979,
      "fcf_margin": 0.10223642172523961,
      "incr_op_margin_yoy": 0.6506666666666666,
      "rev_growth_yoy": -0.05521607892218214,
      "rev_growth_yoy_accel": -0.09105561360698242,
      "op_leverage_ratio": Infinity,
      "fcf_margin_change": 0.17572940273267149
    },
    {
      "date": "2022-12-31T00:00:00",
      "quarter_label": "2022-12 (Q4)",
      "revenue": 1187400000,
      "gross_profit": 489200000,
      "operating_income": 147100000,
      "net_income": 101700000,
      "opex": 342100000,
      "cogs": 698200000,
      "rd": null,
      "sga": null,
      "fcf": 4800000,
      "ocf": 95300000,
      "capex": -90500000,
      "gross_margin": 0.41199258884958734,
      "op_margin": 0.12388411655718376,
      "fcf_margin": 0.00404244567963618,
      "incr_op_margin_yoy": 0.6022067363530779,
      "rev_growth_yoy": -0.1266548984995587,
      "rev_growth_yoy_accel": -0.07143881957737655,
      "fcf_margin_change": -0.09819397604560343
    },
    {
      "date": "2023-03-31T00:00:00",
      "quarter_label": "2023-03 (Q1)",
      "revenue": 1208100000,
      "gross_profit": 499900000,
      "operating_income": 143300000,
      "net_income": 85300000,
      "opex": 356600000,
      "cogs": 708200000,
      "rd": null,
      "sga": null,
      "fcf": 47700000,
      "ocf": 99800000,
      "capex": -52100000,
      "gross_margin": 0.4137902491515603,
      "op_margin": 0.11861600860855889,
      "fcf_margin": 0.03948348646635212,
      "incr_op_margin_yoy": 1.4426751592356688,
      "rev_growth_yoy": -0.025332795482049215,
      "rev_growth_yoy_accel": 0.10132210301750948,
      "op_leverage_ratio": 0.4112996811346727,
      "fcf_margin_change": 0.03544104078671594
    },
    {
      "date": "2023-06-30T00:00:00",
      "quarter_label": "2023-06 (Q2)",
      "revenue": 1269700000,
      "gross_profit": 542300000,
      "operating_income": 158800000,
      "net_income": 92400000,
      "opex": 383500000,
      "cogs": 727400000,
      "rd": null,
      "sga": null,
      "fcf": 90100000,
      "ocf": 150700000,
      "capex": -60600000,
      "gross_margin": 0.42710876585020086,
      "op_margin": 0.12506891391667324,
      "fcf_margin": 0.07096164448294873,
      "incr_op_margin_yoy": 0.25383304940374785,
      "rev_growth_yoy": 0.04847233691164327,
      "rev_growth_yoy_accel": 0.07380513239369249,
      "op_leverage_ratio": 0.6759380378233788,
      "fcf_margin_change": 0.031478158016596605
    },
    {
      "date": "2023-09-30T00:00:00",
      "quarter_label": "2023-09 (Q3)",
      "revenue": 1277100000,
      "gross_profit": 573700000,
      "operating_income": 183200000,
      "net_income": 113300000,
      "opex": 390500000,
      "cogs": 703400000,
      "rd": null,
      "sga": null,
      "fcf": 188100000,
      "ocf": 228700000,
      "capex": -40600000,
      "gross_margin": 0.4492208910813562,
      "op_margin": 0.1434500039151202,
      "fcf_margin": 0.14728682170542637,
      "incr_op_margin_yoy": 2.870967741935484,
      "rev_growth_yoy": -0.00483129431933297,
      "rev_growth_yoy_accel": -0.05330363123097624,
      "fcf_margin_change": 0.07632517722247764
    },
    {
      "date": "2023-12-31T00:00:00",
      "quarter_label": "2023-12 (Q4)",
      "revenue": 1170500000,
      "gross_profit": 512800000,
      "operating_income": 121900000,
      "net_income": 77100000,
      "opex": 390900000,
      "cogs": 657700000,
      "rd": null,
      "sga": null,
      "fcf": null,
      "ocf": null,
      "capex": -32100000,
      "gross_margin": 0.4381033746262281,
      "op_margin": 0.10414352840666381,
      "fcf_margin": null,
      "incr_op_margin_yoy": 1.4911242603550297,
      "rev_growth_yoy": -0.014232777497052384,
      "rev_growth_yoy_accel": -0.009401483177719414
    },
    {
      "date": "2024-03-31T00:00:00",
      "quarter_label": "2024-03 (Q1)",
      "revenue": 1189400000,
      "gross_profit": 512600000,
      "operating_income": 131500000,
      "net_income": 76300000,
      "opex": 381100000,
      "cogs": 676800000,
      "rd": null,
      "sga": null,
      "fcf": 98700000,
      "ocf": 130200000,
      "capex": -31500000,
      "gross_margin": 0.43097360013452163,
      "op_margin": 0.11055994619135699,
      "fcf_margin": 0.08298301664704893,
      "incr_op_margin_yoy": 0.6310160427807486,
      "rev_growth_yoy": -0.015478851088486052,
      "rev_growth_yoy_accel": -0.001246073591433668,
      "op_leverage_ratio": Infinity
    },
    {
      "date": "2024-06-30T00:00:00",
      "quarter_label": "2024-06 (Q2)",
      "revenue": 1233600000,
      "gross_profit": 554200000,
      "operating_income": 173300000,
      "net_income": 106100000,
      "opex": 380900000,
      "cogs": 679400000,
      "rd": null,
      "sga": null,
      "fcf": 122100000,
      "ocf": 150600000,
      "capex": -28500000,
      "gross_margin": 0.449254215304799,
      "op_margin": 0.14048313878080415,
      "fcf_margin": 0.09897859922178988,
      "incr_op_margin_yoy": -0.40166204986149584,
      "rev_growth_yoy": -0.02843191305032685,
      "rev_growth_yoy_accel": -0.012953061961840798,
      "op_leverage_ratio": Infinity,
      "fcf_margin_change": 0.015995582574740944
    },
    {
      "date": "2024-09-30T00:00:00",
      "quarter_label": "2024-09 (Q3)",
      "revenue": 1300000000,
      "gross_profit": 589900000,
      "operating_income": 201800000,
      "net_income": 130000000,
      "opex": 388100000,
      "cogs": 710100000,
      "rd": null,
      "sga": null,
      "fcf": 240200000,
      "ocf": 256600000,
      "capex": -16400000,
      "gross_margin": 0.45376923076923076,
      "op_margin": 0.15523076923076923,
      "fcf_margin": 0.18476923076923077,
      "incr_op_margin_yoy": 0.8122270742358079,
      "rev_growth_yoy": 0.017931250489390024,
      "rev_growth_yoy_accel": 0.046363163539716874,
      "op_leverage_ratio": 2.8475554834990633,
      "fcf_margin_change": 0.08579063154744089
    },
    {
      "date": "2024-12-31T00:00:00",
      "quarter_label": "2024-12 (Q4)",
      "revenue": 1207900000,
      "gross_profit": 523400000,
      "operating_income": 127600000,
      "net_income": 71900000,
      "opex": 395800000,
      "cogs": 684500000,
      "rd": null,
      "sga": null,
      "fcf": null,
      "ocf": null,
      "capex": -20900000,
      "gross_margin": 0.4333140160609322,
      "op_margin": 0.10563788393078898,
      "fcf_margin": null,
      "incr_op_margin_yoy": 0.15240641711229946,
      "rev_growth_yoy": 0.031952157197778726,
      "rev_growth_yoy_accel": 0.014020906708388702
    },
    {
      "date": "2025-03-31T00:00:00",
      "quarter_label": "2025-03 (Q1)",
      "revenue": 1604700000,
      "gross_profit": 580500000,
      "operating_income": 13200000,
      "net_income": -33100000,
      "opex": 567300000,
      "cogs": 1024200000,
      "rd": null,
      "sga": null,
      "fcf": 82400000,
      "ocf": 106400000,
      "capex": -24000000,
      "gross_margin": 0.36174985978687607,
      "op_margin": 0.008225836604972891,
      "fcf_margin": 0.05134916183710351,
      "incr_op_margin_yoy": -0.2848543221767397,
      "rev_growth_yoy": 0.34916764755338825,
      "rev_growth_yoy_accel": 0.31721549035560953,
      "op_leverage_ratio": 0.7581451267011128
    },
    {
      "date": "2025-06-30T00:00:00",
      "quarter_label": "2025-06 (Q2)",
      "revenue": 1880800000,
      "gross_profit": 827200000,
      "operating_income": 179900000,
      "net_income": 99000000,
      "opex": 647300000,
      "cogs": 1053600000,
      "rd": null,
      "sga": null,
      "fcf": 149400000,
      "ocf": 186100000,
      "capex": -36700000,
      "gross_margin": 0.439812845597618,
      "op_margin": 0.09565078689919183,
      "fcf_margin": 0.07943428328370906,
      "incr_op_margin_yoy": 0.01019777503090235,
      "rev_growth_yoy": 0.5246433203631647,
      "rev_growth_yoy_accel": 0.1754756728097765,
      "op_leverage_ratio": 1.2200997850065431,
      "fcf_margin_change": 0.028085121446605556
    },
    {
      "date": "2025-09-30T00:00:00",
      "quarter_label": "2025-09 (Q3)",
      "revenue": 2122600000,
      "gross_profit": 952800000,
      "operating_income": 314700000,
      "net_income": 177400000,
      "opex": 638100000,
      "cogs": 1169800000,
      "rd": null,
      "sga": null,
      "fcf": 360300000,
      "ocf": 408200000,
      "capex": -47900000,
      "gross_margin": 0.44888344483181003,
      "op_margin": 0.1482615660039574,
      "fcf_margin": 0.1697446527843211,
      "incr_op_margin_yoy": 0.13724775103330902,
      "rev_growth_yoy": 0.6327692307692308,
      "rev_growth_yoy_accel": 0.108125910406066,
      "op_leverage_ratio": Infinity,
      "fcf_margin_change": 0.09031036950061204
    }
  ],
  "signals": [
    {
      "quarter": "2025-09 (Q3)",
      "signal": "FCF MARGIN EXPANSION",
      "detail": "FCF margin: +7.9% -> +17.0% (+9.0%)",
      "severity": "MEDIUM"
    },
    {
      "quarter": "2025-09 (Q3)",
      "signal": "YoY REVENUE GROWTH ACCELERATION",
      "detail": "YoY growth: +63.3% vs prior quarter YoY: +52.5% (accel: +10.8%)",
      "severity": "MEDIUM"
    },
    {
      "quarter": "2025-06 (Q2)",
      "signal": "GROSS MARGIN INFLECTION",
      "detail": "GM: +43.3% -> +36.2% -> +44.0% (reversal +7.8%)",
      "severity": "HIGH"
    },
    {
      "quarter": "2025-06 (Q2)",
      "signal": "YoY REVENUE GROWTH ACCELERATION",
      "detail": "YoY growth: +52.5% vs prior quarter YoY: +34.9% (accel: +17.5%)",
      "severity": "HIGH"
    },
    {
      "quarter": "2025-03 (Q1)",
      "signal": "YoY REVENUE GROWTH ACCELERATION",
      "detail": "YoY growth: +34.9% vs prior quarter YoY: +3.2% (accel: +31.7%)",
      "severity": "HIGH"
    },
    {
      "quarter": "2024-09 (Q3)",
      "signal": "FCF MARGIN EXPANSION",
      "detail": "FCF margin: +9.9% -> +18.5% (+8.6%)",
      "severity": "MEDIUM"
    },
    {
      "quarter": "2024-09 (Q3)",
      "signal": "OPERATING LEVERAGE",
      "detail": "Rev growth +5.4% vs OpEx growth +1.9% (leverage: 2.8x)",
      "severity": "MEDIUM"
    },
    {
      "quarter": "2024-09 (Q3)",
      "signal": "INCREMENTAL MARGIN (YoY)",
      "detail": "YoY Incr OPM: +81.2% vs year-ago OPM: +14.3%",
      "severity": "HIGH"
    },
    {
      "quarter": "2024-03 (Q1)",
      "signal": "INCREMENTAL MARGIN (YoY)",
      "detail": "YoY Incr OPM: +63.1% vs year-ago OPM: +11.9%",
      "severity": "HIGH"
    },
    {
      "quarter": "2023-12 (Q4)",
      "signal": "INCREMENTAL MARGIN (YoY)",
      "detail": "YoY Incr OPM: +149.1% vs year-ago OPM: +12.4%",
      "severity": "HIGH"
    },
    {
      "quarter": "2023-09 (Q3)",
      "signal": "FCF MARGIN EXPANSION",
      "detail": "FCF margin: +7.1% -> +14.7% (+7.6%)",
      "severity": "MEDIUM"
    },
    {
      "quarter": "2023-09 (Q3)",
      "signal": "YoY REVENUE GROWTH DECELERATION",
      "detail": "YoY growth: -0.5% vs prior quarter YoY: +4.8% (decel: -5.3%)",
      "severity": "WARNING"
    },
    {
      "quarter": "2023-09 (Q3)",
      "signal": "INCREMENTAL MARGIN (YoY)",
      "detail": "YoY Incr OPM: +287.1% vs year-ago OPM: +15.7%",
      "severity": "HIGH"
    },
    {
      "quarter": "2023-06 (Q2)",
      "signal": "YoY REVENUE GROWTH ACCELERATION",
      "detail": "YoY growth: +4.8% vs prior quarter YoY: -2.5% (accel: +7.4%)",
      "severity": "MEDIUM"
    },
    {
      "quarter": "2023-06 (Q2)",
      "signal": "INCREMENTAL MARGIN (YoY)",
      "detail": "YoY Incr OPM: +25.4% vs year-ago OPM: +11.9%",
      "severity": "MEDIUM"
    },
    {
      "quarter": "2023-03 (Q1)",
      "signal": "YoY REVENUE GROWTH ACCELERATION",
      "detail": "YoY growth: -2.5% vs prior quarter YoY: -12.7% (accel: +10.1%)",
      "severity": "MEDIUM"
    },
    {
      "quarter": "2023-03 (Q1)",
      "signal": "INCREMENTAL MARGIN (YoY)",
      "detail": "YoY Incr OPM: +144.3% vs year-ago OPM: +15.2%",
      "severity": "HIGH"
    },
    {
      "quarter": "2022-12 (Q4)",
      "signal": "YoY REVENUE GROWTH DECELERATION",
      "detail": "YoY growth: -12.7% vs prior quarter YoY: -5.5% (decel: -7.1%)",
      "severity": "WARNING"
    },
    {
      "quarter": "2022-12 (Q4)",
      "signal": "INCREMENTAL MARGIN (YoY)",
      "detail": "YoY Incr OPM: +60.2% vs year-ago OPM: +18.4%",
      "severity": "HIGH"
    },
    {
      "quarter": "2022-09 (Q3)",
      "signal": "FCF TURNED POSITIVE",
      "detail": "FCF margin: -7.3% -> +10.2%",
      "severity": "HIGH"
    },
    {
      "quarter": "2022-09 (Q3)",
      "signal": "YoY REVENUE GROWTH DECELERATION",
      "detail": "YoY growth: -5.5% vs prior quarter YoY: +3.6% (decel: -9.1%)",
      "severity": "WARNING"
    },
    {
      "quarter": "2022-09 (Q3)",
      "signal": "INCREMENTAL MARGIN (YoY)",
      "detail": "YoY Incr OPM: +65.1% vs year-ago OPM: +18.4%",
      "severity": "HIGH"
    },
    {
      "quarter": "2022-06 (Q2)",
      "signal": "YoY REVENUE GROWTH DECELERATION",
      "detail": "YoY growth: +3.6% vs prior quarter YoY: +18.7% (decel: -15.2%)",
      "severity": "WARNING"
    },
    {
      "quarter": "2022-03 (Q1)",
      "signal": "YoY REVENUE GROWTH DECELERATION",
      "detail": "YoY growth: +18.7% vs prior quarter YoY: +28.6% (decel: -9.9%)",
      "severity": "WARNING"
    },
    {
      "quarter": "2021-06 (Q2)",
      "signal": "FCF MARGIN EXPANSION",
      "detail": "FCF margin: +6.0% -> +16.9% (+10.9%)",
      "severity": "MEDIUM"
    }
  ],
  "data_quality": {
    "n_quarters": 20,
    "coverage": {
      "revenue": [
        20,
        20
      ],
      "gross_profit": [
        20,
        20
      ],
      "op_income": [
        20,
        20
      ],
      "fcf": [
        18,
        20
      ]
    },
    "gaps": [],
    "warnings": []
  },
  "market_cap": null,
  "source": "SEC EDGAR",
  "last_updated": "2026-02-02T20:19:49.821117"
}