{
  "ticker": "SGMO",
  "name": "SANGAMO THERAPEUTICS, INC.",
  "quarters": [
    {
      "date": "2020-12-31T00:00:00",
      "quarter_label": "2020-12 (Q4)",
      "revenue": 25800000,
      "gross_profit": null,
      "operating_income": -43432000,
      "net_income": -40604000,
      "opex": 69232000,
      "cogs": null,
      "rd": 52358000,
      "sga": null,
      "fcf": -8306000,
      "ocf": -4295000,
      "capex": -4011000,
      "gross_margin": null,
      "op_margin": -1.6834108527131784,
      "fcf_margin": -0.32193798449612404
    },
    {
      "date": "2021-03-31T00:00:00",
      "quarter_label": "2021-03 (Q1)",
      "revenue": 26280000,
      "gross_profit": null,
      "operating_income": -46302000,
      "net_income": -45933000,
      "opex": 72582000,
      "cogs": null,
      "rd": 56434000,
      "sga": null,
      "fcf": -76500000,
      "ocf": -68550000,
      "capex": -7950000,
      "gross_margin": null,
      "op_margin": -1.7618721461187214,
      "fcf_margin": -2.910958904109589,
      "op_leverage_ratio": 0.38448871919472405,
      "fcf_margin_change": -2.589020919613465
    },
    {
      "date": "2021-06-30T00:00:00",
      "quarter_label": "2021-06 (Q2)",
      "revenue": 27872000,
      "gross_profit": null,
      "operating_income": -48700000,
      "net_income": -47169000,
      "opex": 76572000,
      "cogs": null,
      "rd": 60086000,
      "sga": null,
      "fcf": -59830000,
      "ocf": -52567000,
      "capex": -7263000,
      "gross_margin": null,
      "op_margin": -1.7472732491389207,
      "fcf_margin": -2.1465987370838118,
      "op_leverage_ratio": 1.1019800643160413,
      "fcf_margin_change": 0.7643601670257771
    },
    {
      "date": "2021-09-30T00:00:00",
      "quarter_label": "2021-09 (Q3)",
      "revenue": 28563000,
      "gross_profit": null,
      "operating_income": -48436000,
      "net_income": -47688000,
      "opex": 76999000,
      "cogs": null,
      "rd": 62498000,
      "sga": null,
      "fcf": -64627000,
      "ocf": -59420000,
      "capex": -5207000,
      "gross_margin": null,
      "op_margin": -1.6957602492735357,
      "fcf_margin": -2.2626124706788504,
      "op_leverage_ratio": 4.445821581159238,
      "fcf_margin_change": -0.11601373359503864
    },
    {
      "date": "2021-12-31T00:00:00",
      "quarter_label": "2021-12 (Q4)",
      "revenue": 27986000,
      "gross_profit": null,
      "operating_income": -39899000,
      "net_income": -37496000,
      "opex": 67885000,
      "cogs": null,
      "rd": 51801000,
      "sga": null,
      "fcf": -55572000,
      "ocf": -52714000,
      "capex": -2858000,
      "gross_margin": null,
      "op_margin": -1.425677124276424,
      "fcf_margin": -1.9857071392839276,
      "incr_op_margin_yoy": 1.6161939615736505,
      "rev_growth_yoy": 0.08472868217054264,
      "fcf_margin_change": 0.2769053313949228
    },
    {
      "date": "2022-03-31T00:00:00",
      "quarter_label": "2022-03 (Q1)",
      "revenue": 28231000,
      "gross_profit": null,
      "operating_income": -45261000,
      "net_income": -43977000,
      "opex": 73492000,
      "cogs": null,
      "rd": 58584000,
      "sga": null,
      "fcf": -61814000,
      "ocf": -58975000,
      "capex": -2839000,
      "gross_margin": null,
      "op_margin": -1.60323757571464,
      "fcf_margin": -2.1895788317806666,
      "incr_op_margin_yoy": 0.5335725269092773,
      "rev_growth_yoy": 0.07423896499238965,
      "rev_growth_yoy_accel": -0.010489717178152988,
      "fcf_margin_change": -0.20387169249673898
    },
    {
      "date": "2022-06-30T00:00:00",
      "quarter_label": "2022-06 (Q2)",
      "revenue": 29378000,
      "gross_profit": null,
      "operating_income": -45734000,
      "net_income": -43173000,
      "opex": 75112000,
      "cogs": null,
      "rd": 60019000,
      "sga": null,
      "fcf": -59430000,
      "ocf": -53985000,
      "capex": -5445000,
      "gross_margin": null,
      "op_margin": -1.5567431411260126,
      "fcf_margin": -2.0229423378037987,
      "incr_op_margin_yoy": 1.9694555112881806,
      "rev_growth_yoy": 0.05403272101033295,
      "rev_growth_yoy_accel": -0.0202062439820567,
      "op_leverage_ratio": 1.8431564810769703,
      "fcf_margin_change": 0.16663649397686786
    },
    {
      "date": "2022-09-30T00:00:00",
      "quarter_label": "2022-09 (Q3)",
      "revenue": 26460000,
      "gross_profit": null,
      "operating_income": -54894000,
      "net_income": -53155000,
      "opex": 81354000,
      "cogs": null,
      "rd": 65116000,
      "sga": null,
      "fcf": -58031000,
      "ocf": -53618000,
      "capex": -4413000,
      "gross_margin": null,
      "op_margin": -2.074603174603175,
      "fcf_margin": -2.193159486016629,
      "incr_op_margin_yoy": 3.0708511650023778,
      "rev_growth_yoy": -0.0736267198823653,
      "rev_growth_yoy_accel": -0.12765944089269826,
      "fcf_margin_change": -0.17021714821283007
    },
    {
      "date": "2022-12-31T00:00:00",
      "quarter_label": "2022-12 (Q4)",
      "revenue": 27230000,
      "gross_profit": null,
      "operating_income": -55392000,
      "net_income": -51973000,
      "opex": 82622000,
      "cogs": null,
      "rd": 66179000,
      "sga": null,
      "fcf": -64523000,
      "ocf": -57049000,
      "capex": -7474000,
      "gross_margin": null,
      "op_margin": -2.0342269555637165,
      "fcf_margin": -2.3695556371648916,
      "rev_growth_yoy": -0.027013506753376687,
      "rev_growth_yoy_accel": 0.04661321312898861,
      "op_leverage_ratio": 1.8670697511391516,
      "fcf_margin_change": -0.1763961511482628
    },
    {
      "date": "2023-03-31T00:00:00",
      "quarter_label": "2023-03 (Q1)",
      "revenue": 157957000,
      "gross_profit": null,
      "operating_income": 18034000,
      "net_income": 21133000,
      "opex": 139923000,
      "cogs": null,
      "rd": 63216000,
      "sga": null,
      "fcf": -76500000,
      "ocf": -66300000,
      "capex": -10200000,
      "gross_margin": null,
      "op_margin": 0.11417031217356623,
      "fcf_margin": -0.4843090208094608,
      "incr_op_margin_yoy": 0.48791298583167597,
      "rev_growth_yoy": 4.595161347454925,
      "rev_growth_yoy_accel": 4.622174854208302,
      "op_leverage_ratio": 6.922311778502608,
      "fcf_margin_change": 1.8852466163554307
    },
    {
      "date": "2023-06-30T00:00:00",
      "quarter_label": "2023-06 (Q2)",
      "revenue": 6835000,
      "gross_profit": null,
      "operating_income": -123572000,
      "net_income": -114506000,
      "opex": 130407000,
      "cogs": null,
      "rd": 63046000,
      "sga": null,
      "fcf": -66251000,
      "ocf": -60711000,
      "capex": -5540000,
      "gross_margin": null,
      "op_margin": -18.079297732260425,
      "fcf_margin": -9.692904169714703,
      "incr_op_margin_yoy": 3.452867852548463,
      "rev_growth_yoy": -0.7673429096602901,
      "rev_growth_yoy_accel": -5.362504257115216,
      "fcf_margin_change": -9.208595148905243
    },
    {
      "date": "2023-09-30T00:00:00",
      "quarter_label": "2023-09 (Q3)",
      "revenue": 9398000,
      "gross_profit": null,
      "operating_income": -106408000,
      "net_income": -104163000,
      "opex": 115806000,
      "cogs": null,
      "rd": 57089000,
      "sga": null,
      "fcf": -50037000,
      "ocf": -47293000,
      "capex": -2744000,
      "gross_margin": null,
      "op_margin": -11.322409023196425,
      "fcf_margin": -5.324217918706108,
      "incr_op_margin_yoy": 3.019224006564295,
      "rev_growth_yoy": -0.644822373393802,
      "rev_growth_yoy_accel": 0.12252053626648807,
      "op_leverage_ratio": Infinity,
      "fcf_margin_change": 4.3686862510085955
    },
    {
      "date": "2023-12-31T00:00:00",
      "quarter_label": "2023-12 (Q4)",
      "revenue": 2042000,
      "gross_profit": null,
      "operating_income": -62059000,
      "net_income": -60295000,
      "opex": 64101000,
      "cogs": null,
      "rd": 50706000,
      "sga": null,
      "fcf": -53209000,
      "ocf": -50538000,
      "capex": -2671000,
      "gross_margin": null,
      "op_margin": -30.39128305582762,
      "fcf_margin": -26.057296767874632,
      "incr_op_margin_yoy": 0.26468953469906303,
      "rev_growth_yoy": -0.9250091810503122,
      "rev_growth_yoy_accel": -0.28018680765651016,
      "fcf_margin_change": -20.733078849168525
    },
    {
      "date": "2024-03-31T00:00:00",
      "quarter_label": "2024-03 (Q1)",
      "revenue": 481000,
      "gross_profit": null,
      "operating_income": -51526000,
      "net_income": -49089000,
      "opex": 52007000,
      "cogs": null,
      "rd": 35891000,
      "sga": null,
      "fcf": -48663000,
      "ocf": -48663000,
      "capex": null,
      "gross_margin": null,
      "op_margin": -107.12266112266113,
      "fcf_margin": -101.17047817047818,
      "incr_op_margin_yoy": 0.44171810307602427,
      "rev_growth_yoy": -0.99695486746393,
      "rev_growth_yoy_accel": -0.07194568641361787,
      "fcf_margin_change": -75.11318140260354
    },
    {
      "date": "2024-06-30T00:00:00",
      "quarter_label": "2024-06 (Q2)",
      "revenue": 356000,
      "gross_profit": null,
      "operating_income": -37084000,
      "net_income": -36128000,
      "opex": 37440000,
      "cogs": null,
      "rd": 24223000,
      "sga": null,
      "fcf": -26884000,
      "ocf": -26884000,
      "capex": null,
      "gross_margin": null,
      "op_margin": -104.1685393258427,
      "fcf_margin": -75.51685393258427,
      "incr_op_margin_yoy": -13.348973607038124,
      "rev_growth_yoy": -0.9479151426481346,
      "rev_growth_yoy_accel": 0.04903972481579544,
      "fcf_margin_change": 25.653624237893908
    },
    {
      "date": "2024-09-30T00:00:00",
      "quarter_label": "2024-09 (Q3)",
      "revenue": 49412000,
      "gross_profit": null,
      "operating_income": 10631000,
      "net_income": 10672000,
      "opex": 38781000,
      "cogs": null,
      "rd": 27732000,
      "sga": null,
      "fcf": 11644000,
      "ocf": 11759000,
      "capex": -115000,
      "gross_margin": null,
      "op_margin": 0.2151501659515907,
      "fcf_margin": 0.2356512588035295,
      "incr_op_margin_yoy": 2.9249512670565303,
      "rev_growth_yoy": 4.257714407320707,
      "rev_growth_yoy_accel": 5.205629549968841,
      "op_leverage_ratio": 3847.239273056331,
      "fcf_margin_change": 75.7525051913878
    },
    {
      "date": "2024-12-31T00:00:00",
      "quarter_label": "2024-12 (Q4)",
      "revenue": 7551000,
      "gross_profit": null,
      "operating_income": -25990000,
      "net_income": -23396000,
      "opex": 33541000,
      "cogs": null,
      "rd": 23675000,
      "sga": null,
      "fcf": -3503000,
      "ocf": -3351000,
      "capex": -152000,
      "gross_margin": null,
      "op_margin": -3.4419282214276254,
      "fcf_margin": -0.4639120646272017,
      "incr_op_margin_yoy": 6.547286258849156,
      "rev_growth_yoy": 2.697845249755142,
      "rev_growth_yoy_accel": -1.559869157565565,
      "fcf_margin_change": -0.6995633234307312
    },
    {
      "date": "2025-03-31T00:00:00",
      "quarter_label": "2025-03 (Q1)",
      "revenue": 6437000,
      "gross_profit": null,
      "operating_income": -29628000,
      "net_income": -30597000,
      "opex": 36065000,
      "cogs": null,
      "rd": 26006000,
      "sga": null,
      "fcf": -26149000,
      "ocf": -26149000,
      "capex": null,
      "gross_margin": null,
      "op_margin": -4.602765263321423,
      "fcf_margin": -4.062296100668013,
      "incr_op_margin_yoy": 3.6766286098052383,
      "rev_growth_yoy": 12.382536382536383,
      "rev_growth_yoy_accel": 9.684691132781241,
      "fcf_margin_change": -3.5983840360408115
    },
    {
      "date": "2025-06-30T00:00:00",
      "quarter_label": "2025-06 (Q2)",
      "revenue": 18306000,
      "gross_profit": null,
      "operating_income": -17855000,
      "net_income": -19986000,
      "opex": 36161000,
      "cogs": null,
      "rd": 27084000,
      "sga": null,
      "fcf": -18158000,
      "ocf": -18158000,
      "capex": null,
      "gross_margin": null,
      "op_margin": -0.9753632688735934,
      "fcf_margin": -0.9919152190538622,
      "incr_op_margin_yoy": 1.0712534818941504,
      "rev_growth_yoy": 50.42134831460674,
      "rev_growth_yoy_accel": 38.03881193207036,
      "op_leverage_ratio": 692.7002178162704,
      "fcf_margin_change": 3.070380881614151
    },
    {
      "date": "2025-09-30T00:00:00",
      "quarter_label": "2025-09 (Q3)",
      "revenue": 581000,
      "gross_profit": null,
      "operating_income": -35553000,
      "net_income": -34930000,
      "opex": 36134000,
      "cogs": null,
      "rd": 28142000,
      "sga": null,
      "fcf": -28562000,
      "ocf": -28498000,
      "capex": -64000,
      "gross_margin": null,
      "op_margin": -61.19277108433735,
      "fcf_margin": -49.16006884681583,
      "incr_op_margin_yoy": 0.9457926317298437,
      "rev_growth_yoy": -0.9882417226584636,
      "rev_growth_yoy_accel": -51.409590037265204,
      "fcf_margin_change": -48.16815362776197
    }
  ],
  "signals": [
    {
      "quarter": "2025-09 (Q3)",
      "signal": "YoY REVENUE GROWTH DECELERATION",
      "detail": "YoY growth: -98.8% vs prior quarter YoY: +5042.1% (decel: -5141.0%)",
      "severity": "WARNING"
    },
    {
      "quarter": "2025-06 (Q2)",
      "signal": "FCF MARGIN EXPANSION",
      "detail": "FCF margin: -406.2% -> -99.2% (+307.0%)",
      "severity": "MEDIUM"
    },
    {
      "quarter": "2025-06 (Q2)",
      "signal": "OPERATING LEVERAGE",
      "detail": "Rev growth +184.4% vs OpEx growth +0.3% (leverage: 692.7x)",
      "severity": "MEDIUM"
    },
    {
      "quarter": "2025-06 (Q2)",
      "signal": "YoY REVENUE GROWTH ACCELERATION",
      "detail": "YoY growth: +5042.1% vs prior quarter YoY: +1238.3% (accel: +3803.9%)",
      "severity": "HIGH"
    },
    {
      "quarter": "2025-03 (Q1)",
      "signal": "YoY REVENUE GROWTH ACCELERATION",
      "detail": "YoY growth: +1238.3% vs prior quarter YoY: +269.8% (accel: +968.5%)",
      "severity": "HIGH"
    },
    {
      "quarter": "2024-12 (Q4)",
      "signal": "YoY REVENUE GROWTH DECELERATION",
      "detail": "YoY growth: +269.8% vs prior quarter YoY: +425.8% (decel: -156.0%)",
      "severity": "WARNING"
    },
    {
      "quarter": "2024-09 (Q3)",
      "signal": "FCF TURNED POSITIVE",
      "detail": "FCF margin: -7551.7% -> +23.6%",
      "severity": "HIGH"
    },
    {
      "quarter": "2024-09 (Q3)",
      "signal": "OPERATING LEVERAGE",
      "detail": "Rev growth +13779.8% vs OpEx growth +3.6% (leverage: 3847.2x)",
      "severity": "MEDIUM"
    },
    {
      "quarter": "2024-09 (Q3)",
      "signal": "YoY REVENUE GROWTH ACCELERATION",
      "detail": "YoY growth: +425.8% vs prior quarter YoY: -94.8% (accel: +520.6%)",
      "severity": "HIGH"
    },
    {
      "quarter": "2024-09 (Q3)",
      "signal": "OP MARGIN TURNED POSITIVE (YoY)",
      "detail": "Op margin: -1132.2% (year-ago) -> +21.5%",
      "severity": "HIGH"
    },
    {
      "quarter": "2024-09 (Q3)",
      "signal": "OP MARGIN TURNED POSITIVE (QoQ)",
      "detail": "Op margin: -10416.9% -> +21.5%",
      "severity": "HIGH"
    },
    {
      "quarter": "2024-06 (Q2)",
      "signal": "FCF MARGIN EXPANSION",
      "detail": "FCF margin: -10117.0% -> -7551.7% (+2565.4%)",
      "severity": "MEDIUM"
    },
    {
      "quarter": "2024-03 (Q1)",
      "signal": "YoY REVENUE GROWTH DECELERATION",
      "detail": "YoY growth: -99.7% vs prior quarter YoY: -92.5% (decel: -7.2%)",
      "severity": "WARNING"
    },
    {
      "quarter": "2023-12 (Q4)",
      "signal": "YoY REVENUE GROWTH DECELERATION",
      "detail": "YoY growth: -92.5% vs prior quarter YoY: -64.5% (decel: -28.0%)",
      "severity": "WARNING"
    },
    {
      "quarter": "2023-09 (Q3)",
      "signal": "FCF MARGIN EXPANSION",
      "detail": "FCF margin: -969.3% -> -532.4% (+436.9%)",
      "severity": "MEDIUM"
    },
    {
      "quarter": "2023-09 (Q3)",
      "signal": "YoY REVENUE GROWTH ACCELERATION",
      "detail": "YoY growth: -64.5% vs prior quarter YoY: -76.7% (accel: +12.3%)",
      "severity": "MEDIUM"
    },
    {
      "quarter": "2023-06 (Q2)",
      "signal": "YoY REVENUE GROWTH DECELERATION",
      "detail": "YoY growth: -76.7% vs prior quarter YoY: +459.5% (decel: -536.3%)",
      "severity": "WARNING"
    },
    {
      "quarter": "2023-03 (Q1)",
      "signal": "FCF MARGIN EXPANSION",
      "detail": "FCF margin: -237.0% -> -48.4% (+188.5%)",
      "severity": "MEDIUM"
    },
    {
      "quarter": "2023-03 (Q1)",
      "signal": "OPERATING LEVERAGE",
      "detail": "Rev growth +480.1% vs OpEx growth +69.4% (leverage: 6.9x)",
      "severity": "MEDIUM"
    },
    {
      "quarter": "2023-03 (Q1)",
      "signal": "YoY REVENUE GROWTH ACCELERATION",
      "detail": "YoY growth: +459.5% vs prior quarter YoY: -2.7% (accel: +462.2%)",
      "severity": "HIGH"
    },
    {
      "quarter": "2023-03 (Q1)",
      "signal": "OP MARGIN TURNED POSITIVE (YoY)",
      "detail": "Op margin: -160.3% (year-ago) -> +11.4%",
      "severity": "HIGH"
    },
    {
      "quarter": "2023-03 (Q1)",
      "signal": "OP MARGIN TURNED POSITIVE (QoQ)",
      "detail": "Op margin: -203.4% -> +11.4%",
      "severity": "HIGH"
    },
    {
      "quarter": "2022-12 (Q4)",
      "signal": "OPERATING LEVERAGE",
      "detail": "Rev growth +2.9% vs OpEx growth +1.6% (leverage: 1.9x)",
      "severity": "MEDIUM"
    },
    {
      "quarter": "2022-09 (Q3)",
      "signal": "YoY REVENUE GROWTH DECELERATION",
      "detail": "YoY growth: -7.4% vs prior quarter YoY: +5.4% (decel: -12.8%)",
      "severity": "WARNING"
    },
    {
      "quarter": "2022-06 (Q2)",
      "signal": "FCF MARGIN EXPANSION",
      "detail": "FCF margin: -219.0% -> -202.3% (+16.7%)",
      "severity": "MEDIUM"
    },
    {
      "quarter": "2022-06 (Q2)",
      "signal": "OPERATING LEVERAGE",
      "detail": "Rev growth +4.1% vs OpEx growth +2.2% (leverage: 1.8x)",
      "severity": "MEDIUM"
    },
    {
      "quarter": "2021-12 (Q4)",
      "signal": "FCF MARGIN EXPANSION",
      "detail": "FCF margin: -226.3% -> -198.6% (+27.7%)",
      "severity": "MEDIUM"
    },
    {
      "quarter": "2021-09 (Q3)",
      "signal": "OPERATING LEVERAGE",
      "detail": "Rev growth +2.5% vs OpEx growth +0.6% (leverage: 4.4x)",
      "severity": "MEDIUM"
    },
    {
      "quarter": "2021-06 (Q2)",
      "signal": "FCF MARGIN EXPANSION",
      "detail": "FCF margin: -291.1% -> -214.7% (+76.4%)",
      "severity": "MEDIUM"
    }
  ],
  "data_quality": {
    "n_quarters": 20,
    "coverage": {
      "revenue": [
        20,
        20
      ],
      "gross_profit": [
        0,
        20
      ],
      "op_income": [
        20,
        20
      ],
      "fcf": [
        20,
        20
      ]
    },
    "gaps": [],
    "warnings": [
      "gross_profit: no data"
    ]
  },
  "market_cap": null,
  "source": "SEC EDGAR",
  "last_updated": "2026-02-02T23:14:50.811457"
}