{
  "ticker": "SGRY",
  "name": "Surgery Partners, Inc.",
  "quarters": [
    {
      "date": "2020-12-31T00:00:00",
      "quarter_label": "2020-12 (Q4)",
      "revenue": 548300000,
      "gross_profit": null,
      "operating_income": 96300000,
      "net_income": 5500000,
      "opex": 452000000,
      "cogs": null,
      "rd": null,
      "sga": null,
      "fcf": -6200000,
      "ocf": 8900000,
      "capex": -15100000,
      "gross_margin": null,
      "op_margin": 0.17563377712930878,
      "fcf_margin": -0.011307678278314791
    },
    {
      "date": "2021-03-31T00:00:00",
      "quarter_label": "2021-03 (Q1)",
      "revenue": 512400000,
      "gross_profit": null,
      "operating_income": 64300000,
      "net_income": -21000000,
      "opex": 448100000,
      "cogs": null,
      "rd": null,
      "sga": null,
      "fcf": 35700000,
      "ocf": 50200000,
      "capex": -14500000,
      "gross_margin": null,
      "op_margin": 0.125487900078064,
      "fcf_margin": 0.06967213114754098,
      "fcf_margin_change": 0.08097980942585577
    },
    {
      "date": "2021-06-30T00:00:00",
      "quarter_label": "2021-06 (Q2)",
      "revenue": 543300000,
      "gross_profit": null,
      "operating_income": 59500000,
      "net_income": -26900000,
      "opex": 483800000,
      "cogs": null,
      "rd": null,
      "sga": null,
      "fcf": -11200000,
      "ocf": 2300000,
      "capex": -13500000,
      "gross_margin": null,
      "op_margin": 0.10951592122216088,
      "fcf_margin": -0.020614761641818517,
      "op_leverage_ratio": 0.7569306411089025,
      "fcf_margin_change": -0.0902868927893595
    },
    {
      "date": "2021-09-30T00:00:00",
      "quarter_label": "2021-09 (Q3)",
      "revenue": 559200000,
      "gross_profit": null,
      "operating_income": 63600000,
      "net_income": -22900000,
      "opex": 495600000,
      "cogs": null,
      "rd": null,
      "sga": null,
      "fcf": -600000,
      "ocf": 14900000,
      "capex": -15500000,
      "gross_margin": null,
      "op_margin": 0.11373390557939914,
      "fcf_margin": -0.001072961373390558,
      "op_leverage_ratio": 1.1998895637769187,
      "fcf_margin_change": 0.01954180026842796
    },
    {
      "date": "2021-12-31T00:00:00",
      "quarter_label": "2021-12 (Q4)",
      "revenue": 610200000,
      "gross_profit": null,
      "operating_income": 114800000,
      "net_income": -100000,
      "opex": 495400000,
      "cogs": null,
      "rd": null,
      "sga": null,
      "fcf": 5600000,
      "ocf": 19700000,
      "capex": -14100000,
      "gross_margin": null,
      "op_margin": 0.18813503769255982,
      "fcf_margin": 0.009177318911832186,
      "incr_op_margin_yoy": 0.2988691437802908,
      "rev_growth_yoy": 0.11289440087543316,
      "op_leverage_ratio": Infinity,
      "fcf_margin_change": 0.010250280285222745
    },
    {
      "date": "2022-03-31T00:00:00",
      "quarter_label": "2022-03 (Q1)",
      "revenue": 596200000,
      "gross_profit": null,
      "operating_income": 100400000,
      "net_income": 12200000,
      "opex": 495800000,
      "cogs": null,
      "rd": null,
      "sga": null,
      "fcf": 61600000,
      "ocf": 79800000,
      "capex": -18200000,
      "gross_margin": null,
      "op_margin": 0.16839986581684,
      "fcf_margin": 0.1033210332103321,
      "incr_op_margin_yoy": 0.4307875894988067,
      "rev_growth_yoy": 0.16354410616705697,
      "rev_growth_yoy_accel": 0.05064970529162381,
      "fcf_margin_change": 0.09414371429849992
    },
    {
      "date": "2022-06-30T00:00:00",
      "quarter_label": "2022-06 (Q2)",
      "revenue": 615400000,
      "gross_profit": null,
      "operating_income": 76500000,
      "net_income": -18400000,
      "opex": 538900000,
      "cogs": null,
      "rd": null,
      "sga": null,
      "fcf": 19700000,
      "ocf": 42100000,
      "capex": -22400000,
      "gross_margin": null,
      "op_margin": 0.12430939226519337,
      "fcf_margin": 0.032011699707507314,
      "incr_op_margin_yoy": 0.23578363384188628,
      "rev_growth_yoy": 0.1327075280692067,
      "rev_growth_yoy_accel": -0.030836578097850287,
      "op_leverage_ratio": 0.37045760037857706,
      "fcf_margin_change": -0.07130933350282478
    },
    {
      "date": "2022-09-30T00:00:00",
      "quarter_label": "2022-09 (Q3)",
      "revenue": 620600000,
      "gross_profit": null,
      "operating_income": 74100000,
      "net_income": -25000000,
      "opex": 546500000,
      "cogs": null,
      "rd": null,
      "sga": null,
      "fcf": 12400000,
      "ocf": 29700000,
      "capex": -17300000,
      "gross_margin": null,
      "op_margin": 0.11940058008378988,
      "fcf_margin": 0.019980663873670642,
      "incr_op_margin_yoy": 0.17100977198697068,
      "rev_growth_yoy": 0.10979971387696709,
      "rev_growth_yoy_accel": -0.022907814192239598,
      "fcf_margin_change": -0.012031035833836672
    },
    {
      "date": "2022-12-31T00:00:00",
      "quarter_label": "2022-12 (Q4)",
      "revenue": 707100000,
      "gross_profit": null,
      "operating_income": 94200000,
      "net_income": -23400000,
      "opex": 612900000,
      "cogs": null,
      "rd": null,
      "sga": null,
      "fcf": -15500000,
      "ocf": 7200000,
      "capex": -22700000,
      "gross_margin": null,
      "op_margin": 0.13322019516334324,
      "fcf_margin": -0.021920520435581955,
      "incr_op_margin_yoy": -0.21259029927760578,
      "rev_growth_yoy": 0.15880039331366766,
      "rev_growth_yoy_accel": 0.04900067943670057,
      "op_leverage_ratio": 1.1471664129932555,
      "fcf_margin_change": -0.0419011843092526
    },
    {
      "date": "2023-03-31T00:00:00",
      "quarter_label": "2023-03 (Q1)",
      "revenue": 666200000,
      "gross_profit": null,
      "operating_income": 46400000,
      "net_income": -24900000,
      "opex": 619800000,
      "cogs": null,
      "rd": null,
      "sga": null,
      "fcf": 50200000,
      "ocf": 74500000,
      "capex": -24300000,
      "gross_margin": null,
      "op_margin": 0.06964875412788953,
      "fcf_margin": 0.07535274692284599,
      "incr_op_margin_yoy": -0.7714285714285715,
      "rev_growth_yoy": 0.11741026501174102,
      "rev_growth_yoy_accel": -0.041390128301926635,
      "fcf_margin_change": 0.09727326735842795
    },
    {
      "date": "2023-06-30T00:00:00",
      "quarter_label": "2023-06 (Q2)",
      "revenue": 667600000,
      "gross_profit": null,
      "operating_income": 97600000,
      "net_income": 18900000,
      "opex": 570000000,
      "cogs": null,
      "rd": null,
      "sga": null,
      "fcf": 26300000,
      "ocf": 52100000,
      "capex": -25800000,
      "gross_margin": null,
      "op_margin": 0.14619532654284004,
      "fcf_margin": 0.03939484721390054,
      "incr_op_margin_yoy": 0.4042145593869732,
      "rev_growth_yoy": 0.0848228794280143,
      "rev_growth_yoy_accel": -0.03258738558372673,
      "fcf_margin_change": -0.03595789970894545
    },
    {
      "date": "2023-09-30T00:00:00",
      "quarter_label": "2023-09 (Q3)",
      "revenue": 674100000,
      "gross_profit": null,
      "operating_income": 82600000,
      "net_income": -4900000,
      "opex": 591500000,
      "cogs": null,
      "rd": null,
      "sga": null,
      "fcf": 85700000,
      "ocf": 104600000,
      "capex": -18900000,
      "gross_margin": null,
      "op_margin": 0.122533748701973,
      "fcf_margin": 0.12713247292686544,
      "incr_op_margin_yoy": 0.1588785046728972,
      "rev_growth_yoy": 0.08620689655172414,
      "rev_growth_yoy_accel": 0.0013840171237098492,
      "fcf_margin_change": 0.0877376257129649
    },
    {
      "date": "2023-12-31T00:00:00",
      "quarter_label": "2023-12 (Q4)",
      "revenue": 735400000,
      "gross_profit": null,
      "operating_income": 101400000,
      "net_income": -1000000,
      "opex": 634000000,
      "cogs": null,
      "rd": null,
      "sga": null,
      "fcf": 42800000,
      "ocf": 62600000,
      "capex": -19800000,
      "gross_margin": null,
      "op_margin": 0.13788414468316562,
      "fcf_margin": 0.058199619254827306,
      "incr_op_margin_yoy": 0.254416961130742,
      "rev_growth_yoy": 0.04002262763399802,
      "rev_growth_yoy_accel": -0.046184268917726125,
      "op_leverage_ratio": 1.2656160283428013,
      "fcf_margin_change": -0.06893285367203814
    },
    {
      "date": "2024-03-31T00:00:00",
      "quarter_label": "2024-03 (Q1)",
      "revenue": 717400000,
      "gross_profit": null,
      "operating_income": 76000000,
      "net_income": -12400000,
      "opex": 641400000,
      "cogs": null,
      "rd": null,
      "sga": null,
      "fcf": 19700000,
      "ocf": 40700000,
      "capex": -21000000,
      "gross_margin": null,
      "op_margin": 0.10593810984109284,
      "fcf_margin": 0.02746027320880959,
      "incr_op_margin_yoy": 0.578125,
      "rev_growth_yoy": 0.07685379765836085,
      "rev_growth_yoy_accel": 0.036831170024362835,
      "fcf_margin_change": -0.030739346046017715
    },
    {
      "date": "2024-06-30T00:00:00",
      "quarter_label": "2024-06 (Q2)",
      "revenue": 762100000,
      "gross_profit": null,
      "operating_income": 84800000,
      "net_income": -15500000,
      "opex": 677300000,
      "cogs": null,
      "rd": null,
      "sga": null,
      "fcf": 55900000,
      "ocf": 82800000,
      "capex": -26900000,
      "gross_margin": null,
      "op_margin": 0.11127148668153786,
      "fcf_margin": 0.07334995407426848,
      "incr_op_margin_yoy": -0.13544973544973546,
      "rev_growth_yoy": 0.1415518274415818,
      "rev_growth_yoy_accel": 0.06469802978322094,
      "op_leverage_ratio": 1.1132191222869958,
      "fcf_margin_change": 0.04588968086545889
    },
    {
      "date": "2024-09-30T00:00:00",
      "quarter_label": "2024-09 (Q3)",
      "revenue": 770400000,
      "gross_profit": null,
      "operating_income": 60900000,
      "net_income": -31700000,
      "opex": 709500000,
      "cogs": null,
      "rd": null,
      "sga": null,
      "fcf": 45000000,
      "ocf": 65200000,
      "capex": -20200000,
      "gross_margin": null,
      "op_margin": 0.07904984423676012,
      "fcf_margin": 0.05841121495327103,
      "incr_op_margin_yoy": -0.22533748701973,
      "rev_growth_yoy": 0.14285714285714285,
      "rev_growth_yoy_accel": 0.0013053154155610591,
      "op_leverage_ratio": 0.22908219442680855,
      "fcf_margin_change": -0.014938739120997448
    },
    {
      "date": "2024-12-31T00:00:00",
      "quarter_label": "2024-12 (Q4)",
      "revenue": 864400000,
      "gross_profit": null,
      "operating_income": 127100000,
      "net_income": -108500000,
      "opex": 737300000,
      "cogs": null,
      "rd": null,
      "sga": null,
      "fcf": 89100000,
      "ocf": 111400000,
      "capex": -22300000,
      "gross_margin": null,
      "op_margin": 0.1470384081443776,
      "fcf_margin": 0.10307727903748265,
      "incr_op_margin_yoy": 0.1992248062015504,
      "rev_growth_yoy": 0.17541474027740006,
      "rev_growth_yoy_accel": 0.03255759742025721,
      "op_leverage_ratio": 3.1140041238037606,
      "fcf_margin_change": 0.04466606408421162
    },
    {
      "date": "2025-03-31T00:00:00",
      "quarter_label": "2025-03 (Q1)",
      "revenue": 776000000,
      "gross_profit": null,
      "operating_income": 61900000,
      "net_income": -37700000,
      "opex": 714100000,
      "cogs": null,
      "rd": null,
      "sga": null,
      "fcf": -16700000,
      "ocf": 6000000,
      "capex": -22700000,
      "gross_margin": null,
      "op_margin": 0.0797680412371134,
      "fcf_margin": -0.02152061855670103,
      "incr_op_margin_yoy": -0.24061433447098976,
      "rev_growth_yoy": 0.08168385837747422,
      "rev_growth_yoy_accel": -0.09373088189992584,
      "fcf_margin_change": -0.12459789759418369
    },
    {
      "date": "2025-06-30T00:00:00",
      "quarter_label": "2025-06 (Q2)",
      "revenue": 826200000,
      "gross_profit": null,
      "operating_income": 111700000,
      "net_income": -2500000,
      "opex": 714500000,
      "cogs": null,
      "rd": null,
      "sga": null,
      "fcf": 57900000,
      "ocf": 81300000,
      "capex": -23400000,
      "gross_margin": null,
      "op_margin": 0.13519728879206003,
      "fcf_margin": 0.070079883805374,
      "incr_op_margin_yoy": 0.41965678627145087,
      "rev_growth_yoy": 0.08410969689017189,
      "rev_growth_yoy_accel": 0.0024258385126976756,
      "op_leverage_ratio": Infinity,
      "fcf_margin_change": 0.09160050236207504
    },
    {
      "date": "2025-09-30T00:00:00",
      "quarter_label": "2025-09 (Q3)",
      "revenue": 821500000,
      "gross_profit": null,
      "operating_income": 105700000,
      "net_income": -22700000,
      "opex": 715800000,
      "cogs": null,
      "rd": null,
      "sga": null,
      "fcf": 63800000,
      "ocf": 83600000,
      "capex": -19800000,
      "gross_margin": null,
      "op_margin": 0.1286670724284845,
      "fcf_margin": 0.07766281192939745,
      "incr_op_margin_yoy": 0.8767123287671232,
      "rev_growth_yoy": 0.06632917964693666,
      "rev_growth_yoy_accel": -0.017780517243235233,
      "fcf_margin_change": 0.007582928124023447
    }
  ],
  "signals": [
    {
      "quarter": "2025-09 (Q3)",
      "signal": "INCREMENTAL MARGIN (YoY)",
      "detail": "YoY Incr OPM: +87.7% vs year-ago OPM: +7.9%",
      "severity": "HIGH"
    },
    {
      "quarter": "2025-06 (Q2)",
      "signal": "FCF TURNED POSITIVE",
      "detail": "FCF margin: -2.2% -> +7.0%",
      "severity": "HIGH"
    },
    {
      "quarter": "2025-06 (Q2)",
      "signal": "OPERATING LEVERAGE",
      "detail": "Rev growth +6.5% vs OpEx growth +0.1% (leverage: 115.5x)",
      "severity": "MEDIUM"
    },
    {
      "quarter": "2025-06 (Q2)",
      "signal": "INCREMENTAL MARGIN (YoY)",
      "detail": "YoY Incr OPM: +42.0% vs year-ago OPM: +11.1%",
      "severity": "HIGH"
    },
    {
      "quarter": "2025-03 (Q1)",
      "signal": "YoY REVENUE GROWTH DECELERATION",
      "detail": "YoY growth: +8.2% vs prior quarter YoY: +17.5% (decel: -9.4%)",
      "severity": "WARNING"
    },
    {
      "quarter": "2024-12 (Q4)",
      "signal": "OPERATING LEVERAGE",
      "detail": "Rev growth +12.2% vs OpEx growth +3.9% (leverage: 3.1x)",
      "severity": "MEDIUM"
    },
    {
      "quarter": "2024-06 (Q2)",
      "signal": "YoY REVENUE GROWTH ACCELERATION",
      "detail": "YoY growth: +14.2% vs prior quarter YoY: +7.7% (accel: +6.5%)",
      "severity": "MEDIUM"
    },
    {
      "quarter": "2024-03 (Q1)",
      "signal": "INCREMENTAL MARGIN (YoY)",
      "detail": "YoY Incr OPM: +57.8% vs year-ago OPM: +7.0%",
      "severity": "HIGH"
    },
    {
      "quarter": "2023-12 (Q4)",
      "signal": "INCREMENTAL MARGIN (YoY)",
      "detail": "YoY Incr OPM: +25.4% vs year-ago OPM: +13.3%",
      "severity": "MEDIUM"
    },
    {
      "quarter": "2023-09 (Q3)",
      "signal": "FCF MARGIN EXPANSION",
      "detail": "FCF margin: +3.9% -> +12.7% (+8.8%)",
      "severity": "MEDIUM"
    },
    {
      "quarter": "2023-06 (Q2)",
      "signal": "INCREMENTAL MARGIN (YoY)",
      "detail": "YoY Incr OPM: +40.4% vs year-ago OPM: +12.4%",
      "severity": "HIGH"
    },
    {
      "quarter": "2023-03 (Q1)",
      "signal": "FCF TURNED POSITIVE",
      "detail": "FCF margin: -2.2% -> +7.5%",
      "severity": "HIGH"
    },
    {
      "quarter": "2022-06 (Q2)",
      "signal": "INCREMENTAL MARGIN (YoY)",
      "detail": "YoY Incr OPM: +23.6% vs year-ago OPM: +11.0%",
      "severity": "MEDIUM"
    },
    {
      "quarter": "2022-03 (Q1)",
      "signal": "FCF MARGIN EXPANSION",
      "detail": "FCF margin: +0.9% -> +10.3% (+9.4%)",
      "severity": "MEDIUM"
    },
    {
      "quarter": "2022-03 (Q1)",
      "signal": "YoY REVENUE GROWTH ACCELERATION",
      "detail": "YoY growth: +16.4% vs prior quarter YoY: +11.3% (accel: +5.1%)",
      "severity": "MEDIUM"
    },
    {
      "quarter": "2022-03 (Q1)",
      "signal": "INCREMENTAL MARGIN (YoY)",
      "detail": "YoY Incr OPM: +43.1% vs year-ago OPM: +12.5%",
      "severity": "HIGH"
    },
    {
      "quarter": "2021-12 (Q4)",
      "signal": "FCF TURNED POSITIVE",
      "detail": "FCF margin: -0.1% -> +0.9%",
      "severity": "HIGH"
    },
    {
      "quarter": "2021-12 (Q4)",
      "signal": "INCREMENTAL MARGIN (YoY)",
      "detail": "YoY Incr OPM: +29.9% vs year-ago OPM: +17.6%",
      "severity": "MEDIUM"
    },
    {
      "quarter": "2021-03 (Q1)",
      "signal": "FCF TURNED POSITIVE",
      "detail": "FCF margin: -1.1% -> +7.0%",
      "severity": "HIGH"
    }
  ],
  "data_quality": {
    "n_quarters": 20,
    "coverage": {
      "revenue": [
        20,
        20
      ],
      "gross_profit": [
        0,
        20
      ],
      "op_income": [
        20,
        20
      ],
      "fcf": [
        20,
        20
      ]
    },
    "gaps": [],
    "warnings": [
      "gross_profit: no data"
    ]
  },
  "market_cap": null,
  "source": "SEC EDGAR",
  "last_updated": "2026-02-02T21:37:21.005337"
}