{
  "ticker": "SGST",
  "name": "Strategic Storage Trust VI, Inc.",
  "quarters": [
    {
      "date": "2021-06-30T00:00:00",
      "quarter_label": "2021-06 (Q2)",
      "revenue": 136663,
      "gross_profit": null,
      "operating_income": -697901,
      "net_income": null,
      "opex": 834564,
      "cogs": null,
      "rd": null,
      "sga": null,
      "fcf": null,
      "ocf": null,
      "capex": null,
      "gross_margin": null,
      "op_margin": -5.106729692747854,
      "fcf_margin": null
    },
    {
      "date": "2021-09-30T00:00:00",
      "quarter_label": "2021-09 (Q3)",
      "revenue": 455366,
      "gross_profit": null,
      "operating_income": -784496,
      "net_income": null,
      "opex": 1239862,
      "cogs": null,
      "rd": null,
      "sga": null,
      "fcf": 91008,
      "ocf": 91008,
      "capex": null,
      "gross_margin": null,
      "op_margin": -1.722781235314011,
      "fcf_margin": 0.1998568184712956,
      "op_leverage_ratio": 4.801980452081726
    },
    {
      "date": "2021-12-31T00:00:00",
      "quarter_label": "2021-12 (Q4)",
      "revenue": 673746,
      "gross_profit": null,
      "operating_income": -1153955,
      "net_income": null,
      "opex": 1827701,
      "cogs": null,
      "rd": null,
      "sga": null,
      "fcf": -1892857,
      "ocf": -1892857,
      "capex": null,
      "gross_margin": null,
      "op_margin": -1.7127448623071602,
      "fcf_margin": -2.809451929955799,
      "op_leverage_ratio": 1.0115030921185457,
      "fcf_margin_change": -3.009308748427095
    },
    {
      "date": "2022-03-31T00:00:00",
      "quarter_label": "2022-03 (Q1)",
      "revenue": 952960,
      "gross_profit": null,
      "operating_income": -1439596,
      "net_income": null,
      "opex": 2392556,
      "cogs": null,
      "rd": null,
      "sga": null,
      "fcf": -712947,
      "ocf": -712947,
      "capex": null,
      "gross_margin": null,
      "op_margin": -1.5106573203492277,
      "fcf_margin": -0.7481394811954332,
      "op_leverage_ratio": 1.340939433986123,
      "fcf_margin_change": 2.061312448760366
    },
    {
      "date": "2022-06-30T00:00:00",
      "quarter_label": "2022-06 (Q2)",
      "revenue": 1873118,
      "gross_profit": null,
      "operating_income": -1951338,
      "net_income": null,
      "opex": 3824456,
      "cogs": null,
      "rd": null,
      "sga": null,
      "fcf": -1222685,
      "ocf": -1222685,
      "capex": null,
      "gross_margin": null,
      "op_margin": -1.0417592484830107,
      "fcf_margin": -0.6527538574718731,
      "incr_op_margin_yoy": -0.7218367305804066,
      "rev_growth_yoy": 12.706109188295295,
      "op_leverage_ratio": 1.6133818133793594,
      "fcf_margin_change": 0.09538562372356008
    },
    {
      "date": "2022-09-30T00:00:00",
      "quarter_label": "2022-09 (Q3)",
      "revenue": 2641771,
      "gross_profit": null,
      "operating_income": -1869924,
      "net_income": null,
      "opex": 4511695,
      "cogs": null,
      "rd": null,
      "sga": null,
      "fcf": -718989,
      "ocf": -718989,
      "capex": null,
      "gross_margin": null,
      "op_margin": -0.7078297096909612,
      "fcf_margin": -0.27216174301254725,
      "incr_op_margin_yoy": -0.4964441629066893,
      "rev_growth_yoy": 4.801423470351322,
      "rev_growth_yoy_accel": -7.904685717943973,
      "op_leverage_ratio": 2.2836369467160793,
      "fcf_margin_change": 0.38059211445932584
    },
    {
      "date": "2022-12-31T00:00:00",
      "quarter_label": "2022-12 (Q4)",
      "revenue": 3322158,
      "gross_profit": null,
      "operating_income": -2013646,
      "net_income": null,
      "opex": 5335804,
      "cogs": null,
      "rd": null,
      "sga": null,
      "fcf": -1960617,
      "ocf": -1960617,
      "capex": null,
      "gross_margin": null,
      "op_margin": -0.6061258976845774,
      "fcf_margin": -0.5901636827628307,
      "incr_op_margin_yoy": -0.324606216857498,
      "rev_growth_yoy": 3.930876027464356,
      "rev_growth_yoy_accel": -0.870547442886966,
      "op_leverage_ratio": 1.4099896162855934,
      "fcf_margin_change": -0.31800193975028346
    },
    {
      "date": "2023-03-31T00:00:00",
      "quarter_label": "2023-03 (Q1)",
      "revenue": 3919602,
      "gross_profit": null,
      "operating_income": -2638297,
      "net_income": null,
      "opex": 6557899,
      "cogs": null,
      "rd": null,
      "sga": null,
      "fcf": -1657189,
      "ocf": -1657189,
      "capex": null,
      "gross_margin": null,
      "op_margin": -0.6731032895686858,
      "fcf_margin": -0.42279522257616975,
      "incr_op_margin_yoy": -0.40405987645290536,
      "rev_growth_yoy": 3.113081346541303,
      "rev_growth_yoy_accel": -0.8177946809230532,
      "op_leverage_ratio": 0.7851846876194277,
      "fcf_margin_change": 0.16736846018666096
    },
    {
      "date": "2023-06-30T00:00:00",
      "quarter_label": "2023-06 (Q2)",
      "revenue": 4534155,
      "gross_profit": null,
      "operating_income": -4204456,
      "net_income": null,
      "opex": 8738611,
      "cogs": null,
      "rd": null,
      "sga": null,
      "fcf": -7069328,
      "ocf": -7069328,
      "capex": null,
      "gross_margin": null,
      "op_margin": -0.927285458922335,
      "fcf_margin": -1.5591279962859672,
      "incr_op_margin_yoy": -0.8467067537956068,
      "rev_growth_yoy": 1.4206456827599756,
      "rev_growth_yoy_accel": -1.6924356637813274,
      "op_leverage_ratio": 0.47150226435875275,
      "fcf_margin_change": -1.1363327737097975
    },
    {
      "date": "2023-09-30T00:00:00",
      "quarter_label": "2023-09 (Q3)",
      "revenue": 6288476,
      "gross_profit": null,
      "operating_income": -4091972,
      "net_income": null,
      "opex": 10380448,
      "cogs": null,
      "rd": null,
      "sga": null,
      "fcf": -1782806,
      "ocf": -1782806,
      "capex": null,
      "gross_margin": null,
      "op_margin": -0.6507096472976919,
      "fcf_margin": -0.28350366607107985,
      "incr_op_margin_yoy": -0.609330340677406,
      "rev_growth_yoy": 1.3804016320869599,
      "rev_growth_yoy_accel": -0.04024405067301573,
      "op_leverage_ratio": 2.0593258365977194,
      "fcf_margin_change": 1.2756243302148873
    },
    {
      "date": "2023-12-31T00:00:00",
      "quarter_label": "2023-12 (Q4)",
      "revenue": 6417831,
      "gross_profit": null,
      "operating_income": -3593077,
      "net_income": null,
      "opex": 10010908,
      "cogs": null,
      "rd": null,
      "sga": null,
      "fcf": -2117604,
      "ocf": -2117604,
      "capex": null,
      "gross_margin": null,
      "op_margin": -0.559858463085114,
      "fcf_margin": -0.3299563357152907,
      "incr_op_margin_yoy": -0.510206019821861,
      "rev_growth_yoy": 0.9318259396452547,
      "rev_growth_yoy_accel": -0.44857569244170514,
      "op_leverage_ratio": Infinity,
      "fcf_margin_change": -0.04645266964421085
    },
    {
      "date": "2024-03-31T00:00:00",
      "quarter_label": "2024-03 (Q1)",
      "revenue": 6616911,
      "gross_profit": null,
      "operating_income": -3594430,
      "net_income": null,
      "opex": 10211341,
      "cogs": null,
      "rd": null,
      "sga": null,
      "fcf": -785689,
      "ocf": -785689,
      "capex": null,
      "gross_margin": null,
      "op_margin": -0.543218731519889,
      "fcf_margin": -0.11873954478154534,
      "incr_op_margin_yoy": -0.354476628372945,
      "rev_growth_yoy": 0.688158899806664,
      "rev_growth_yoy_accel": -0.24366703983859073,
      "op_leverage_ratio": 1.5493288172655424,
      "fcf_margin_change": 0.21121679093374535
    },
    {
      "date": "2024-06-30T00:00:00",
      "quarter_label": "2024-06 (Q2)",
      "revenue": 6996388,
      "gross_profit": null,
      "operating_income": -2845514,
      "net_income": null,
      "opex": 9841902,
      "cogs": null,
      "rd": null,
      "sga": null,
      "fcf": 3056513,
      "ocf": 3056513,
      "capex": null,
      "gross_margin": null,
      "op_margin": -0.40671186332147385,
      "fcf_margin": 0.4368701392775815,
      "incr_op_margin_yoy": 0.5519144613852548,
      "rev_growth_yoy": 0.5430412061343294,
      "rev_growth_yoy_accel": -0.14511769367233462,
      "op_leverage_ratio": Infinity,
      "fcf_margin_change": 0.5556096840591268
    },
    {
      "date": "2024-09-30T00:00:00",
      "quarter_label": "2024-09 (Q3)",
      "revenue": 7284002,
      "gross_profit": null,
      "operating_income": -2299529,
      "net_income": null,
      "opex": 9583531,
      "cogs": null,
      "rd": null,
      "sga": null,
      "fcf": -2185621,
      "ocf": -2185621,
      "capex": null,
      "gross_margin": null,
      "op_margin": -0.315695822159302,
      "fcf_margin": -0.3000577155250644,
      "rev_growth_yoy": 0.15830958089050512,
      "rev_growth_yoy_accel": -0.38473162524382426,
      "op_leverage_ratio": Infinity,
      "fcf_margin_change": -0.7369278548026459
    },
    {
      "date": "2024-12-31T00:00:00",
      "quarter_label": "2024-12 (Q4)",
      "revenue": 7341232,
      "gross_profit": null,
      "operating_income": -1579644,
      "net_income": null,
      "opex": 8920876,
      "cogs": null,
      "rd": null,
      "sga": null,
      "fcf": -5599242,
      "ocf": -5599242,
      "capex": null,
      "gross_margin": null,
      "op_margin": -0.21517423778461162,
      "fcf_margin": -0.7627114903874445,
      "rev_growth_yoy": 0.1438805415723786,
      "rev_growth_yoy_accel": -0.01442903931812653,
      "fcf_margin_change": -0.4626537748623801
    },
    {
      "date": "2025-03-31T00:00:00",
      "quarter_label": "2025-03 (Q1)",
      "revenue": 7349358,
      "gross_profit": null,
      "operating_income": -1774095,
      "net_income": null,
      "opex": 9123453,
      "cogs": null,
      "rd": null,
      "sga": null,
      "fcf": -1293662,
      "ocf": -1293662,
      "capex": null,
      "gross_margin": null,
      "op_margin": -0.24139455446312452,
      "fcf_margin": -0.17602381051514976,
      "rev_growth_yoy": 0.11069319203477272,
      "rev_growth_yoy_accel": -0.03318734953760587,
      "fcf_margin_change": 0.5866876798722946
    },
    {
      "date": "2025-06-30T00:00:00",
      "quarter_label": "2025-06 (Q2)",
      "revenue": 7670640,
      "gross_profit": null,
      "operating_income": -1598185,
      "net_income": null,
      "opex": 9268825,
      "cogs": null,
      "rd": null,
      "sga": null,
      "fcf": -82611,
      "ocf": -82611,
      "capex": null,
      "gross_margin": null,
      "op_margin": -0.20835093290781473,
      "fcf_margin": -0.010769766277650887,
      "rev_growth_yoy": 0.09637144194976036,
      "rev_growth_yoy_accel": -0.014321750085012366,
      "op_leverage_ratio": 2.743566334968368,
      "fcf_margin_change": 0.16525404423749887
    },
    {
      "date": "2025-09-30T00:00:00",
      "quarter_label": "2025-09 (Q3)",
      "revenue": 7917819,
      "gross_profit": null,
      "operating_income": -1004778,
      "net_income": null,
      "opex": 8922597,
      "cogs": null,
      "rd": null,
      "sga": null,
      "fcf": -18664731,
      "ocf": -18664731,
      "capex": null,
      "gross_margin": null,
      "op_margin": -0.12690085489451072,
      "fcf_margin": -2.357307106919216,
      "rev_growth_yoy": 0.08701494041325085,
      "rev_growth_yoy_accel": -0.009356501536509507,
      "op_leverage_ratio": Infinity,
      "fcf_margin_change": -2.3465373406415653
    }
  ],
  "signals": [
    {
      "quarter": "2025-06 (Q2)",
      "signal": "FCF MARGIN EXPANSION",
      "detail": "FCF margin: -17.6% -> -1.1% (+16.5%)",
      "severity": "MEDIUM"
    },
    {
      "quarter": "2025-06 (Q2)",
      "signal": "OPERATING LEVERAGE",
      "detail": "Rev growth +4.4% vs OpEx growth +1.6% (leverage: 2.7x)",
      "severity": "MEDIUM"
    },
    {
      "quarter": "2025-03 (Q1)",
      "signal": "FCF MARGIN EXPANSION",
      "detail": "FCF margin: -76.3% -> -17.6% (+58.7%)",
      "severity": "MEDIUM"
    },
    {
      "quarter": "2024-09 (Q3)",
      "signal": "YoY REVENUE GROWTH DECELERATION",
      "detail": "YoY growth: +15.8% vs prior quarter YoY: +54.3% (decel: -38.5%)",
      "severity": "WARNING"
    },
    {
      "quarter": "2024-06 (Q2)",
      "signal": "FCF TURNED POSITIVE",
      "detail": "FCF margin: -11.9% -> +43.7%",
      "severity": "HIGH"
    },
    {
      "quarter": "2024-06 (Q2)",
      "signal": "YoY REVENUE GROWTH DECELERATION",
      "detail": "YoY growth: +54.3% vs prior quarter YoY: +68.8% (decel: -14.5%)",
      "severity": "WARNING"
    },
    {
      "quarter": "2024-03 (Q1)",
      "signal": "FCF MARGIN EXPANSION",
      "detail": "FCF margin: -33.0% -> -11.9% (+21.1%)",
      "severity": "MEDIUM"
    },
    {
      "quarter": "2024-03 (Q1)",
      "signal": "OPERATING LEVERAGE",
      "detail": "Rev growth +3.1% vs OpEx growth +2.0% (leverage: 1.5x)",
      "severity": "MEDIUM"
    },
    {
      "quarter": "2024-03 (Q1)",
      "signal": "YoY REVENUE GROWTH DECELERATION",
      "detail": "YoY growth: +68.8% vs prior quarter YoY: +93.2% (decel: -24.4%)",
      "severity": "WARNING"
    },
    {
      "quarter": "2023-12 (Q4)",
      "signal": "YoY REVENUE GROWTH DECELERATION",
      "detail": "YoY growth: +93.2% vs prior quarter YoY: +138.0% (decel: -44.9%)",
      "severity": "WARNING"
    },
    {
      "quarter": "2023-09 (Q3)",
      "signal": "FCF MARGIN EXPANSION",
      "detail": "FCF margin: -155.9% -> -28.4% (+127.6%)",
      "severity": "MEDIUM"
    },
    {
      "quarter": "2023-09 (Q3)",
      "signal": "OPERATING LEVERAGE",
      "detail": "Rev growth +38.7% vs OpEx growth +18.8% (leverage: 2.1x)",
      "severity": "MEDIUM"
    },
    {
      "quarter": "2023-06 (Q2)",
      "signal": "YoY REVENUE GROWTH DECELERATION",
      "detail": "YoY growth: +142.1% vs prior quarter YoY: +311.3% (decel: -169.2%)",
      "severity": "WARNING"
    },
    {
      "quarter": "2023-03 (Q1)",
      "signal": "FCF MARGIN EXPANSION",
      "detail": "FCF margin: -59.0% -> -42.3% (+16.7%)",
      "severity": "MEDIUM"
    },
    {
      "quarter": "2023-03 (Q1)",
      "signal": "YoY REVENUE GROWTH DECELERATION",
      "detail": "YoY growth: +311.3% vs prior quarter YoY: +393.1% (decel: -81.8%)",
      "severity": "WARNING"
    },
    {
      "quarter": "2022-12 (Q4)",
      "signal": "YoY REVENUE GROWTH DECELERATION",
      "detail": "YoY growth: +393.1% vs prior quarter YoY: +480.1% (decel: -87.1%)",
      "severity": "WARNING"
    },
    {
      "quarter": "2022-09 (Q3)",
      "signal": "FCF MARGIN EXPANSION",
      "detail": "FCF margin: -65.3% -> -27.2% (+38.1%)",
      "severity": "MEDIUM"
    },
    {
      "quarter": "2022-09 (Q3)",
      "signal": "OPERATING LEVERAGE",
      "detail": "Rev growth +41.0% vs OpEx growth +18.0% (leverage: 2.3x)",
      "severity": "MEDIUM"
    },
    {
      "quarter": "2022-09 (Q3)",
      "signal": "YoY REVENUE GROWTH DECELERATION",
      "detail": "YoY growth: +480.1% vs prior quarter YoY: +1270.6% (decel: -790.5%)",
      "severity": "WARNING"
    },
    {
      "quarter": "2022-06 (Q2)",
      "signal": "FCF MARGIN EXPANSION",
      "detail": "FCF margin: -74.8% -> -65.3% (+9.5%)",
      "severity": "MEDIUM"
    },
    {
      "quarter": "2022-06 (Q2)",
      "signal": "OPERATING LEVERAGE",
      "detail": "Rev growth +96.6% vs OpEx growth +59.8% (leverage: 1.6x)",
      "severity": "MEDIUM"
    },
    {
      "quarter": "2022-03 (Q1)",
      "signal": "FCF MARGIN EXPANSION",
      "detail": "FCF margin: -280.9% -> -74.8% (+206.1%)",
      "severity": "MEDIUM"
    },
    {
      "quarter": "2021-09 (Q3)",
      "signal": "OPERATING LEVERAGE",
      "detail": "Rev growth +233.2% vs OpEx growth +48.6% (leverage: 4.8x)",
      "severity": "MEDIUM"
    }
  ],
  "data_quality": {
    "n_quarters": 18,
    "coverage": {
      "revenue": [
        18,
        18
      ],
      "gross_profit": [
        0,
        18
      ],
      "op_income": [
        18,
        18
      ],
      "fcf": [
        17,
        18
      ]
    },
    "gaps": [],
    "warnings": [
      "gross_profit: no data"
    ]
  },
  "market_cap": null,
  "source": "SEC EDGAR",
  "last_updated": "2026-02-03T01:11:49.230437"
}