{
  "ticker": "SHAK",
  "name": "SHAKE SHACK INC.",
  "quarters": [
    {
      "date": "2020-12-30T00:00:00",
      "quarter_label": "2020-12 (Q4)",
      "revenue": 157510000,
      "gross_profit": null,
      "operating_income": -12216000,
      "net_income": -19428000,
      "opex": 169726000,
      "cogs": null,
      "rd": null,
      "sga": null,
      "fcf": -13184000,
      "ocf": 8852000,
      "capex": -22036000,
      "gross_margin": null,
      "op_margin": -0.07755698050917402,
      "fcf_margin": -0.0837026220557425
    },
    {
      "date": "2021-03-31T00:00:00",
      "quarter_label": "2021-03 (Q1)",
      "revenue": 155282000,
      "gross_profit": null,
      "operating_income": -10021000,
      "net_income": 1309000,
      "opex": 165303000,
      "cogs": null,
      "rd": null,
      "sga": null,
      "fcf": -13204000,
      "ocf": 9951000,
      "capex": -23155000,
      "gross_margin": null,
      "op_margin": -0.06453420229002718,
      "fcf_margin": -0.08503239267912573,
      "fcf_margin_change": -0.001329770623383228
    },
    {
      "date": "2021-06-30T00:00:00",
      "quarter_label": "2021-06 (Q2)",
      "revenue": 187460000,
      "gross_profit": null,
      "operating_income": 3307000,
      "net_income": 1944000,
      "opex": 184153000,
      "cogs": null,
      "rd": null,
      "sga": null,
      "fcf": 5500000,
      "ocf": 27054000,
      "capex": -21554000,
      "gross_margin": null,
      "op_margin": 0.01764109676731036,
      "fcf_margin": 0.029339592446388563,
      "op_leverage_ratio": 1.8172191809702118,
      "fcf_margin_change": 0.11437198512551429
    },
    {
      "date": "2021-09-29T00:00:00",
      "quarter_label": "2021-09 (Q3)",
      "revenue": 193895000,
      "gross_profit": null,
      "operating_income": -2646000,
      "net_income": -2178000,
      "opex": 196541000,
      "cogs": null,
      "rd": null,
      "sga": null,
      "fcf": -17408000,
      "ocf": 6735000,
      "capex": -24143000,
      "gross_margin": null,
      "op_margin": -0.013646561283168726,
      "fcf_margin": -0.08978055132932773,
      "op_leverage_ratio": 0.5102905668632837,
      "fcf_margin_change": -0.1191201437757163
    },
    {
      "date": "2021-12-29T00:00:00",
      "quarter_label": "2021-12 (Q4)",
      "revenue": 203256000,
      "gross_profit": null,
      "operating_income": -6493000,
      "net_income": -9730000,
      "opex": 209749000,
      "cogs": null,
      "rd": null,
      "sga": null,
      "fcf": -17979000,
      "ocf": 14664000,
      "capex": -32643000,
      "gross_margin": null,
      "op_margin": -0.03194493643484079,
      "fcf_margin": -0.08845495335931043,
      "incr_op_margin_yoy": 0.12510383421501334,
      "rev_growth_yoy": 0.290432353501365,
      "op_leverage_ratio": 0.7184089536774487,
      "fcf_margin_change": 0.0013255979700173004
    },
    {
      "date": "2022-03-30T00:00:00",
      "quarter_label": "2022-03 (Q1)",
      "revenue": 203391000,
      "gross_profit": null,
      "operating_income": -14935000,
      "net_income": -10162000,
      "opex": 218326000,
      "cogs": null,
      "rd": null,
      "sga": null,
      "fcf": -20004000,
      "ocf": 7970000,
      "capex": -27974000,
      "gross_margin": null,
      "op_margin": -0.0734299944441986,
      "fcf_margin": -0.09835243447350178,
      "incr_op_margin_yoy": -0.1021430501569353,
      "rev_growth_yoy": 0.3098169781429915,
      "rev_growth_yoy_accel": 0.01938462464162649,
      "fcf_margin_change": -0.00989748111419135
    },
    {
      "date": "2022-06-29T00:00:00",
      "quarter_label": "2022-06 (Q2)",
      "revenue": 230752000,
      "gross_profit": null,
      "operating_income": -819000,
      "net_income": -1188000,
      "opex": 231571000,
      "cogs": null,
      "rd": null,
      "sga": null,
      "fcf": -100000,
      "ocf": 27194000,
      "capex": -27294000,
      "gross_margin": null,
      "op_margin": -0.003549265011787547,
      "fcf_margin": -0.0004333656913049508,
      "incr_op_margin_yoy": -0.09530629215559457,
      "rev_growth_yoy": 0.2309399338525552,
      "rev_growth_yoy_accel": -0.07887704429043627,
      "op_leverage_ratio": 2.2174494585117186,
      "fcf_margin_change": 0.09791906878219683
    },
    {
      "date": "2022-09-28T00:00:00",
      "quarter_label": "2022-09 (Q3)",
      "revenue": 227814000,
      "gross_profit": null,
      "operating_income": -4826000,
      "net_income": -2024000,
      "opex": 232640000,
      "cogs": null,
      "rd": null,
      "sga": null,
      "fcf": -20358000,
      "ocf": 19171000,
      "capex": -39529000,
      "gross_margin": null,
      "op_margin": -0.02118394830870798,
      "fcf_margin": -0.08936237456872712,
      "incr_op_margin_yoy": -0.06427076269937203,
      "rev_growth_yoy": 0.17493488743907784,
      "rev_growth_yoy_accel": -0.056005046413477366,
      "fcf_margin_change": -0.08892900887742217
    },
    {
      "date": "2022-12-28T00:00:00",
      "quarter_label": "2022-12 (Q4)",
      "revenue": 238529000,
      "gross_profit": null,
      "operating_income": -6314000,
      "net_income": -10717000,
      "opex": 244843000,
      "cogs": null,
      "rd": null,
      "sga": null,
      "fcf": -25355000,
      "ocf": 22407000,
      "capex": -47762000,
      "gross_margin": null,
      "op_margin": -0.026470575904816607,
      "fcf_margin": -0.10629734749233846,
      "incr_op_margin_yoy": 0.00507470303064667,
      "rev_growth_yoy": 0.17353977250364072,
      "rev_growth_yoy_accel": -0.0013951149354371195,
      "op_leverage_ratio": 0.8966636078118336,
      "fcf_margin_change": -0.016934972923611347
    },
    {
      "date": "2023-03-29T00:00:00",
      "quarter_label": "2023-03 (Q1)",
      "revenue": 253278000,
      "gross_profit": null,
      "operating_income": -3189000,
      "net_income": -1534000,
      "opex": 256467000,
      "cogs": null,
      "rd": null,
      "sga": null,
      "fcf": -14506000,
      "ocf": 19820000,
      "capex": -34326000,
      "gross_margin": null,
      "op_margin": -0.012590908014118874,
      "fcf_margin": -0.057273035952589646,
      "incr_op_margin_yoy": 0.2354521217952573,
      "rev_growth_yoy": 0.24527633966104695,
      "rev_growth_yoy_accel": 0.07173656715740623,
      "op_leverage_ratio": 1.3024272646266466,
      "fcf_margin_change": 0.049024311539748816
    },
    {
      "date": "2023-06-28T00:00:00",
      "quarter_label": "2023-06 (Q2)",
      "revenue": 271805000,
      "gross_profit": null,
      "operating_income": 4748000,
      "net_income": 6948000,
      "opex": 267057000,
      "cogs": null,
      "rd": null,
      "sga": null,
      "fcf": 1942000,
      "ocf": 42371000,
      "capex": -40429000,
      "gross_margin": null,
      "op_margin": 0.017468405658468387,
      "fcf_margin": 0.007144828093670094,
      "incr_op_margin_yoy": 0.1356051932867269,
      "rev_growth_yoy": 0.17790961725142143,
      "rev_growth_yoy_accel": -0.06736672240962552,
      "op_leverage_ratio": 1.7715081919525573,
      "fcf_margin_change": 0.06441786404625974
    },
    {
      "date": "2023-09-27T00:00:00",
      "quarter_label": "2023-09 (Q3)",
      "revenue": 276207000,
      "gross_profit": null,
      "operating_income": 5657000,
      "net_income": 7627000,
      "opex": 270550000,
      "cogs": null,
      "rd": null,
      "sga": null,
      "fcf": -9878000,
      "ocf": 28400000,
      "capex": -38278000,
      "gross_margin": null,
      "op_margin": 0.020481016049557037,
      "fcf_margin": -0.03576303279786537,
      "incr_op_margin_yoy": 0.21662223875353873,
      "rev_growth_yoy": 0.2124232926861387,
      "rev_growth_yoy_accel": 0.034513675434717256,
      "op_leverage_ratio": 1.238220463295569,
      "fcf_margin_change": -0.04290786089153546
    },
    {
      "date": "2023-12-27T00:00:00",
      "quarter_label": "2023-12 (Q4)",
      "revenue": 286243000,
      "gross_profit": null,
      "operating_income": -1295000,
      "net_income": 7223000,
      "opex": 287538000,
      "cogs": null,
      "rd": null,
      "sga": null,
      "fcf": 8414000,
      "ocf": 41548000,
      "capex": -33134000,
      "gross_margin": null,
      "op_margin": -0.004524128100949193,
      "fcf_margin": 0.02939460528292395,
      "incr_op_margin_yoy": 0.10518925263025528,
      "rev_growth_yoy": 0.20003437737130494,
      "rev_growth_yoy_accel": -0.012388915314833743,
      "op_leverage_ratio": 0.57867038632721,
      "fcf_margin_change": 0.06515763808078932
    },
    {
      "date": "2024-03-27T00:00:00",
      "quarter_label": "2024-03 (Q1)",
      "revenue": 290504000,
      "gross_profit": null,
      "operating_income": 34000,
      "net_income": 2040000,
      "opex": 290470000,
      "cogs": null,
      "rd": null,
      "sga": null,
      "fcf": -2389000,
      "ocf": 30665000,
      "capex": -33054000,
      "gross_margin": null,
      "op_margin": 0.00011703797538071765,
      "fcf_margin": -0.00822363891719219,
      "incr_op_margin_yoy": 0.08657927255144254,
      "rev_growth_yoy": 0.14697683967814024,
      "rev_growth_yoy_accel": -0.05305753769316471,
      "op_leverage_ratio": 1.45984901426949,
      "fcf_margin_change": -0.03761824420011614
    },
    {
      "date": "2024-06-26T00:00:00",
      "quarter_label": "2024-06 (Q2)",
      "revenue": 316496000,
      "gross_profit": null,
      "operating_income": 10782000,
      "net_income": 9668000,
      "opex": 305714000,
      "cogs": null,
      "rd": null,
      "sga": null,
      "fcf": 20607000,
      "ocf": 53545000,
      "capex": -32938000,
      "gross_margin": null,
      "op_margin": 0.034066781254739394,
      "fcf_margin": 0.06510982761235529,
      "incr_op_margin_yoy": 0.13501599874695128,
      "rev_growth_yoy": 0.16442302385901658,
      "rev_growth_yoy_accel": 0.017446184180876345,
      "op_leverage_ratio": 1.7048647303164461,
      "fcf_margin_change": 0.07333346652954748
    },
    {
      "date": "2024-09-25T00:00:00",
      "quarter_label": "2024-09 (Q3)",
      "revenue": 316924000,
      "gross_profit": null,
      "operating_income": -17988000,
      "net_income": -10211000,
      "opex": 334912000,
      "cogs": null,
      "rd": null,
      "sga": null,
      "fcf": 7053000,
      "ocf": 41862000,
      "capex": -34809000,
      "gross_margin": null,
      "op_margin": -0.056758087112367635,
      "fcf_margin": 0.022254546831416994,
      "incr_op_margin_yoy": -0.5807156715868065,
      "rev_growth_yoy": 0.14741480121792713,
      "rev_growth_yoy_accel": -0.01700822264108945,
      "fcf_margin_change": -0.042855280780938296
    },
    {
      "date": "2024-12-25T00:00:00",
      "quarter_label": "2024-12 (Q4)",
      "revenue": 328684000,
      "gross_profit": null,
      "operating_income": 10210000,
      "net_income": 8710000,
      "opex": 318474000,
      "cogs": null,
      "rd": null,
      "sga": null,
      "fcf": 10385000,
      "ocf": 45083000,
      "capex": -34698000,
      "gross_margin": null,
      "op_margin": 0.03106327049689063,
      "fcf_margin": 0.03159569677866887,
      "incr_op_margin_yoy": 0.2710822082420301,
      "rev_growth_yoy": 0.14826912797867547,
      "rev_growth_yoy_accel": 0.0008543267607483418,
      "op_leverage_ratio": Infinity,
      "fcf_margin_change": 0.009341149947251878
    },
    {
      "date": "2025-03-26T00:00:00",
      "quarter_label": "2025-03 (Q1)",
      "revenue": 320898000,
      "gross_profit": null,
      "operating_income": 2842000,
      "net_income": 4245000,
      "opex": 318056000,
      "cogs": null,
      "rd": null,
      "sga": null,
      "fcf": 1870000,
      "ocf": 31222000,
      "capex": -29352000,
      "gross_margin": null,
      "op_margin": 0.008856396736657755,
      "fcf_margin": 0.005827396867540464,
      "incr_op_margin_yoy": 0.09238665526090675,
      "rev_growth_yoy": 0.10462506540357448,
      "rev_growth_yoy_accel": -0.04364406257510099,
      "fcf_margin_change": -0.025768299911128407
    },
    {
      "date": "2025-06-25T00:00:00",
      "quarter_label": "2025-06 (Q2)",
      "revenue": 356466000,
      "gross_profit": null,
      "operating_income": 22374000,
      "net_income": 17148000,
      "opex": 334092000,
      "cogs": null,
      "rd": null,
      "sga": null,
      "fcf": 26912000,
      "ocf": 64998000,
      "capex": -38086000,
      "gross_margin": null,
      "op_margin": 0.06276615441584892,
      "fcf_margin": 0.0754966813104195,
      "incr_op_margin_yoy": 0.29001751313485113,
      "rev_growth_yoy": 0.1262891158182094,
      "rev_growth_yoy_accel": 0.021664050414634914,
      "op_leverage_ratio": 2.1983659067641903,
      "fcf_margin_change": 0.06966928444287904
    },
    {
      "date": "2025-09-24T00:00:00",
      "quarter_label": "2025-09 (Q3)",
      "revenue": 367411000,
      "gross_profit": null,
      "operating_income": 18548000,
      "net_income": 12501000,
      "opex": 348863000,
      "cogs": null,
      "rd": null,
      "sga": null,
      "fcf": 23740000,
      "ocf": 62999000,
      "capex": -39259000,
      "gross_margin": null,
      "op_margin": 0.05048297410801528,
      "fcf_margin": 0.06461428754174481,
      "incr_op_margin_yoy": 0.7236714401727178,
      "rev_growth_yoy": 0.15930317678686373,
      "rev_growth_yoy_accel": 0.033014060968654335,
      "op_leverage_ratio": 0.6944705463352876,
      "fcf_margin_change": -0.010882393768674697
    }
  ],
  "signals": [
    {
      "quarter": "2025-09 (Q3)",
      "signal": "OP MARGIN TURNED POSITIVE (YoY)",
      "detail": "Op margin: -5.7% (year-ago) -> +5.0%",
      "severity": "HIGH"
    },
    {
      "quarter": "2025-06 (Q2)",
      "signal": "FCF MARGIN EXPANSION",
      "detail": "FCF margin: +0.6% -> +7.5% (+7.0%)",
      "severity": "MEDIUM"
    },
    {
      "quarter": "2025-06 (Q2)",
      "signal": "OPERATING LEVERAGE",
      "detail": "Rev growth +11.1% vs OpEx growth +5.0% (leverage: 2.2x)",
      "severity": "MEDIUM"
    },
    {
      "quarter": "2025-06 (Q2)",
      "signal": "INCREMENTAL MARGIN (YoY)",
      "detail": "YoY Incr OPM: +29.0% vs year-ago OPM: +3.4%",
      "severity": "HIGH"
    },
    {
      "quarter": "2024-12 (Q4)",
      "signal": "OP MARGIN TURNED POSITIVE (YoY)",
      "detail": "Op margin: -0.5% (year-ago) -> +3.1%",
      "severity": "HIGH"
    },
    {
      "quarter": "2024-12 (Q4)",
      "signal": "OP MARGIN TURNED POSITIVE (QoQ)",
      "detail": "Op margin: -5.7% -> +3.1%",
      "severity": "HIGH"
    },
    {
      "quarter": "2024-06 (Q2)",
      "signal": "FCF TURNED POSITIVE",
      "detail": "FCF margin: -0.8% -> +6.5%",
      "severity": "HIGH"
    },
    {
      "quarter": "2024-06 (Q2)",
      "signal": "OPERATING LEVERAGE",
      "detail": "Rev growth +8.9% vs OpEx growth +5.2% (leverage: 1.7x)",
      "severity": "MEDIUM"
    },
    {
      "quarter": "2024-06 (Q2)",
      "signal": "INCREMENTAL MARGIN (YoY)",
      "detail": "YoY Incr OPM: +13.5% vs year-ago OPM: +1.7%",
      "severity": "MEDIUM"
    },
    {
      "quarter": "2024-03 (Q1)",
      "signal": "YoY REVENUE GROWTH DECELERATION",
      "detail": "YoY growth: +14.7% vs prior quarter YoY: +20.0% (decel: -5.3%)",
      "severity": "WARNING"
    },
    {
      "quarter": "2024-03 (Q1)",
      "signal": "OP MARGIN TURNED POSITIVE (YoY)",
      "detail": "Op margin: -1.3% (year-ago) -> +0.0%",
      "severity": "HIGH"
    },
    {
      "quarter": "2024-03 (Q1)",
      "signal": "OP MARGIN TURNED POSITIVE (QoQ)",
      "detail": "Op margin: -0.5% -> +0.0%",
      "severity": "HIGH"
    },
    {
      "quarter": "2023-12 (Q4)",
      "signal": "FCF TURNED POSITIVE",
      "detail": "FCF margin: -3.6% -> +2.9%",
      "severity": "HIGH"
    },
    {
      "quarter": "2023-09 (Q3)",
      "signal": "OP MARGIN TURNED POSITIVE (YoY)",
      "detail": "Op margin: -2.1% (year-ago) -> +2.0%",
      "severity": "HIGH"
    },
    {
      "quarter": "2023-06 (Q2)",
      "signal": "FCF TURNED POSITIVE",
      "detail": "FCF margin: -5.7% -> +0.7%",
      "severity": "HIGH"
    },
    {
      "quarter": "2023-06 (Q2)",
      "signal": "OPERATING LEVERAGE",
      "detail": "Rev growth +7.3% vs OpEx growth +4.1% (leverage: 1.8x)",
      "severity": "MEDIUM"
    },
    {
      "quarter": "2023-06 (Q2)",
      "signal": "YoY REVENUE GROWTH DECELERATION",
      "detail": "YoY growth: +17.8% vs prior quarter YoY: +24.5% (decel: -6.7%)",
      "severity": "WARNING"
    },
    {
      "quarter": "2023-06 (Q2)",
      "signal": "OP MARGIN TURNED POSITIVE (YoY)",
      "detail": "Op margin: -0.4% (year-ago) -> +1.7%",
      "severity": "HIGH"
    },
    {
      "quarter": "2023-06 (Q2)",
      "signal": "OP MARGIN TURNED POSITIVE (QoQ)",
      "detail": "Op margin: -1.3% -> +1.7%",
      "severity": "HIGH"
    },
    {
      "quarter": "2023-03 (Q1)",
      "signal": "YoY REVENUE GROWTH ACCELERATION",
      "detail": "YoY growth: +24.5% vs prior quarter YoY: +17.4% (accel: +7.2%)",
      "severity": "MEDIUM"
    },
    {
      "quarter": "2022-09 (Q3)",
      "signal": "YoY REVENUE GROWTH DECELERATION",
      "detail": "YoY growth: +17.5% vs prior quarter YoY: +23.1% (decel: -5.6%)",
      "severity": "WARNING"
    },
    {
      "quarter": "2022-06 (Q2)",
      "signal": "FCF MARGIN EXPANSION",
      "detail": "FCF margin: -9.8% -> -0.0% (+9.8%)",
      "severity": "MEDIUM"
    },
    {
      "quarter": "2022-06 (Q2)",
      "signal": "OPERATING LEVERAGE",
      "detail": "Rev growth +13.5% vs OpEx growth +6.1% (leverage: 2.2x)",
      "severity": "MEDIUM"
    },
    {
      "quarter": "2022-06 (Q2)",
      "signal": "YoY REVENUE GROWTH DECELERATION",
      "detail": "YoY growth: +23.1% vs prior quarter YoY: +31.0% (decel: -7.9%)",
      "severity": "WARNING"
    },
    {
      "quarter": "2021-06 (Q2)",
      "signal": "FCF TURNED POSITIVE",
      "detail": "FCF margin: -8.5% -> +2.9%",
      "severity": "HIGH"
    },
    {
      "quarter": "2021-06 (Q2)",
      "signal": "OPERATING LEVERAGE",
      "detail": "Rev growth +20.7% vs OpEx growth +11.4% (leverage: 1.8x)",
      "severity": "MEDIUM"
    },
    {
      "quarter": "2021-06 (Q2)",
      "signal": "OP MARGIN TURNED POSITIVE (QoQ)",
      "detail": "Op margin: -6.5% -> +1.8%",
      "severity": "HIGH"
    }
  ],
  "data_quality": {
    "n_quarters": 20,
    "coverage": {
      "revenue": [
        20,
        20
      ],
      "gross_profit": [
        0,
        20
      ],
      "op_income": [
        20,
        20
      ],
      "fcf": [
        20,
        20
      ]
    },
    "gaps": [],
    "warnings": [
      "gross_profit: no data"
    ]
  },
  "market_cap": null,
  "source": "SEC EDGAR",
  "last_updated": "2026-02-02T21:15:21.525198"
}