{
  "ticker": "SHBI",
  "name": "SHORE BANCSHARES, INC.",
  "quarters": [
    {
      "date": "2020-12-31T00:00:00",
      "quarter_label": "2020-12 (Q4)",
      "revenue": 2720000,
      "gross_profit": null,
      "operating_income": null,
      "net_income": 3886000,
      "opex": null,
      "cogs": null,
      "rd": null,
      "sga": null,
      "fcf": 8268000,
      "ocf": 8857000,
      "capex": -589000,
      "gross_margin": null,
      "op_margin": null,
      "fcf_margin": 3.039705882352941
    },
    {
      "date": "2021-03-31T00:00:00",
      "quarter_label": "2021-03 (Q1)",
      "revenue": 2255000,
      "gross_profit": null,
      "operating_income": null,
      "net_income": 3998000,
      "opex": null,
      "cogs": null,
      "rd": null,
      "sga": null,
      "fcf": 3185000,
      "ocf": 3896000,
      "capex": -711000,
      "gross_margin": null,
      "op_margin": null,
      "fcf_margin": 1.4124168514412416,
      "fcf_margin_change": -1.6272890309116994
    },
    {
      "date": "2021-06-30T00:00:00",
      "quarter_label": "2021-06 (Q2)",
      "revenue": 2650000,
      "gross_profit": null,
      "operating_income": null,
      "net_income": 4031000,
      "opex": null,
      "cogs": null,
      "rd": null,
      "sga": null,
      "fcf": 6307000,
      "ocf": 6644000,
      "capex": -337000,
      "gross_margin": null,
      "op_margin": null,
      "fcf_margin": 2.38,
      "fcf_margin_change": 0.9675831485587583
    },
    {
      "date": "2021-09-30T00:00:00",
      "quarter_label": "2021-09 (Q3)",
      "revenue": 2656000,
      "gross_profit": null,
      "operating_income": null,
      "net_income": 4616000,
      "opex": null,
      "cogs": null,
      "rd": null,
      "sga": null,
      "fcf": 2978000,
      "ocf": 5036000,
      "capex": -2058000,
      "gross_margin": null,
      "op_margin": null,
      "fcf_margin": 1.1212349397590362,
      "fcf_margin_change": -1.2587650602409637
    },
    {
      "date": "2021-12-31T00:00:00",
      "quarter_label": "2021-12 (Q4)",
      "revenue": 3445000,
      "gross_profit": null,
      "operating_income": null,
      "net_income": 2723000,
      "opex": null,
      "cogs": null,
      "rd": null,
      "sga": null,
      "fcf": -23423000,
      "ocf": -23079000,
      "capex": -344000,
      "gross_margin": null,
      "op_margin": null,
      "fcf_margin": -6.799129172714078,
      "rev_growth_yoy": 0.2665441176470588,
      "fcf_margin_change": -7.920364112473115
    },
    {
      "date": "2022-03-31T00:00:00",
      "quarter_label": "2022-03 (Q1)",
      "revenue": 3694000,
      "gross_profit": null,
      "operating_income": null,
      "net_income": 5613000,
      "opex": null,
      "cogs": null,
      "rd": null,
      "sga": null,
      "fcf": 24225000,
      "ocf": 25199000,
      "capex": -974000,
      "gross_margin": null,
      "op_margin": null,
      "fcf_margin": 6.55793178126692,
      "rev_growth_yoy": 0.6381374722838138,
      "rev_growth_yoy_accel": 0.37159335463675497,
      "fcf_margin_change": 13.357060953980998
    },
    {
      "date": "2022-06-30T00:00:00",
      "quarter_label": "2022-06 (Q2)",
      "revenue": 4146000,
      "gross_profit": null,
      "operating_income": null,
      "net_income": 7499000,
      "opex": null,
      "cogs": null,
      "rd": null,
      "sga": null,
      "fcf": 17106000,
      "ocf": 17852000,
      "capex": -746000,
      "gross_margin": null,
      "op_margin": null,
      "fcf_margin": 4.125904486251809,
      "rev_growth_yoy": 0.5645283018867925,
      "rev_growth_yoy_accel": -0.0736091703970213,
      "fcf_margin_change": -2.4320272950151107
    },
    {
      "date": "2022-09-30T00:00:00",
      "quarter_label": "2022-09 (Q3)",
      "revenue": 4062000,
      "gross_profit": null,
      "operating_income": null,
      "net_income": 9658000,
      "opex": null,
      "cogs": null,
      "rd": null,
      "sga": null,
      "fcf": 6456000,
      "ocf": 7010000,
      "capex": -554000,
      "gross_margin": null,
      "op_margin": null,
      "fcf_margin": 1.589364844903988,
      "rev_growth_yoy": 0.5293674698795181,
      "rev_growth_yoy_accel": -0.03516083200727438,
      "fcf_margin_change": -2.5365396413478205
    },
    {
      "date": "2022-12-31T00:00:00",
      "quarter_label": "2022-12 (Q4)",
      "revenue": 3478000,
      "gross_profit": null,
      "operating_income": null,
      "net_income": 8407000,
      "opex": null,
      "cogs": null,
      "rd": null,
      "sga": null,
      "fcf": 2445000,
      "ocf": 2586000,
      "capex": -141000,
      "gross_margin": null,
      "op_margin": null,
      "fcf_margin": 0.70299022426682,
      "rev_growth_yoy": 0.009579100145137881,
      "rev_growth_yoy_accel": -0.5197883697343803,
      "fcf_margin_change": -0.8863746206371681
    },
    {
      "date": "2023-03-31T00:00:00",
      "quarter_label": "2023-03 (Q1)",
      "revenue": 3788000,
      "gross_profit": null,
      "operating_income": null,
      "net_income": 6457000,
      "opex": null,
      "cogs": null,
      "rd": null,
      "sga": null,
      "fcf": 10601000,
      "ocf": 11220000,
      "capex": -619000,
      "gross_margin": null,
      "op_margin": null,
      "fcf_margin": 2.7985744456177404,
      "rev_growth_yoy": 0.025446670276123445,
      "rev_growth_yoy_accel": 0.015867570130985564,
      "fcf_margin_change": 2.0955842213509204
    },
    {
      "date": "2023-06-30T00:00:00",
      "quarter_label": "2023-06 (Q2)",
      "revenue": 3660000,
      "gross_profit": null,
      "operating_income": null,
      "net_income": 4018000,
      "opex": null,
      "cogs": null,
      "rd": null,
      "sga": null,
      "fcf": -1719000,
      "ocf": -570000,
      "capex": -1149000,
      "gross_margin": null,
      "op_margin": null,
      "fcf_margin": -0.46967213114754097,
      "rev_growth_yoy": -0.11722141823444283,
      "rev_growth_yoy_accel": -0.14266808851056628,
      "fcf_margin_change": -3.2682465767652813
    },
    {
      "date": "2023-09-30T00:00:00",
      "quarter_label": "2023-09 (Q3)",
      "revenue": 6350000,
      "gross_profit": null,
      "operating_income": null,
      "net_income": -6384000,
      "opex": null,
      "cogs": null,
      "rd": null,
      "sga": null,
      "fcf": -25891000,
      "ocf": -24005000,
      "capex": -1886000,
      "gross_margin": null,
      "op_margin": null,
      "fcf_margin": -4.07732283464567,
      "rev_growth_yoy": 0.5632693254554406,
      "rev_growth_yoy_accel": 0.6804907436898835,
      "fcf_margin_change": -3.6076507034981287
    },
    {
      "date": "2023-12-31T00:00:00",
      "quarter_label": "2023-12 (Q4)",
      "revenue": 4885000,
      "gross_profit": null,
      "operating_income": null,
      "net_income": 7137000,
      "opex": null,
      "cogs": null,
      "rd": null,
      "sga": null,
      "fcf": 33768000,
      "ocf": 36068000,
      "capex": -2300000,
      "gross_margin": null,
      "op_margin": null,
      "fcf_margin": 6.912589559877175,
      "rev_growth_yoy": 0.40454284071305346,
      "rev_growth_yoy_accel": -0.15872648474238715,
      "fcf_margin_change": 10.989912394522845
    },
    {
      "date": "2024-03-31T00:00:00",
      "quarter_label": "2024-03 (Q1)",
      "revenue": 4709000,
      "gross_profit": null,
      "operating_income": null,
      "net_income": 8184000,
      "opex": null,
      "cogs": null,
      "rd": null,
      "sga": null,
      "fcf": 614000,
      "ocf": 2387000,
      "capex": -1773000,
      "gross_margin": null,
      "op_margin": null,
      "fcf_margin": 0.13038861754087916,
      "rev_growth_yoy": 0.24313621964097148,
      "rev_growth_yoy_accel": -0.16140662107208198,
      "fcf_margin_change": -6.782200942336297
    },
    {
      "date": "2024-06-30T00:00:00",
      "quarter_label": "2024-06 (Q2)",
      "revenue": 5252000,
      "gross_profit": null,
      "operating_income": null,
      "net_income": 11234000,
      "opex": null,
      "cogs": null,
      "rd": null,
      "sga": null,
      "fcf": 1445000,
      "ocf": 3031000,
      "capex": -1586000,
      "gross_margin": null,
      "op_margin": null,
      "fcf_margin": 0.27513328255902514,
      "rev_growth_yoy": 0.4349726775956284,
      "rev_growth_yoy_accel": 0.19183645795465692,
      "fcf_margin_change": 0.14474466501814598
    },
    {
      "date": "2024-09-30T00:00:00",
      "quarter_label": "2024-09 (Q3)",
      "revenue": 4740000,
      "gross_profit": null,
      "operating_income": null,
      "net_income": 11189000,
      "opex": null,
      "cogs": null,
      "rd": null,
      "sga": null,
      "fcf": 8440000,
      "ocf": 9050000,
      "capex": -610000,
      "gross_margin": null,
      "op_margin": null,
      "fcf_margin": 1.780590717299578,
      "rev_growth_yoy": -0.25354330708661416,
      "rev_growth_yoy_accel": -0.6885159846822426,
      "fcf_margin_change": 1.505457434740553
    },
    {
      "date": "2024-12-31T00:00:00",
      "quarter_label": "2024-12 (Q4)",
      "revenue": 6209000,
      "gross_profit": null,
      "operating_income": null,
      "net_income": 13282000,
      "opex": null,
      "cogs": null,
      "rd": null,
      "sga": null,
      "fcf": 31164000,
      "ocf": 32419000,
      "capex": -1255000,
      "gross_margin": null,
      "op_margin": null,
      "fcf_margin": 5.019165727170237,
      "rev_growth_yoy": 0.27103377686796315,
      "rev_growth_yoy_accel": 0.5245770839545774,
      "fcf_margin_change": 3.238575009870659
    },
    {
      "date": "2025-03-31T00:00:00",
      "quarter_label": "2025-03 (Q1)",
      "revenue": 4640000,
      "gross_profit": null,
      "operating_income": null,
      "net_income": 13764000,
      "opex": null,
      "cogs": null,
      "rd": null,
      "sga": null,
      "fcf": 18759000,
      "ocf": 19783000,
      "capex": -1024000,
      "gross_margin": null,
      "op_margin": null,
      "fcf_margin": 4.042887931034483,
      "rev_growth_yoy": -0.014652792524952218,
      "rev_growth_yoy_accel": -0.28568656939291537,
      "fcf_margin_change": -0.9762777961357543
    },
    {
      "date": "2025-06-30T00:00:00",
      "quarter_label": "2025-06 (Q2)",
      "revenue": 5707000,
      "gross_profit": null,
      "operating_income": null,
      "net_income": 15507000,
      "opex": null,
      "cogs": null,
      "rd": null,
      "sga": null,
      "fcf": -9218000,
      "ocf": -8337000,
      "capex": -881000,
      "gross_margin": null,
      "op_margin": null,
      "fcf_margin": -1.6152093919747679,
      "rev_growth_yoy": 0.08663366336633663,
      "rev_growth_yoy_accel": 0.10128645589128885,
      "fcf_margin_change": -5.658097323009251
    },
    {
      "date": "2025-09-30T00:00:00",
      "quarter_label": "2025-09 (Q3)",
      "revenue": 5132000,
      "gross_profit": null,
      "operating_income": null,
      "net_income": 14348000,
      "opex": null,
      "cogs": null,
      "rd": null,
      "sga": null,
      "fcf": 41881000,
      "ocf": 42467000,
      "capex": -586000,
      "gross_margin": null,
      "op_margin": null,
      "fcf_margin": 8.160756040530007,
      "rev_growth_yoy": 0.08270042194092828,
      "rev_growth_yoy_accel": -0.003933241425408351,
      "fcf_margin_change": 9.775965432504774
    }
  ],
  "signals": [
    {
      "quarter": "2025-09 (Q3)",
      "signal": "FCF TURNED POSITIVE",
      "detail": "FCF margin: -161.5% -> +816.1%",
      "severity": "HIGH"
    },
    {
      "quarter": "2025-06 (Q2)",
      "signal": "YoY REVENUE GROWTH ACCELERATION",
      "detail": "YoY growth: +8.7% vs prior quarter YoY: -1.5% (accel: +10.1%)",
      "severity": "MEDIUM"
    },
    {
      "quarter": "2025-03 (Q1)",
      "signal": "YoY REVENUE GROWTH DECELERATION",
      "detail": "YoY growth: -1.5% vs prior quarter YoY: +27.1% (decel: -28.6%)",
      "severity": "WARNING"
    },
    {
      "quarter": "2024-12 (Q4)",
      "signal": "FCF MARGIN EXPANSION",
      "detail": "FCF margin: +178.1% -> +501.9% (+323.9%)",
      "severity": "MEDIUM"
    },
    {
      "quarter": "2024-12 (Q4)",
      "signal": "YoY REVENUE GROWTH ACCELERATION",
      "detail": "YoY growth: +27.1% vs prior quarter YoY: -25.4% (accel: +52.5%)",
      "severity": "HIGH"
    },
    {
      "quarter": "2024-09 (Q3)",
      "signal": "FCF MARGIN EXPANSION",
      "detail": "FCF margin: +27.5% -> +178.1% (+150.5%)",
      "severity": "MEDIUM"
    },
    {
      "quarter": "2024-09 (Q3)",
      "signal": "YoY REVENUE GROWTH DECELERATION",
      "detail": "YoY growth: -25.4% vs prior quarter YoY: +43.5% (decel: -68.9%)",
      "severity": "WARNING"
    },
    {
      "quarter": "2024-06 (Q2)",
      "signal": "FCF MARGIN EXPANSION",
      "detail": "FCF margin: +13.0% -> +27.5% (+14.5%)",
      "severity": "MEDIUM"
    },
    {
      "quarter": "2024-06 (Q2)",
      "signal": "YoY REVENUE GROWTH ACCELERATION",
      "detail": "YoY growth: +43.5% vs prior quarter YoY: +24.3% (accel: +19.2%)",
      "severity": "HIGH"
    },
    {
      "quarter": "2024-03 (Q1)",
      "signal": "YoY REVENUE GROWTH DECELERATION",
      "detail": "YoY growth: +24.3% vs prior quarter YoY: +40.5% (decel: -16.1%)",
      "severity": "WARNING"
    },
    {
      "quarter": "2023-12 (Q4)",
      "signal": "FCF TURNED POSITIVE",
      "detail": "FCF margin: -407.7% -> +691.3%",
      "severity": "HIGH"
    },
    {
      "quarter": "2023-12 (Q4)",
      "signal": "YoY REVENUE GROWTH DECELERATION",
      "detail": "YoY growth: +40.5% vs prior quarter YoY: +56.3% (decel: -15.9%)",
      "severity": "WARNING"
    },
    {
      "quarter": "2023-09 (Q3)",
      "signal": "YoY REVENUE GROWTH ACCELERATION",
      "detail": "YoY growth: +56.3% vs prior quarter YoY: -11.7% (accel: +68.0%)",
      "severity": "HIGH"
    },
    {
      "quarter": "2023-06 (Q2)",
      "signal": "YoY REVENUE GROWTH DECELERATION",
      "detail": "YoY growth: -11.7% vs prior quarter YoY: +2.5% (decel: -14.3%)",
      "severity": "WARNING"
    },
    {
      "quarter": "2023-03 (Q1)",
      "signal": "FCF MARGIN EXPANSION",
      "detail": "FCF margin: +70.3% -> +279.9% (+209.6%)",
      "severity": "MEDIUM"
    },
    {
      "quarter": "2022-12 (Q4)",
      "signal": "YoY REVENUE GROWTH DECELERATION",
      "detail": "YoY growth: +1.0% vs prior quarter YoY: +52.9% (decel: -52.0%)",
      "severity": "WARNING"
    },
    {
      "quarter": "2022-06 (Q2)",
      "signal": "YoY REVENUE GROWTH DECELERATION",
      "detail": "YoY growth: +56.5% vs prior quarter YoY: +63.8% (decel: -7.4%)",
      "severity": "WARNING"
    },
    {
      "quarter": "2022-03 (Q1)",
      "signal": "FCF TURNED POSITIVE",
      "detail": "FCF margin: -679.9% -> +655.8%",
      "severity": "HIGH"
    },
    {
      "quarter": "2022-03 (Q1)",
      "signal": "YoY REVENUE GROWTH ACCELERATION",
      "detail": "YoY growth: +63.8% vs prior quarter YoY: +26.7% (accel: +37.2%)",
      "severity": "HIGH"
    },
    {
      "quarter": "2021-06 (Q2)",
      "signal": "FCF MARGIN EXPANSION",
      "detail": "FCF margin: +141.2% -> +238.0% (+96.8%)",
      "severity": "MEDIUM"
    }
  ],
  "data_quality": {
    "n_quarters": 20,
    "coverage": {
      "revenue": [
        20,
        20
      ],
      "gross_profit": [
        0,
        20
      ],
      "op_income": [
        0,
        20
      ],
      "fcf": [
        20,
        20
      ]
    },
    "gaps": [],
    "warnings": [
      "gross_profit: no data",
      "op_income: no data"
    ]
  },
  "market_cap": null,
  "source": "SEC EDGAR",
  "last_updated": "2026-02-02T22:17:29.105292"
}