{
  "ticker": "SHCO",
  "name": "Soho House & Co Inc.",
  "quarters": [
    {
      "date": "2021-01-03T00:00:00",
      "quarter_label": "2021-01 (Q1)",
      "revenue": 71641000,
      "gross_profit": null,
      "operating_income": -53738000,
      "net_income": -72450000,
      "opex": 125379000,
      "cogs": null,
      "rd": null,
      "sga": null,
      "fcf": -57849000,
      "ocf": -20225000,
      "capex": -37624000,
      "gross_margin": null,
      "op_margin": -0.7501011990340727,
      "fcf_margin": -0.8074845409751399
    },
    {
      "date": "2021-04-04T00:00:00",
      "quarter_label": "2021-04 (Q2)",
      "revenue": 72401000,
      "gross_profit": null,
      "operating_income": -63560000,
      "net_income": -90479000,
      "opex": 135961000,
      "cogs": null,
      "rd": null,
      "sga": null,
      "fcf": -119558000,
      "ocf": -104395000,
      "capex": -15163000,
      "gross_margin": null,
      "op_margin": -0.8778884269554288,
      "fcf_margin": -1.6513307827239956,
      "op_leverage_ratio": 0.1256923938070209,
      "fcf_margin_change": -0.8438462417488557
    },
    {
      "date": "2021-07-04T00:00:00",
      "quarter_label": "2021-07 (Q3)",
      "revenue": 124079000,
      "gross_profit": null,
      "operating_income": -46860000,
      "net_income": -55987000,
      "opex": 170939000,
      "cogs": null,
      "rd": null,
      "sga": null,
      "fcf": -11603000,
      "ocf": 10175000,
      "capex": -21778000,
      "gross_margin": null,
      "op_margin": -0.3776626181706816,
      "fcf_margin": -0.09351300381208746,
      "op_leverage_ratio": 2.7744730438619323,
      "fcf_margin_change": 1.557817778911908
    },
    {
      "date": "2021-10-03T00:00:00",
      "quarter_label": "2021-10 (Q4)",
      "revenue": 179559000,
      "gross_profit": null,
      "operating_income": -53444000,
      "net_income": -77027000,
      "opex": 233003000,
      "cogs": null,
      "rd": null,
      "sga": null,
      "fcf": -47903000,
      "ocf": -20719000,
      "capex": -27184000,
      "gross_margin": null,
      "op_margin": -0.2976403299194137,
      "fcf_margin": -0.26678139218863994,
      "op_leverage_ratio": 1.2315145987385507,
      "fcf_margin_change": -0.17326838837655248
    },
    {
      "date": "2022-01-02T00:00:00",
      "quarter_label": "2022-01 (Q1)",
      "revenue": 184515000,
      "gross_profit": null,
      "operating_income": -24162000,
      "net_income": -41902000,
      "opex": 208677000,
      "cogs": null,
      "rd": null,
      "sga": null,
      "fcf": -39167000,
      "ocf": -12480000,
      "capex": -26687000,
      "gross_margin": null,
      "op_margin": -0.13094870335745062,
      "fcf_margin": -0.2122700051486329,
      "incr_op_margin_yoy": 0.2620266846217907,
      "rev_growth_yoy": 1.5755503133680435,
      "op_leverage_ratio": Infinity,
      "fcf_margin_change": 0.05451138704000705
    },
    {
      "date": "2022-04-03T00:00:00",
      "quarter_label": "2022-04 (Q2)",
      "revenue": 192008000,
      "gross_profit": null,
      "operating_income": -47422000,
      "net_income": -60479000,
      "opex": 239430000,
      "cogs": null,
      "rd": null,
      "sga": null,
      "fcf": -27233000,
      "ocf": -9575000,
      "capex": -17658000,
      "gross_margin": null,
      "op_margin": -0.24697929252947795,
      "fcf_margin": -0.14183263197366777,
      "incr_op_margin_yoy": 0.13492521340724206,
      "rev_growth_yoy": 1.65200756895623,
      "rev_growth_yoy_accel": 0.07645725558818639,
      "op_leverage_ratio": 0.27555681183160596,
      "fcf_margin_change": 0.07043737317496512
    },
    {
      "date": "2022-07-03T00:00:00",
      "quarter_label": "2022-07 (Q3)",
      "revenue": 243770000,
      "gross_profit": null,
      "operating_income": -65488000,
      "net_income": -81959000,
      "opex": 309258000,
      "cogs": null,
      "rd": null,
      "sga": null,
      "fcf": 7095000,
      "ocf": 23236000,
      "capex": -16141000,
      "gross_margin": null,
      "op_margin": -0.2686466751446035,
      "fcf_margin": 0.029105304180169832,
      "incr_op_margin_yoy": -0.1556340911179621,
      "rev_growth_yoy": 0.9646354338768043,
      "rev_growth_yoy_accel": -0.6873721350794256,
      "op_leverage_ratio": 0.9243590270365875,
      "fcf_margin_change": 0.1709379361538376
    },
    {
      "date": "2022-10-02T00:00:00",
      "quarter_label": "2022-10 (Q4)",
      "revenue": 266046000,
      "gross_profit": null,
      "operating_income": -70581000,
      "net_income": -91668000,
      "opex": 336627000,
      "cogs": null,
      "rd": null,
      "sga": null,
      "fcf": -4745000,
      "ocf": 24445000,
      "capex": -29190000,
      "gross_margin": null,
      "op_margin": -0.26529622696826866,
      "fcf_margin": -0.01783526157130722,
      "incr_op_margin_yoy": -0.19814538601177056,
      "rev_growth_yoy": 0.4816634086846106,
      "rev_growth_yoy_accel": -0.4829720251921937,
      "op_leverage_ratio": 1.0325687213826296,
      "fcf_margin_change": -0.04694056575147705
    },
    {
      "date": "2023-01-01T00:00:00",
      "quarter_label": "2023-01 (Q1)",
      "revenue": 270390000,
      "gross_profit": null,
      "operating_income": 36010000,
      "net_income": 13526000,
      "opex": 234380000,
      "cogs": null,
      "rd": null,
      "sga": null,
      "fcf": -35599000,
      "ocf": -26243000,
      "capex": -9356000,
      "gross_margin": null,
      "op_margin": 0.13317800214504974,
      "fcf_margin": -0.13165797551684605,
      "incr_op_margin_yoy": 0.7006928675400291,
      "rev_growth_yoy": 0.46540931631574667,
      "rev_growth_yoy_accel": -0.016254092368863937,
      "op_leverage_ratio": Infinity,
      "fcf_margin_change": -0.11382271394553883
    },
    {
      "date": "2023-04-02T00:00:00",
      "quarter_label": "2023-04 (Q2)",
      "revenue": 255209000,
      "gross_profit": null,
      "operating_income": 962000,
      "net_income": -15952000,
      "opex": 254247000,
      "cogs": null,
      "rd": null,
      "sga": null,
      "fcf": -24498000,
      "ocf": -12488000,
      "capex": -12010000,
      "gross_margin": null,
      "op_margin": 0.003769459541003648,
      "fcf_margin": -0.09599191251092241,
      "incr_op_margin_yoy": 0.7655575070014715,
      "rev_growth_yoy": 0.3291581600766635,
      "rev_growth_yoy_accel": -0.13625115623908318,
      "fcf_margin_change": 0.035666063005923634
    },
    {
      "date": "2023-07-02T00:00:00",
      "quarter_label": "2023-07 (Q3)",
      "revenue": 288923000,
      "gross_profit": null,
      "operating_income": 19594000,
      "net_income": -2644000,
      "opex": 269329000,
      "cogs": null,
      "rd": null,
      "sga": null,
      "fcf": -534000,
      "ocf": 20769000,
      "capex": -21303000,
      "gross_margin": null,
      "op_margin": 0.06781737694818342,
      "fcf_margin": -0.0018482433035791543,
      "incr_op_margin_yoy": 1.8843044758930747,
      "rev_growth_yoy": 0.18522787873815483,
      "rev_growth_yoy_accel": -0.14393028133850866,
      "op_leverage_ratio": 2.226953748908275,
      "fcf_margin_change": 0.09414366920734327
    },
    {
      "date": "2023-10-01T00:00:00",
      "quarter_label": "2023-10 (Q4)",
      "revenue": 300957000,
      "gross_profit": null,
      "operating_income": -20403000,
      "net_income": -42362000,
      "opex": 321360000,
      "cogs": null,
      "rd": null,
      "sga": null,
      "fcf": 4091000,
      "ocf": 20409000,
      "capex": -16318000,
      "gross_margin": null,
      "op_margin": -0.06779373797585701,
      "fcf_margin": 0.013593304026821107,
      "incr_op_margin_yoy": 1.437312021998797,
      "rev_growth_yoy": 0.13122166843327845,
      "rev_growth_yoy_accel": -0.05400621030487637,
      "op_leverage_ratio": 0.21560004008774694,
      "fcf_margin_change": 0.015441547330400261
    },
    {
      "date": "2023-12-31T00:00:00",
      "quarter_label": "2023-12 (Q4)",
      "revenue": 290790000,
      "gross_profit": null,
      "operating_income": -23156000,
      "net_income": -56995000,
      "opex": 313946000,
      "cogs": null,
      "rd": null,
      "sga": null,
      "fcf": 1988000,
      "ocf": 18298000,
      "capex": -16310000,
      "gross_margin": null,
      "op_margin": -0.07963134908353107,
      "fcf_margin": 0.006836548712129028,
      "incr_op_margin_yoy": -2.900294117647059,
      "rev_growth_yoy": 0.07544657716631532,
      "rev_growth_yoy_accel": -0.05577509126696313,
      "fcf_margin_change": -0.0067567553146920785
    },
    {
      "date": "2024-03-31T00:00:00",
      "quarter_label": "2024-03 (Q1)",
      "revenue": 263146000,
      "gross_profit": null,
      "operating_income": -25083000,
      "net_income": -46040000,
      "opex": 288229000,
      "cogs": null,
      "rd": null,
      "sga": null,
      "fcf": -13517000,
      "ocf": 6189000,
      "capex": -19706000,
      "gross_margin": null,
      "op_margin": -0.09531970845082198,
      "fcf_margin": -0.051366921784864676,
      "incr_op_margin_yoy": -3.2814665490739574,
      "rev_growth_yoy": 0.031100000391835712,
      "rev_growth_yoy_accel": -0.04434657677447961,
      "fcf_margin_change": -0.0582034704969937
    },
    {
      "date": "2024-06-30T00:00:00",
      "quarter_label": "2024-06 (Q2)",
      "revenue": 305146000,
      "gross_profit": null,
      "operating_income": -11368000,
      "net_income": -33869000,
      "opex": 316514000,
      "cogs": null,
      "rd": null,
      "sga": null,
      "fcf": 10206000,
      "ocf": 36007000,
      "capex": -25801000,
      "gross_margin": null,
      "op_margin": -0.037254297942624186,
      "fcf_margin": 0.03344628472927713,
      "incr_op_margin_yoy": -1.9085249337360537,
      "rev_growth_yoy": 0.056149908453117264,
      "rev_growth_yoy_accel": 0.025049908061281552,
      "op_leverage_ratio": 1.6264248808532624,
      "fcf_margin_change": 0.08481320651414181
    },
    {
      "date": "2024-09-29T00:00:00",
      "quarter_label": "2024-09 (Q3)",
      "revenue": 333368000,
      "gross_profit": null,
      "operating_income": 37884000,
      "net_income": 175000,
      "opex": 295484000,
      "cogs": null,
      "rd": null,
      "sga": null,
      "fcf": 10272000,
      "ocf": 20598000,
      "capex": -10326000,
      "gross_margin": null,
      "op_margin": 0.1136401814211322,
      "fcf_margin": 0.030812795469271195,
      "incr_op_margin_yoy": 1.7983709234519145,
      "rev_growth_yoy": 0.10769312559601538,
      "rev_growth_yoy_accel": 0.05154321714289811,
      "op_leverage_ratio": Infinity,
      "fcf_margin_change": -0.002633489260005936
    },
    {
      "date": "2024-12-29T00:00:00",
      "quarter_label": "2024-12 (Q4)",
      "revenue": 305555000,
      "gross_profit": null,
      "operating_income": -70656000,
      "net_income": -91685000,
      "opex": 376211000,
      "cogs": null,
      "rd": null,
      "sga": null,
      "fcf": 18530000,
      "ocf": 26883000,
      "capex": -8353000,
      "gross_margin": null,
      "op_margin": -0.2312382386149793,
      "fcf_margin": 0.06064374662499386,
      "incr_op_margin_yoy": -3.217067389095835,
      "rev_growth_yoy": 0.050775473709549844,
      "rev_growth_yoy_accel": -0.05691765188646553,
      "fcf_margin_change": 0.029830951155722665
    },
    {
      "date": "2025-03-30T00:00:00",
      "quarter_label": "2025-03 (Q1)",
      "revenue": 282864000,
      "gross_profit": null,
      "operating_income": 34894000,
      "net_income": 8168000,
      "opex": 247970000,
      "cogs": null,
      "rd": null,
      "sga": null,
      "fcf": 7525000,
      "ocf": 22820000,
      "capex": -15295000,
      "gross_margin": null,
      "op_margin": 0.1233596357260026,
      "fcf_margin": 0.026602890434979355,
      "incr_op_margin_yoy": 3.0417385130337764,
      "rev_growth_yoy": 0.07493178691676863,
      "rev_growth_yoy_accel": 0.02415631320721879,
      "fcf_margin_change": -0.034040856190014505
    },
    {
      "date": "2025-06-29T00:00:00",
      "quarter_label": "2025-06 (Q2)",
      "revenue": 329804000,
      "gross_profit": null,
      "operating_income": 59721000,
      "net_income": 24885000,
      "opex": 270083000,
      "cogs": null,
      "rd": null,
      "sga": null,
      "fcf": 12423000,
      "ocf": 41012000,
      "capex": -28589000,
      "gross_margin": null,
      "op_margin": 0.18108027798328705,
      "fcf_margin": 0.03766782695176529,
      "incr_op_margin_yoy": 2.8829994322329466,
      "rev_growth_yoy": 0.08080722015035426,
      "rev_growth_yoy_accel": 0.005875433233585622,
      "op_leverage_ratio": 1.860873635373827,
      "fcf_margin_change": 0.011064936516785938
    },
    {
      "date": "2025-09-28T00:00:00",
      "quarter_label": "2025-09 (Q3)",
      "revenue": 370750000,
      "gross_profit": null,
      "operating_income": -6004000,
      "net_income": -18708000,
      "opex": 376754000,
      "cogs": null,
      "rd": null,
      "sga": null,
      "fcf": 3466000,
      "ocf": 34925000,
      "capex": -31459000,
      "gross_margin": null,
      "op_margin": -0.01619420094403237,
      "fcf_margin": 0.009348617666891436,
      "incr_op_margin_yoy": -1.1740409822909421,
      "rev_growth_yoy": 0.112134338028845,
      "rev_growth_yoy_accel": 0.03132711787849074,
      "op_leverage_ratio": 0.31434491977853707,
      "fcf_margin_change": -0.02831920928487386
    }
  ],
  "signals": [
    {
      "quarter": "2025-06 (Q2)",
      "signal": "OPERATING LEVERAGE",
      "detail": "Rev growth +16.6% vs OpEx growth +8.9% (leverage: 1.9x)",
      "severity": "MEDIUM"
    },
    {
      "quarter": "2025-06 (Q2)",
      "signal": "OP MARGIN TURNED POSITIVE (YoY)",
      "detail": "Op margin: -3.7% (year-ago) -> +18.1%",
      "severity": "HIGH"
    },
    {
      "quarter": "2025-03 (Q1)",
      "signal": "OP MARGIN TURNED POSITIVE (YoY)",
      "detail": "Op margin: -9.5% (year-ago) -> +12.3%",
      "severity": "HIGH"
    },
    {
      "quarter": "2025-03 (Q1)",
      "signal": "OP MARGIN TURNED POSITIVE (QoQ)",
      "detail": "Op margin: -23.1% -> +12.3%",
      "severity": "HIGH"
    },
    {
      "quarter": "2024-12 (Q4)",
      "signal": "YoY REVENUE GROWTH DECELERATION",
      "detail": "YoY growth: +5.1% vs prior quarter YoY: +10.8% (decel: -5.7%)",
      "severity": "WARNING"
    },
    {
      "quarter": "2024-09 (Q3)",
      "signal": "YoY REVENUE GROWTH ACCELERATION",
      "detail": "YoY growth: +10.8% vs prior quarter YoY: +5.6% (accel: +5.2%)",
      "severity": "MEDIUM"
    },
    {
      "quarter": "2024-09 (Q3)",
      "signal": "OP MARGIN TURNED POSITIVE (YoY)",
      "detail": "Op margin: -6.8% (year-ago) -> +11.4%",
      "severity": "HIGH"
    },
    {
      "quarter": "2024-09 (Q3)",
      "signal": "OP MARGIN TURNED POSITIVE (QoQ)",
      "detail": "Op margin: -3.7% -> +11.4%",
      "severity": "HIGH"
    },
    {
      "quarter": "2024-06 (Q2)",
      "signal": "FCF TURNED POSITIVE",
      "detail": "FCF margin: -5.1% -> +3.3%",
      "severity": "HIGH"
    },
    {
      "quarter": "2024-06 (Q2)",
      "signal": "OPERATING LEVERAGE",
      "detail": "Rev growth +16.0% vs OpEx growth +9.8% (leverage: 1.6x)",
      "severity": "MEDIUM"
    },
    {
      "quarter": "2023-12 (Q4)",
      "signal": "YoY REVENUE GROWTH DECELERATION",
      "detail": "YoY growth: +7.5% vs prior quarter YoY: +13.1% (decel: -5.6%)",
      "severity": "WARNING"
    },
    {
      "quarter": "2023-10 (Q4)",
      "signal": "FCF TURNED POSITIVE",
      "detail": "FCF margin: -0.2% -> +1.4%",
      "severity": "HIGH"
    },
    {
      "quarter": "2023-10 (Q4)",
      "signal": "YoY REVENUE GROWTH DECELERATION",
      "detail": "YoY growth: +13.1% vs prior quarter YoY: +18.5% (decel: -5.4%)",
      "severity": "WARNING"
    },
    {
      "quarter": "2023-07 (Q3)",
      "signal": "FCF MARGIN EXPANSION",
      "detail": "FCF margin: -9.6% -> -0.2% (+9.4%)",
      "severity": "MEDIUM"
    },
    {
      "quarter": "2023-07 (Q3)",
      "signal": "OPERATING LEVERAGE",
      "detail": "Rev growth +13.2% vs OpEx growth +5.9% (leverage: 2.2x)",
      "severity": "MEDIUM"
    },
    {
      "quarter": "2023-07 (Q3)",
      "signal": "YoY REVENUE GROWTH DECELERATION",
      "detail": "YoY growth: +18.5% vs prior quarter YoY: +32.9% (decel: -14.4%)",
      "severity": "WARNING"
    },
    {
      "quarter": "2023-07 (Q3)",
      "signal": "OP MARGIN TURNED POSITIVE (YoY)",
      "detail": "Op margin: -26.9% (year-ago) -> +6.8%",
      "severity": "HIGH"
    },
    {
      "quarter": "2023-04 (Q2)",
      "signal": "YoY REVENUE GROWTH DECELERATION",
      "detail": "YoY growth: +32.9% vs prior quarter YoY: +46.5% (decel: -13.6%)",
      "severity": "WARNING"
    },
    {
      "quarter": "2023-04 (Q2)",
      "signal": "OP MARGIN TURNED POSITIVE (YoY)",
      "detail": "Op margin: -24.7% (year-ago) -> +0.4%",
      "severity": "HIGH"
    },
    {
      "quarter": "2023-01 (Q1)",
      "signal": "OP MARGIN TURNED POSITIVE (YoY)",
      "detail": "Op margin: -13.1% (year-ago) -> +13.3%",
      "severity": "HIGH"
    },
    {
      "quarter": "2023-01 (Q1)",
      "signal": "OP MARGIN TURNED POSITIVE (QoQ)",
      "detail": "Op margin: -26.5% -> +13.3%",
      "severity": "HIGH"
    },
    {
      "quarter": "2022-10 (Q4)",
      "signal": "YoY REVENUE GROWTH DECELERATION",
      "detail": "YoY growth: +48.2% vs prior quarter YoY: +96.5% (decel: -48.3%)",
      "severity": "WARNING"
    },
    {
      "quarter": "2022-07 (Q3)",
      "signal": "FCF TURNED POSITIVE",
      "detail": "FCF margin: -14.2% -> +2.9%",
      "severity": "HIGH"
    },
    {
      "quarter": "2022-07 (Q3)",
      "signal": "YoY REVENUE GROWTH DECELERATION",
      "detail": "YoY growth: +96.5% vs prior quarter YoY: +165.2% (decel: -68.7%)",
      "severity": "WARNING"
    },
    {
      "quarter": "2022-04 (Q2)",
      "signal": "FCF MARGIN EXPANSION",
      "detail": "FCF margin: -21.2% -> -14.2% (+7.0%)",
      "severity": "MEDIUM"
    },
    {
      "quarter": "2022-04 (Q2)",
      "signal": "YoY REVENUE GROWTH ACCELERATION",
      "detail": "YoY growth: +165.2% vs prior quarter YoY: +157.6% (accel: +7.6%)",
      "severity": "MEDIUM"
    },
    {
      "quarter": "2022-01 (Q1)",
      "signal": "FCF MARGIN EXPANSION",
      "detail": "FCF margin: -26.7% -> -21.2% (+5.5%)",
      "severity": "MEDIUM"
    },
    {
      "quarter": "2021-07 (Q3)",
      "signal": "FCF MARGIN EXPANSION",
      "detail": "FCF margin: -165.1% -> -9.4% (+155.8%)",
      "severity": "MEDIUM"
    },
    {
      "quarter": "2021-07 (Q3)",
      "signal": "OPERATING LEVERAGE",
      "detail": "Rev growth +71.4% vs OpEx growth +25.7% (leverage: 2.8x)",
      "severity": "MEDIUM"
    }
  ],
  "data_quality": {
    "n_quarters": 20,
    "coverage": {
      "revenue": [
        20,
        20
      ],
      "gross_profit": [
        0,
        20
      ],
      "op_income": [
        20,
        20
      ],
      "fcf": [
        20,
        20
      ]
    },
    "gaps": [],
    "warnings": [
      "gross_profit: no data"
    ]
  },
  "market_cap": null,
  "source": "SEC EDGAR",
  "last_updated": "2026-02-02T21:41:55.411381"
}