{
  "ticker": "SHO",
  "name": "Sunstone Hotel Investors,\u00a0Inc.",
  "quarters": [
    {
      "date": "2020-12-31T00:00:00",
      "quarter_label": "2020-12 (Q4)",
      "revenue": 37360000,
      "gross_profit": null,
      "operating_income": -69807000,
      "net_income": null,
      "opex": 107167000,
      "cogs": null,
      "rd": null,
      "sga": null,
      "fcf": -29400000,
      "ocf": -29400000,
      "capex": null,
      "gross_margin": null,
      "op_margin": -1.8684957173447538,
      "fcf_margin": -0.7869379014989293
    },
    {
      "date": "2021-03-31T00:00:00",
      "quarter_label": "2021-03 (Q1)",
      "revenue": 50633000,
      "gross_profit": null,
      "operating_income": null,
      "net_income": null,
      "opex": 98071000,
      "cogs": null,
      "rd": null,
      "sga": null,
      "fcf": -38175000,
      "ocf": -38175000,
      "capex": null,
      "gross_margin": null,
      "op_margin": null,
      "fcf_margin": -0.7539549305788715,
      "op_leverage_ratio": Infinity,
      "fcf_margin_change": 0.03298297092005775
    },
    {
      "date": "2021-06-30T00:00:00",
      "quarter_label": "2021-06 (Q2)",
      "revenue": 117210000,
      "gross_profit": null,
      "operating_income": null,
      "net_income": null,
      "opex": 137149000,
      "cogs": null,
      "rd": null,
      "sga": null,
      "fcf": 24252000,
      "ocf": 24252000,
      "capex": null,
      "gross_margin": null,
      "op_margin": null,
      "fcf_margin": 0.20691067315075506,
      "op_leverage_ratio": 3.2998852405611343,
      "fcf_margin_change": 0.9608656037296266
    },
    {
      "date": "2021-09-30T00:00:00",
      "quarter_label": "2021-09 (Q3)",
      "revenue": 167421000,
      "gross_profit": null,
      "operating_income": null,
      "net_income": null,
      "opex": 181600000,
      "cogs": null,
      "rd": null,
      "sga": null,
      "fcf": 22327000,
      "ocf": 22327000,
      "capex": null,
      "gross_margin": null,
      "op_margin": null,
      "fcf_margin": 0.13335841979202132,
      "op_leverage_ratio": 1.3217378128689161,
      "fcf_margin_change": -0.07355225335873375
    },
    {
      "date": "2021-12-31T00:00:00",
      "quarter_label": "2021-12 (Q4)",
      "revenue": 173886000,
      "gross_profit": null,
      "operating_income": null,
      "net_income": null,
      "opex": 180452000,
      "cogs": null,
      "rd": null,
      "sga": null,
      "fcf": 19966000,
      "ocf": 19966000,
      "capex": null,
      "gross_margin": null,
      "op_margin": null,
      "fcf_margin": 0.11482235487618325,
      "rev_growth_yoy": 3.654336188436831,
      "op_leverage_ratio": Infinity,
      "fcf_margin_change": -0.018536064915838063
    },
    {
      "date": "2022-03-31T00:00:00",
      "quarter_label": "2022-03 (Q1)",
      "revenue": 172315000,
      "gross_profit": null,
      "operating_income": null,
      "net_income": null,
      "opex": 179088000,
      "cogs": null,
      "rd": null,
      "sga": null,
      "fcf": 13148000,
      "ocf": 13148000,
      "capex": null,
      "gross_margin": null,
      "op_margin": null,
      "fcf_margin": 0.07630212111539912,
      "rev_growth_yoy": 2.403215294373235,
      "rev_growth_yoy_accel": -1.2511208940635958,
      "fcf_margin_change": -0.03852023376078413
    },
    {
      "date": "2022-06-30T00:00:00",
      "quarter_label": "2022-06 (Q2)",
      "revenue": 251280000,
      "gross_profit": null,
      "operating_income": null,
      "net_income": null,
      "opex": 207759000,
      "cogs": null,
      "rd": null,
      "sga": null,
      "fcf": 77505000,
      "ocf": 77505000,
      "capex": null,
      "gross_margin": null,
      "op_margin": null,
      "fcf_margin": 0.30844078319006685,
      "rev_growth_yoy": 1.1438443818786792,
      "rev_growth_yoy_accel": -1.2593709124945558,
      "op_leverage_ratio": 2.8624321493461755,
      "fcf_margin_change": 0.2321386620746677
    },
    {
      "date": "2022-09-30T00:00:00",
      "quarter_label": "2022-09 (Q3)",
      "revenue": 244314000,
      "gross_profit": null,
      "operating_income": null,
      "net_income": null,
      "opex": 214347000,
      "cogs": null,
      "rd": null,
      "sga": null,
      "fcf": 59045000,
      "ocf": 59045000,
      "capex": null,
      "gross_margin": null,
      "op_margin": null,
      "fcf_margin": 0.2416766947452868,
      "rev_growth_yoy": 0.4592793018796925,
      "rev_growth_yoy_accel": -0.6845650799989866,
      "fcf_margin_change": -0.06676408844478005
    },
    {
      "date": "2022-12-31T00:00:00",
      "quarter_label": "2022-12 (Q4)",
      "revenue": 244144000,
      "gross_profit": null,
      "operating_income": null,
      "net_income": null,
      "opex": 214981000,
      "cogs": null,
      "rd": null,
      "sga": null,
      "fcf": 59686000,
      "ocf": 59686000,
      "capex": null,
      "gross_margin": null,
      "op_margin": null,
      "fcf_margin": 0.2444704764401337,
      "rev_growth_yoy": 0.40404632920419126,
      "rev_growth_yoy_accel": -0.05523297267550126,
      "fcf_margin_change": 0.0027937816948468974
    },
    {
      "date": "2023-03-31T00:00:00",
      "quarter_label": "2023-03 (Q1)",
      "revenue": 243443000,
      "gross_profit": null,
      "operating_income": null,
      "net_income": null,
      "opex": 218654000,
      "cogs": null,
      "rd": null,
      "sga": null,
      "fcf": 47248000,
      "ocf": 47248000,
      "capex": null,
      "gross_margin": null,
      "op_margin": null,
      "fcf_margin": 0.19408239300370106,
      "rev_growth_yoy": 0.4127789223224908,
      "rev_growth_yoy_accel": 0.008732593118299548,
      "fcf_margin_change": -0.05038808343643264
    },
    {
      "date": "2023-06-30T00:00:00",
      "quarter_label": "2023-06 (Q2)",
      "revenue": 276112000,
      "gross_profit": null,
      "operating_income": null,
      "net_income": null,
      "opex": 227659000,
      "cogs": null,
      "rd": null,
      "sga": null,
      "fcf": 59740000,
      "ocf": 59740000,
      "capex": null,
      "gross_margin": null,
      "op_margin": null,
      "fcf_margin": 0.21636147650228893,
      "rev_growth_yoy": 0.09882203120025469,
      "rev_growth_yoy_accel": -0.3139568911222361,
      "op_leverage_ratio": 3.258458987134098,
      "fcf_margin_change": 0.02227908349858787
    },
    {
      "date": "2023-09-30T00:00:00",
      "quarter_label": "2023-09 (Q3)",
      "revenue": 247700000,
      "gross_profit": null,
      "operating_income": null,
      "net_income": null,
      "opex": 220873000,
      "cogs": null,
      "rd": null,
      "sga": null,
      "fcf": 61754000,
      "ocf": 61754000,
      "capex": null,
      "gross_margin": null,
      "op_margin": null,
      "fcf_margin": 0.2493096487686718,
      "rev_growth_yoy": 0.013859213962359914,
      "rev_growth_yoy_accel": -0.08496281723789478,
      "fcf_margin_change": 0.03294817226638286
    },
    {
      "date": "2023-12-31T00:00:00",
      "quarter_label": "2023-12 (Q4)",
      "revenue": 219225000,
      "gross_profit": null,
      "operating_income": null,
      "net_income": null,
      "opex": 200638000,
      "cogs": null,
      "rd": null,
      "sga": null,
      "fcf": 29389000,
      "ocf": 29389000,
      "capex": null,
      "gross_margin": null,
      "op_margin": null,
      "fcf_margin": 0.13405861557760293,
      "rev_growth_yoy": -0.1020668130283767,
      "rev_growth_yoy_accel": -0.1159260269907366,
      "fcf_margin_change": -0.11525103319106886
    },
    {
      "date": "2024-03-31T00:00:00",
      "quarter_label": "2024-03 (Q1)",
      "revenue": 217166000,
      "gross_profit": null,
      "operating_income": null,
      "net_income": null,
      "opex": 199907000,
      "cogs": null,
      "rd": null,
      "sga": null,
      "fcf": 38484000,
      "ocf": 38484000,
      "capex": null,
      "gross_margin": null,
      "op_margin": null,
      "fcf_margin": 0.17721006050670915,
      "rev_growth_yoy": -0.10793902474090444,
      "rev_growth_yoy_accel": -0.005872211712527747,
      "fcf_margin_change": 0.04315144492910622
    },
    {
      "date": "2024-06-30T00:00:00",
      "quarter_label": "2024-06 (Q2)",
      "revenue": 247481000,
      "gross_profit": null,
      "operating_income": null,
      "net_income": null,
      "opex": 211932000,
      "cogs": null,
      "rd": null,
      "sga": null,
      "fcf": 54793000,
      "ocf": 54793000,
      "capex": null,
      "gross_margin": null,
      "op_margin": null,
      "fcf_margin": 0.2214028551686796,
      "rev_growth_yoy": -0.10369342875354928,
      "rev_growth_yoy_accel": 0.004245595987355161,
      "op_leverage_ratio": 2.32064472059591,
      "fcf_margin_change": 0.04419279466197046
    },
    {
      "date": "2024-09-30T00:00:00",
      "quarter_label": "2024-09 (Q3)",
      "revenue": 226392000,
      "gross_profit": null,
      "operating_income": null,
      "net_income": null,
      "opex": 209994000,
      "cogs": null,
      "rd": null,
      "sga": null,
      "fcf": 46606000,
      "ocf": 46606000,
      "capex": null,
      "gross_margin": null,
      "op_margin": null,
      "fcf_margin": 0.20586416481147743,
      "rev_growth_yoy": -0.08602341542188131,
      "rev_growth_yoy_accel": 0.01767001333166797,
      "fcf_margin_change": -0.015538690357202178
    },
    {
      "date": "2024-12-31T00:00:00",
      "quarter_label": "2024-12 (Q4)",
      "revenue": 214770000,
      "gross_profit": null,
      "operating_income": null,
      "net_income": null,
      "opex": 205384000,
      "cogs": null,
      "rd": null,
      "sga": null,
      "fcf": 30493000,
      "ocf": 30493000,
      "capex": null,
      "gross_margin": null,
      "op_margin": null,
      "fcf_margin": 0.14197979233598734,
      "rev_growth_yoy": -0.020321587410195005,
      "rev_growth_yoy_accel": 0.06570182801168631,
      "fcf_margin_change": -0.06388437247549009
    },
    {
      "date": "2025-03-31T00:00:00",
      "quarter_label": "2025-03 (Q1)",
      "revenue": 234065000,
      "gross_profit": null,
      "operating_income": null,
      "net_income": null,
      "opex": 217594000,
      "cogs": null,
      "rd": null,
      "sga": null,
      "fcf": 32031000,
      "ocf": 32031000,
      "capex": null,
      "gross_margin": null,
      "op_margin": null,
      "fcf_margin": 0.13684660243949331,
      "rev_growth_yoy": 0.07781604855272004,
      "rev_growth_yoy_accel": 0.09813763596291504,
      "op_leverage_ratio": 1.5112005731365976,
      "fcf_margin_change": -0.005133189896494028
    },
    {
      "date": "2025-06-30T00:00:00",
      "quarter_label": "2025-06 (Q2)",
      "revenue": 259772000,
      "gross_profit": null,
      "operating_income": null,
      "net_income": null,
      "opex": 229346000,
      "cogs": null,
      "rd": null,
      "sga": null,
      "fcf": 58732000,
      "ocf": 58732000,
      "capex": null,
      "gross_margin": null,
      "op_margin": null,
      "fcf_margin": 0.22609057173213434,
      "rev_growth_yoy": 0.049664418682646344,
      "rev_growth_yoy_accel": -0.02815162987007369,
      "op_leverage_ratio": 2.0335275126850965,
      "fcf_margin_change": 0.08924396929264103
    },
    {
      "date": "2025-09-30T00:00:00",
      "quarter_label": "2025-09 (Q3)",
      "revenue": 229323000,
      "gross_profit": null,
      "operating_income": null,
      "net_income": null,
      "opex": 217432000,
      "cogs": null,
      "rd": null,
      "sga": null,
      "fcf": 54370000,
      "ocf": 54370000,
      "capex": null,
      "gross_margin": null,
      "op_margin": null,
      "fcf_margin": 0.23708917116904976,
      "rev_growth_yoy": 0.01294657055019612,
      "rev_growth_yoy_accel": -0.03671784813245022,
      "fcf_margin_change": 0.010998599436915418
    }
  ],
  "signals": [
    {
      "quarter": "2025-06 (Q2)",
      "signal": "FCF MARGIN EXPANSION",
      "detail": "FCF margin: +13.7% -> +22.6% (+8.9%)",
      "severity": "MEDIUM"
    },
    {
      "quarter": "2025-06 (Q2)",
      "signal": "OPERATING LEVERAGE",
      "detail": "Rev growth +11.0% vs OpEx growth +5.4% (leverage: 2.0x)",
      "severity": "MEDIUM"
    },
    {
      "quarter": "2025-03 (Q1)",
      "signal": "OPERATING LEVERAGE",
      "detail": "Rev growth +9.0% vs OpEx growth +5.9% (leverage: 1.5x)",
      "severity": "MEDIUM"
    },
    {
      "quarter": "2025-03 (Q1)",
      "signal": "YoY REVENUE GROWTH ACCELERATION",
      "detail": "YoY growth: +7.8% vs prior quarter YoY: -2.0% (accel: +9.8%)",
      "severity": "MEDIUM"
    },
    {
      "quarter": "2024-12 (Q4)",
      "signal": "YoY REVENUE GROWTH ACCELERATION",
      "detail": "YoY growth: -2.0% vs prior quarter YoY: -8.6% (accel: +6.6%)",
      "severity": "MEDIUM"
    },
    {
      "quarter": "2024-06 (Q2)",
      "signal": "OPERATING LEVERAGE",
      "detail": "Rev growth +14.0% vs OpEx growth +6.0% (leverage: 2.3x)",
      "severity": "MEDIUM"
    },
    {
      "quarter": "2023-12 (Q4)",
      "signal": "YoY REVENUE GROWTH DECELERATION",
      "detail": "YoY growth: -10.2% vs prior quarter YoY: +1.4% (decel: -11.6%)",
      "severity": "WARNING"
    },
    {
      "quarter": "2023-09 (Q3)",
      "signal": "YoY REVENUE GROWTH DECELERATION",
      "detail": "YoY growth: +1.4% vs prior quarter YoY: +9.9% (decel: -8.5%)",
      "severity": "WARNING"
    },
    {
      "quarter": "2023-06 (Q2)",
      "signal": "OPERATING LEVERAGE",
      "detail": "Rev growth +13.4% vs OpEx growth +4.1% (leverage: 3.3x)",
      "severity": "MEDIUM"
    },
    {
      "quarter": "2023-06 (Q2)",
      "signal": "YoY REVENUE GROWTH DECELERATION",
      "detail": "YoY growth: +9.9% vs prior quarter YoY: +41.3% (decel: -31.4%)",
      "severity": "WARNING"
    },
    {
      "quarter": "2022-12 (Q4)",
      "signal": "YoY REVENUE GROWTH DECELERATION",
      "detail": "YoY growth: +40.4% vs prior quarter YoY: +45.9% (decel: -5.5%)",
      "severity": "WARNING"
    },
    {
      "quarter": "2022-09 (Q3)",
      "signal": "YoY REVENUE GROWTH DECELERATION",
      "detail": "YoY growth: +45.9% vs prior quarter YoY: +114.4% (decel: -68.5%)",
      "severity": "WARNING"
    },
    {
      "quarter": "2022-06 (Q2)",
      "signal": "FCF MARGIN EXPANSION",
      "detail": "FCF margin: +7.6% -> +30.8% (+23.2%)",
      "severity": "MEDIUM"
    },
    {
      "quarter": "2022-06 (Q2)",
      "signal": "OPERATING LEVERAGE",
      "detail": "Rev growth +45.8% vs OpEx growth +16.0% (leverage: 2.9x)",
      "severity": "MEDIUM"
    },
    {
      "quarter": "2022-06 (Q2)",
      "signal": "YoY REVENUE GROWTH DECELERATION",
      "detail": "YoY growth: +114.4% vs prior quarter YoY: +240.3% (decel: -125.9%)",
      "severity": "WARNING"
    },
    {
      "quarter": "2022-03 (Q1)",
      "signal": "YoY REVENUE GROWTH DECELERATION",
      "detail": "YoY growth: +240.3% vs prior quarter YoY: +365.4% (decel: -125.1%)",
      "severity": "WARNING"
    },
    {
      "quarter": "2021-06 (Q2)",
      "signal": "FCF TURNED POSITIVE",
      "detail": "FCF margin: -75.4% -> +20.7%",
      "severity": "HIGH"
    },
    {
      "quarter": "2021-06 (Q2)",
      "signal": "OPERATING LEVERAGE",
      "detail": "Rev growth +131.5% vs OpEx growth +39.8% (leverage: 3.3x)",
      "severity": "MEDIUM"
    }
  ],
  "data_quality": {
    "n_quarters": 20,
    "coverage": {
      "revenue": [
        20,
        20
      ],
      "gross_profit": [
        0,
        20
      ],
      "op_income": [
        1,
        20
      ],
      "fcf": [
        20,
        20
      ]
    },
    "gaps": [],
    "warnings": [
      "gross_profit: no data",
      "op_income: 1/20Q"
    ]
  },
  "market_cap": null,
  "source": "SEC EDGAR",
  "last_updated": "2026-02-02T21:43:42.318444"
}