{
  "ticker": "SHOO",
  "name": "STEVEN MADDEN, LTD.",
  "quarters": [
    {
      "date": "2020-12-31T00:00:00",
      "quarter_label": "2020-12 (Q4)",
      "revenue": 352967000,
      "gross_profit": 135312000,
      "operating_income": 21343000,
      "net_income": 22591000,
      "opex": 75329000,
      "cogs": 217655000,
      "rd": null,
      "sga": null,
      "fcf": 42533000,
      "ocf": 43599000,
      "capex": -1066000,
      "gross_margin": 0.3833559511229095,
      "op_margin": 0.06046740913456499,
      "fcf_margin": 0.12050134998455947
    },
    {
      "date": "2021-03-31T00:00:00",
      "quarter_label": "2021-03 (Q1)",
      "revenue": 361025000,
      "gross_profit": 139104000,
      "operating_income": 28044000,
      "net_income": null,
      "opex": 110448000,
      "cogs": 221921000,
      "rd": null,
      "sga": null,
      "fcf": 3444000,
      "ocf": 5042000,
      "capex": -1598000,
      "gross_margin": 0.3853029568589433,
      "op_margin": 0.0776788311058791,
      "fcf_margin": 0.009539505574406205,
      "op_leverage_ratio": 0.04896809628718656,
      "fcf_margin_change": -0.11096184441015326
    },
    {
      "date": "2021-06-30T00:00:00",
      "quarter_label": "2021-06 (Q2)",
      "revenue": 397894000,
      "gross_profit": 170055000,
      "operating_income": 47718000,
      "net_income": null,
      "opex": 121860000,
      "cogs": 227839000,
      "rd": null,
      "sga": null,
      "fcf": 85698000,
      "ocf": 86881000,
      "capex": -1183000,
      "gross_margin": 0.42738769622060147,
      "op_margin": 0.11992641256213966,
      "fcf_margin": 0.21537897027851638,
      "op_leverage_ratio": 0.9883714109647064,
      "fcf_margin_change": 0.2058394647041102
    },
    {
      "date": "2021-09-30T00:00:00",
      "quarter_label": "2021-09 (Q3)",
      "revenue": 528742000,
      "gross_profit": 219998000,
      "operating_income": 88418000,
      "net_income": null,
      "opex": 131580000,
      "cogs": 308744000,
      "rd": null,
      "sga": null,
      "fcf": 2445000,
      "ocf": 4261000,
      "capex": -1816000,
      "gross_margin": 0.4160781628847339,
      "op_margin": 0.16722333387550073,
      "fcf_margin": 0.004624183439182058,
      "op_leverage_ratio": 4.122822214514977,
      "fcf_margin_change": -0.21075478683933432
    },
    {
      "date": "2021-12-31T00:00:00",
      "quarter_label": "2021-12 (Q4)",
      "revenue": 578481000,
      "gross_profit": 238340000,
      "operating_income": 79417000,
      "net_income": null,
      "opex": 158923000,
      "cogs": 340141000,
      "rd": null,
      "sga": null,
      "fcf": 61270000,
      "ocf": 63279000,
      "capex": -2009000,
      "gross_margin": 0.41201007466105194,
      "op_margin": 0.13728540781806145,
      "fcf_margin": 0.10591531960427396,
      "incr_op_margin_yoy": 0.2575183802335997,
      "rev_growth_yoy": 0.6389095864485915,
      "op_leverage_ratio": 0.4526858918220477,
      "fcf_margin_change": 0.1012911361650919
    },
    {
      "date": "2022-03-31T00:00:00",
      "quarter_label": "2022-03 (Q1)",
      "revenue": 559734000,
      "gross_profit": 227898000,
      "operating_income": 97896000,
      "net_income": null,
      "opex": 130002000,
      "cogs": 331836000,
      "rd": null,
      "sga": null,
      "fcf": -23042000,
      "ocf": -19446000,
      "capex": -3596000,
      "gross_margin": 0.4071541124891466,
      "op_margin": 0.1748973619612173,
      "fcf_margin": -0.04116598241307478,
      "incr_op_margin_yoy": 0.35152912047265095,
      "rev_growth_yoy": 0.5504023267086767,
      "rev_growth_yoy_accel": -0.0885072597399148,
      "fcf_margin_change": -0.14708130201734873
    },
    {
      "date": "2022-06-30T00:00:00",
      "quarter_label": "2022-06 (Q2)",
      "revenue": 534989000,
      "gross_profit": 217765000,
      "operating_income": 65239000,
      "net_income": null,
      "opex": 152526000,
      "cogs": 317224000,
      "rd": null,
      "sga": null,
      "fcf": 58065000,
      "ocf": 59732000,
      "capex": -1667000,
      "gross_margin": 0.4070457523425715,
      "op_margin": 0.12194456334616226,
      "fcf_margin": 0.10853494183992568,
      "incr_op_margin_yoy": 0.12780188920091906,
      "rev_growth_yoy": 0.34455156398437775,
      "rev_growth_yoy_accel": -0.20585076272429897,
      "fcf_margin_change": 0.14970092425300047
    },
    {
      "date": "2022-09-30T00:00:00",
      "quarter_label": "2022-09 (Q3)",
      "revenue": 556643000,
      "gross_profit": 229476000,
      "operating_income": 78752000,
      "net_income": null,
      "opex": 150724000,
      "cogs": 327167000,
      "rd": null,
      "sga": null,
      "fcf": 21609000,
      "ocf": 26461000,
      "capex": -4852000,
      "gross_margin": 0.4122498621198865,
      "op_margin": 0.14147667355917526,
      "fcf_margin": 0.03882021331445828,
      "incr_op_margin_yoy": -0.34643919572775167,
      "rev_growth_yoy": 0.05276864709064156,
      "rev_growth_yoy_accel": -0.2917829168937362,
      "op_leverage_ratio": Infinity,
      "fcf_margin_change": -0.0697147285254674
    },
    {
      "date": "2022-12-31T00:00:00",
      "quarter_label": "2022-12 (Q4)",
      "revenue": 470643000,
      "gross_profit": 198697000,
      "operating_income": 39757000,
      "net_income": null,
      "opex": 158940000,
      "cogs": 271946000,
      "rd": null,
      "sga": null,
      "fcf": 194900000,
      "ocf": 201136000,
      "capex": -6236000,
      "gross_margin": 0.42218199357049824,
      "op_margin": 0.0844737943621811,
      "fcf_margin": 0.4141143074474708,
      "incr_op_margin_yoy": 0.3677738830467924,
      "rev_growth_yoy": -0.18641580276621011,
      "rev_growth_yoy_accel": -0.23918444985685167,
      "fcf_margin_change": 0.3752940941330125
    },
    {
      "date": "2023-03-31T00:00:00",
      "quarter_label": "2023-03 (Q1)",
      "revenue": 463834000,
      "gross_profit": 195092000,
      "operating_income": 46511000,
      "net_income": null,
      "opex": 148581000,
      "cogs": 268742000,
      "rd": null,
      "sga": null,
      "fcf": -17066000,
      "ocf": -13275000,
      "capex": -3791000,
      "gross_margin": 0.4206073724651492,
      "op_margin": 0.10027509841883088,
      "fcf_margin": -0.03679333554676889,
      "incr_op_margin_yoy": 0.5358185610010427,
      "rev_growth_yoy": -0.17133138240664317,
      "rev_growth_yoy_accel": 0.015084420359566947,
      "fcf_margin_change": -0.4509076429942397
    },
    {
      "date": "2023-06-30T00:00:00",
      "quarter_label": "2023-06 (Q2)",
      "revenue": 445302000,
      "gross_profit": 189870000,
      "operating_income": 44040000,
      "net_income": null,
      "opex": 145830000,
      "cogs": 255432000,
      "rd": null,
      "sga": null,
      "fcf": 91529000,
      "ocf": 95532000,
      "capex": -4003000,
      "gross_margin": 0.42638479054664025,
      "op_margin": 0.09889917404368272,
      "fcf_margin": 0.20554365352053214,
      "incr_op_margin_yoy": 0.2363664745169311,
      "rev_growth_yoy": -0.1676426991956844,
      "rev_growth_yoy_accel": 0.0036886832109587764,
      "fcf_margin_change": 0.24233698906730103
    },
    {
      "date": "2023-09-30T00:00:00",
      "quarter_label": "2023-09 (Q3)",
      "revenue": 552732000,
      "gross_profit": 232625000,
      "operating_income": 82738000,
      "net_income": null,
      "opex": 149887000,
      "cogs": 320107000,
      "rd": null,
      "sga": null,
      "fcf": -10607000,
      "ocf": -4501000,
      "capex": -6106000,
      "gross_margin": 0.42086399918948064,
      "op_margin": 0.1496891802899054,
      "fcf_margin": -0.01919013192650326,
      "incr_op_margin_yoy": -1.0191766811557146,
      "rev_growth_yoy": -0.007026047215181005,
      "rev_growth_yoy_accel": 0.1606166519805034,
      "op_leverage_ratio": 8.671870786520268,
      "fcf_margin_change": -0.2247337854470354
    },
    {
      "date": "2023-12-31T00:00:00",
      "quarter_label": "2023-12 (Q4)",
      "revenue": 519714000,
      "gross_profit": 214827000,
      "operating_income": 39933000,
      "net_income": null,
      "opex": 174894000,
      "cogs": 304887000,
      "rd": null,
      "sga": null,
      "fcf": 145910000,
      "ocf": 151481000,
      "capex": -5571000,
      "gross_margin": 0.4133561920594789,
      "op_margin": 0.07683649083919232,
      "fcf_margin": 0.28075056665781567,
      "incr_op_margin_yoy": 0.003586639766868415,
      "rev_growth_yoy": 0.10426374130710539,
      "rev_growth_yoy_accel": 0.1112897885222864,
      "fcf_margin_change": 0.29994069858431893
    },
    {
      "date": "2024-03-31T00:00:00",
      "quarter_label": "2024-03 (Q1)",
      "revenue": 552381000,
      "gross_profit": 224815000,
      "operating_income": 56746000,
      "net_income": null,
      "opex": 168069000,
      "cogs": 327566000,
      "rd": null,
      "sga": null,
      "fcf": -19684000,
      "ocf": -15705000,
      "capex": -3979000,
      "gross_margin": 0.40699263732822094,
      "op_margin": 0.10272981873018804,
      "fcf_margin": -0.035634824514239265,
      "incr_op_margin_yoy": 0.11558833162049532,
      "rev_growth_yoy": 0.19090234868508993,
      "rev_growth_yoy_accel": 0.08663860737798454,
      "op_leverage_ratio": Infinity,
      "fcf_margin_change": -0.31638539117205494
    },
    {
      "date": "2024-06-30T00:00:00",
      "quarter_label": "2024-06 (Q2)",
      "revenue": 523553000,
      "gross_profit": 217129000,
      "operating_income": 46870000,
      "net_income": null,
      "opex": 170259000,
      "cogs": 306424000,
      "rd": null,
      "sga": null,
      "fcf": 104212000,
      "ocf": 109506000,
      "capex": -5294000,
      "gross_margin": 0.41472210072332694,
      "op_margin": 0.0895229327307837,
      "fcf_margin": 0.19904766088629042,
      "incr_op_margin_yoy": 0.03616567200419164,
      "rev_growth_yoy": 0.17572568728638094,
      "rev_growth_yoy_accel": -0.01517666139870899,
      "fcf_margin_change": 0.2346824854005297
    },
    {
      "date": "2024-09-30T00:00:00",
      "quarter_label": "2024-09 (Q3)",
      "revenue": 624675000,
      "gross_profit": 259544000,
      "operating_income": 74578000,
      "net_income": 55278000,
      "opex": 184966000,
      "cogs": 365131000,
      "rd": null,
      "sga": null,
      "fcf": -6926000,
      "ocf": 444000,
      "capex": -7370000,
      "gross_margin": 0.4154864529555369,
      "op_margin": 0.11938688117821267,
      "fcf_margin": -0.011087365430023612,
      "incr_op_margin_yoy": -0.11342312664192486,
      "rev_growth_yoy": 0.13015891969345,
      "rev_growth_yoy_accel": -0.045566767592930935,
      "op_leverage_ratio": 2.2359958023894717,
      "fcf_margin_change": -0.21013502631631403
    },
    {
      "date": "2024-12-31T00:00:00",
      "quarter_label": "2024-12 (Q4)",
      "revenue": 582318000,
      "gross_profit": 235444000,
      "operating_income": 46745000,
      "net_income": null,
      "opex": 188699000,
      "cogs": 346874000,
      "rd": null,
      "sga": null,
      "fcf": 94582000,
      "ocf": 103851000,
      "capex": -9269000,
      "gross_margin": 0.40432203710000375,
      "op_margin": 0.0802740083596935,
      "fcf_margin": 0.16242328075038037,
      "incr_op_margin_yoy": 0.10881093859817265,
      "rev_growth_yoy": 0.12045855990025284,
      "rev_growth_yoy_accel": -0.009700359793197166,
      "fcf_margin_change": 0.173510646180404
    },
    {
      "date": "2025-03-31T00:00:00",
      "quarter_label": "2025-03 (Q1)",
      "revenue": 553534000,
      "gross_profit": 226267000,
      "operating_income": 53499000,
      "net_income": null,
      "opex": 172768000,
      "cogs": 327267000,
      "rd": null,
      "sga": null,
      "fcf": -28679000,
      "ocf": -18832000,
      "capex": -9847000,
      "gross_margin": 0.4087680250896964,
      "op_margin": 0.09664988961834323,
      "fcf_margin": -0.05181072888024945,
      "incr_op_margin_yoy": -2.816131830008673,
      "rev_growth_yoy": 0.002087327406264879,
      "rev_growth_yoy_accel": -0.11837123249398795,
      "fcf_margin_change": -0.21423400963062983
    },
    {
      "date": "2025-06-30T00:00:00",
      "quarter_label": "2025-06 (Q2)",
      "revenue": 559000000,
      "gross_profit": 226027000,
      "operating_income": -40258000,
      "net_income": null,
      "opex": 266285000,
      "cogs": 332973000,
      "rd": null,
      "sga": null,
      "fcf": 58798000,
      "ocf": 66467000,
      "capex": -7669000,
      "gross_margin": 0.4043416815742397,
      "op_margin": -0.07201788908765654,
      "fcf_margin": 0.10518425760286225,
      "incr_op_margin_yoy": -2.457979518718086,
      "rev_growth_yoy": 0.06770470229375058,
      "rev_growth_yoy_accel": 0.0656173748874857,
      "fcf_margin_change": 0.1569949864831117
    },
    {
      "date": "2025-09-30T00:00:00",
      "quarter_label": "2025-09 (Q3)",
      "revenue": 667875000,
      "gross_profit": 277375000,
      "operating_income": 31358000,
      "net_income": 20528000,
      "opex": 246017000,
      "cogs": 390500000,
      "rd": null,
      "sga": null,
      "fcf": 8615000,
      "ocf": 23437000,
      "capex": -14822000,
      "gross_margin": 0.41530975107617446,
      "op_margin": 0.04695189968182669,
      "fcf_margin": 0.01289912034437582,
      "incr_op_margin_yoy": -1.0004629629629629,
      "rev_growth_yoy": 0.06915596109977189,
      "rev_growth_yoy_accel": 0.0014512588060213022,
      "op_leverage_ratio": Infinity,
      "fcf_margin_change": -0.09228513725848643
    }
  ],
  "signals": [
    {
      "quarter": "2025-09 (Q3)",
      "signal": "OP MARGIN TURNED POSITIVE (QoQ)",
      "detail": "Op margin: -7.2% -> +4.7%",
      "severity": "HIGH"
    },
    {
      "quarter": "2025-06 (Q2)",
      "signal": "FCF TURNED POSITIVE",
      "detail": "FCF margin: -5.2% -> +10.5%",
      "severity": "HIGH"
    },
    {
      "quarter": "2025-06 (Q2)",
      "signal": "YoY REVENUE GROWTH ACCELERATION",
      "detail": "YoY growth: +6.8% vs prior quarter YoY: +0.2% (accel: +6.6%)",
      "severity": "MEDIUM"
    },
    {
      "quarter": "2025-03 (Q1)",
      "signal": "YoY REVENUE GROWTH DECELERATION",
      "detail": "YoY growth: +0.2% vs prior quarter YoY: +12.0% (decel: -11.8%)",
      "severity": "WARNING"
    },
    {
      "quarter": "2024-12 (Q4)",
      "signal": "FCF TURNED POSITIVE",
      "detail": "FCF margin: -1.1% -> +16.2%",
      "severity": "HIGH"
    },
    {
      "quarter": "2024-09 (Q3)",
      "signal": "OPERATING LEVERAGE",
      "detail": "Rev growth +19.3% vs OpEx growth +8.6% (leverage: 2.2x)",
      "severity": "MEDIUM"
    },
    {
      "quarter": "2024-06 (Q2)",
      "signal": "FCF TURNED POSITIVE",
      "detail": "FCF margin: -3.6% -> +19.9%",
      "severity": "HIGH"
    },
    {
      "quarter": "2024-03 (Q1)",
      "signal": "YoY REVENUE GROWTH ACCELERATION",
      "detail": "YoY growth: +19.1% vs prior quarter YoY: +10.4% (accel: +8.7%)",
      "severity": "MEDIUM"
    },
    {
      "quarter": "2023-12 (Q4)",
      "signal": "FCF TURNED POSITIVE",
      "detail": "FCF margin: -1.9% -> +28.1%",
      "severity": "HIGH"
    },
    {
      "quarter": "2023-12 (Q4)",
      "signal": "YoY REVENUE GROWTH ACCELERATION",
      "detail": "YoY growth: +10.4% vs prior quarter YoY: -0.7% (accel: +11.1%)",
      "severity": "MEDIUM"
    },
    {
      "quarter": "2023-09 (Q3)",
      "signal": "OPERATING LEVERAGE",
      "detail": "Rev growth +24.1% vs OpEx growth +2.8% (leverage: 8.7x)",
      "severity": "MEDIUM"
    },
    {
      "quarter": "2023-09 (Q3)",
      "signal": "YoY REVENUE GROWTH ACCELERATION",
      "detail": "YoY growth: -0.7% vs prior quarter YoY: -16.8% (accel: +16.1%)",
      "severity": "HIGH"
    },
    {
      "quarter": "2023-06 (Q2)",
      "signal": "FCF TURNED POSITIVE",
      "detail": "FCF margin: -3.7% -> +20.6%",
      "severity": "HIGH"
    },
    {
      "quarter": "2023-06 (Q2)",
      "signal": "INCREMENTAL MARGIN (YoY)",
      "detail": "YoY Incr OPM: +23.6% vs year-ago OPM: +12.2%",
      "severity": "MEDIUM"
    },
    {
      "quarter": "2023-03 (Q1)",
      "signal": "INCREMENTAL MARGIN (YoY)",
      "detail": "YoY Incr OPM: +53.6% vs year-ago OPM: +17.5%",
      "severity": "HIGH"
    },
    {
      "quarter": "2022-12 (Q4)",
      "signal": "FCF MARGIN EXPANSION",
      "detail": "FCF margin: +3.9% -> +41.4% (+37.5%)",
      "severity": "MEDIUM"
    },
    {
      "quarter": "2022-12 (Q4)",
      "signal": "YoY REVENUE GROWTH DECELERATION",
      "detail": "YoY growth: -18.6% vs prior quarter YoY: +5.3% (decel: -23.9%)",
      "severity": "WARNING"
    },
    {
      "quarter": "2022-12 (Q4)",
      "signal": "INCREMENTAL MARGIN (YoY)",
      "detail": "YoY Incr OPM: +36.8% vs year-ago OPM: +13.7%",
      "severity": "HIGH"
    },
    {
      "quarter": "2022-09 (Q3)",
      "signal": "YoY REVENUE GROWTH DECELERATION",
      "detail": "YoY growth: +5.3% vs prior quarter YoY: +34.5% (decel: -29.2%)",
      "severity": "WARNING"
    },
    {
      "quarter": "2022-06 (Q2)",
      "signal": "FCF TURNED POSITIVE",
      "detail": "FCF margin: -4.1% -> +10.9%",
      "severity": "HIGH"
    },
    {
      "quarter": "2022-06 (Q2)",
      "signal": "YoY REVENUE GROWTH DECELERATION",
      "detail": "YoY growth: +34.5% vs prior quarter YoY: +55.0% (decel: -20.6%)",
      "severity": "WARNING"
    },
    {
      "quarter": "2022-03 (Q1)",
      "signal": "YoY REVENUE GROWTH DECELERATION",
      "detail": "YoY growth: +55.0% vs prior quarter YoY: +63.9% (decel: -8.9%)",
      "severity": "WARNING"
    },
    {
      "quarter": "2022-03 (Q1)",
      "signal": "INCREMENTAL MARGIN (YoY)",
      "detail": "YoY Incr OPM: +35.2% vs year-ago OPM: +7.8%",
      "severity": "HIGH"
    },
    {
      "quarter": "2021-12 (Q4)",
      "signal": "FCF MARGIN EXPANSION",
      "detail": "FCF margin: +0.5% -> +10.6% (+10.1%)",
      "severity": "MEDIUM"
    },
    {
      "quarter": "2021-12 (Q4)",
      "signal": "INCREMENTAL MARGIN (YoY)",
      "detail": "YoY Incr OPM: +25.8% vs year-ago OPM: +6.0%",
      "severity": "MEDIUM"
    },
    {
      "quarter": "2021-09 (Q3)",
      "signal": "OPERATING LEVERAGE",
      "detail": "Rev growth +32.9% vs OpEx growth +8.0% (leverage: 4.1x)",
      "severity": "MEDIUM"
    },
    {
      "quarter": "2021-06 (Q2)",
      "signal": "FCF MARGIN EXPANSION",
      "detail": "FCF margin: +1.0% -> +21.5% (+20.6%)",
      "severity": "MEDIUM"
    }
  ],
  "data_quality": {
    "n_quarters": 20,
    "coverage": {
      "revenue": [
        20,
        20
      ],
      "gross_profit": [
        20,
        20
      ],
      "op_income": [
        20,
        20
      ],
      "fcf": [
        20,
        20
      ]
    },
    "gaps": [],
    "warnings": []
  },
  "market_cap": null,
  "source": "SEC EDGAR",
  "last_updated": "2026-02-02T21:20:19.515103"
}