{
  "ticker": "SHOP",
  "name": "Shopify Inc.",
  "sector": "Technology",
  "industry": "Software - Application",
  "quarters": [
    {
      "date": "2024-03-31T00:00:00",
      "quarter_label": "2024-03 (Q1)",
      "revenue": 1861000000,
      "gross_profit": 957000000,
      "operating_income": 86000000,
      "net_income": -273000000,
      "opex": 871000000,
      "cogs": 904000000,
      "rd": 335000000,
      "sga": null,
      "fcf": 232000000,
      "ocf": 238000000,
      "capex": -6000000,
      "gross_margin": 0.5142396560988716,
      "op_margin": 0.046211714132187,
      "fcf_margin": 0.1246641590542719
    },
    {
      "date": "2024-06-30T00:00:00",
      "quarter_label": "2024-06 (Q2)",
      "revenue": 2045000000,
      "gross_profit": 1045000000,
      "operating_income": 241000000,
      "net_income": 171000000,
      "opex": 804000000,
      "cogs": 1000000000,
      "rd": 349000000,
      "sga": null,
      "fcf": 333000000,
      "ocf": 340000000,
      "capex": -7000000,
      "gross_margin": 0.511002444987775,
      "op_margin": 0.1178484107579462,
      "fcf_margin": 0.16283618581907092,
      "op_leverage_ratio": null,
      "fcf_margin_change": 0.038172026764799014
    },
    {
      "date": "2024-09-30T00:00:00",
      "quarter_label": "2024-09 (Q3)",
      "revenue": 2162000000,
      "gross_profit": 1118000000,
      "operating_income": 283000000,
      "net_income": 828000000,
      "opex": 835000000,
      "cogs": 1044000000,
      "rd": 332000000,
      "sga": null,
      "fcf": 421000000,
      "ocf": 423000000,
      "capex": -2000000,
      "gross_margin": 0.517113783533765,
      "op_margin": 0.13089731729879742,
      "fcf_margin": 0.19472710453283995,
      "op_leverage_ratio": 1.48383941951258,
      "fcf_margin_change": 0.031890918713769034
    },
    {
      "date": "2024-12-31T00:00:00",
      "quarter_label": "2024-12 (Q4)",
      "revenue": 2812000000,
      "gross_profit": 1352000000,
      "operating_income": 465000000,
      "net_income": 1293000000,
      "opex": 887000000,
      "cogs": 1460000000,
      "rd": 351000000,
      "sga": null,
      "fcf": 611000000,
      "ocf": 615000000,
      "capex": -4000000,
      "gross_margin": 0.48079658605974396,
      "op_margin": 0.16536273115220484,
      "fcf_margin": 0.21728307254623044,
      "op_leverage_ratio": 4.827705827937095,
      "fcf_margin_change": 0.022555968013390493
    },
    {
      "date": "2025-03-31T00:00:00",
      "quarter_label": "2025-03 (Q1)",
      "revenue": 2360000000,
      "gross_profit": 1169000000,
      "operating_income": 203000000,
      "net_income": -682000000,
      "opex": 966000000,
      "cogs": 1191000000,
      "rd": 377000000,
      "sga": null,
      "fcf": 363000000,
      "ocf": 367000000,
      "capex": -4000000,
      "gross_margin": 0.49533898305084745,
      "op_margin": 0.08601694915254238,
      "fcf_margin": 0.1538135593220339,
      "incr_op_margin_yoy": 0.23446893787575152,
      "rev_growth_yoy": 0.2681354110693176,
      "fcf_margin_change": -0.06346951322419656
    },
    {
      "date": "2025-06-30T00:00:00",
      "quarter_label": "2025-06 (Q2)",
      "revenue": 2680000000,
      "gross_profit": 1302000000,
      "operating_income": 291000000,
      "net_income": 906000000,
      "opex": 1011000000,
      "cogs": 1378000000,
      "rd": 394000000,
      "sga": null,
      "fcf": 422000000,
      "ocf": 428000000,
      "capex": -6000000,
      "gross_margin": 0.48582089552238805,
      "op_margin": 0.1085820895522388,
      "fcf_margin": 0.15746268656716417,
      "incr_op_margin_yoy": 0.07874015748031496,
      "rev_growth_yoy": 0.3105134474327628,
      "rev_growth_yoy_accel": 0.042378036363445226,
      "op_leverage_ratio": 2.910734463276836,
      "fcf_margin_change": 0.003649127245130279
    },
    {
      "date": "2025-09-30T00:00:00",
      "quarter_label": "2025-09 (Q3)",
      "revenue": 2844000000,
      "gross_profit": 1391000000,
      "operating_income": 343000000,
      "net_income": 264000000,
      "opex": 1048000000,
      "cogs": 1453000000,
      "rd": 375000000,
      "sga": null,
      "fcf": 507000000,
      "ocf": 513000000,
      "capex": -6000000,
      "gross_margin": 0.4890998593530239,
      "op_margin": 0.12060478199718706,
      "fcf_margin": 0.17827004219409281,
      "incr_op_margin_yoy": 0.08797653958944282,
      "rev_growth_yoy": 0.3154486586493987,
      "rev_growth_yoy_accel": 0.004935211216635871,
      "op_leverage_ratio": 1.6720855183541752,
      "fcf_margin_change": 0.020807355626928647
    },
    {
      "date": "2025-12-31T00:00:00",
      "quarter_label": "2025-12 (Q4)",
      "revenue": 3672000000,
      "gross_profit": 1693000000,
      "operating_income": 631000000,
      "net_income": 743000000,
      "opex": 1062000000,
      "cogs": 1979000000,
      "rd": 390000000,
      "sga": null,
      "fcf": 715000000,
      "ocf": 725000000,
      "capex": -10000000,
      "gross_margin": 0.4610566448801743,
      "op_margin": 0.17184095860566448,
      "fcf_margin": 0.19471677559912853,
      "incr_op_margin_yoy": 0.1930232558139535,
      "rev_growth_yoy": 0.3058321479374111,
      "rev_growth_yoy_accel": -0.009616510711987603,
      "op_leverage_ratio": 21.793851717902353,
      "fcf_margin_change": 0.01644673340503572
    }
  ],
  "signals": [
    {
      "quarter": "2025-12 (Q4)",
      "signal": "OPERATING LEVERAGE",
      "detail": "Rev growth +29.1% vs OpEx growth +1.3% (leverage: 21.8x)",
      "severity": "MEDIUM"
    },
    {
      "quarter": "2025-09 (Q3)",
      "signal": "OPERATING LEVERAGE",
      "detail": "Rev growth +6.1% vs OpEx growth +3.7% (leverage: 1.7x)",
      "severity": "MEDIUM"
    },
    {
      "quarter": "2025-06 (Q2)",
      "signal": "OPERATING LEVERAGE",
      "detail": "Rev growth +13.6% vs OpEx growth +4.7% (leverage: 2.9x)",
      "severity": "MEDIUM"
    },
    {
      "quarter": "2025-03 (Q1)",
      "signal": "INCREMENTAL MARGIN (YoY)",
      "detail": "YoY Incr OPM: +23.4% vs year-ago OPM: +4.6%",
      "severity": "MEDIUM"
    },
    {
      "quarter": "2024-12 (Q4)",
      "signal": "OPERATING LEVERAGE",
      "detail": "Rev growth +30.1% vs OpEx growth +6.2% (leverage: 4.8x)",
      "severity": "MEDIUM"
    }
  ],
  "data_quality": {
    "n_quarters": 8,
    "coverage": {
      "revenue": [
        8,
        8
      ],
      "gross_profit": [
        8,
        8
      ],
      "op_income": [
        8,
        8
      ],
      "fcf": [
        8,
        8
      ]
    },
    "gaps": [],
    "warnings": []
  },
  "market_cap": null,
  "source": "SEC EDGAR",
  "last_updated": "2026-02-13T11:44:06.201226"
}