{
  "ticker": "SHW",
  "name": "THE SHERWIN-WILLIAMS COMPANY",
  "sector": "Basic Materials",
  "industry": "Specialty Chemicals",
  "quarters": [
    {
      "date": "2021-03-31T00:00:00",
      "quarter_label": "2021-03 (Q1)",
      "revenue": 4656000000,
      "gross_profit": 2112000000,
      "operating_income": 767500000,
      "net_income": 409600000,
      "opex": 1344500000,
      "cogs": 2544000000,
      "rd": null,
      "sga": 1325900000,
      "fcf": 195700000,
      "ocf": 195700000,
      "capex": null,
      "gross_margin": 0.4536082474226804,
      "op_margin": 0.16484106529209622,
      "fcf_margin": 0.04203178694158076
    },
    {
      "date": "2021-06-30T00:00:00",
      "quarter_label": "2021-06 (Q2)",
      "revenue": 5379800000,
      "gross_profit": 2411400000,
      "operating_income": 994900000,
      "net_income": 648600000,
      "opex": 1416500000,
      "cogs": 2968400000,
      "rd": null,
      "sga": 1437800000,
      "fcf": 1005600000,
      "ocf": 1005600000,
      "capex": null,
      "gross_margin": 0.448232276292799,
      "op_margin": 0.18493252537269045,
      "fcf_margin": 0.18692144689393658,
      "op_leverage_ratio": 2.902912311473845,
      "fcf_margin_change": 0.1448896599523558
    },
    {
      "date": "2021-09-30T00:00:00",
      "quarter_label": "2021-09 (Q3)",
      "revenue": 5146700000,
      "gross_profit": 2139600000,
      "operating_income": 817700000,
      "net_income": 502200000,
      "opex": 1321900000,
      "cogs": 3007100000,
      "rd": null,
      "sga": 1368900000,
      "fcf": 849400000,
      "ocf": 849400000,
      "capex": null,
      "gross_margin": 0.4157226960965279,
      "op_margin": 0.1588785046728972,
      "fcf_margin": 0.1650377912060155,
      "fcf_margin_change": -0.021883655687921083
    },
    {
      "date": "2021-12-31T00:00:00",
      "quarter_label": "2021-12 (Q4)",
      "revenue": 4762100000,
      "gross_profit": 1879700000,
      "operating_income": 503600000,
      "net_income": 304000000,
      "opex": 1376100000,
      "cogs": 2882400000,
      "rd": null,
      "sga": 1439900000,
      "fcf": 193900000,
      "ocf": 193900000,
      "capex": null,
      "gross_margin": 0.3947208164465257,
      "op_margin": 0.10575166418176855,
      "fcf_margin": 0.040717330589445835,
      "fcf_margin_change": -0.12432046061656966
    },
    {
      "date": "2022-03-31T00:00:00",
      "quarter_label": "2022-03 (Q1)",
      "revenue": 4998700000,
      "gross_profit": 2052900000,
      "operating_income": 654800000,
      "net_income": 370800000,
      "opex": 1398100000,
      "cogs": 2945800000,
      "rd": null,
      "sga": 1407500000,
      "fcf": 26300000,
      "ocf": 26300000,
      "capex": null,
      "gross_margin": 0.41068677856242625,
      "op_margin": 0.13099405845519835,
      "fcf_margin": 0.0052613679556684735,
      "incr_op_margin_yoy": -0.3288590604026846,
      "rev_growth_yoy": 0.07360395189003437,
      "op_leverage_ratio": 3.1077318829927973,
      "fcf_margin_change": -0.035455962633777365
    },
    {
      "date": "2022-06-30T00:00:00",
      "quarter_label": "2022-06 (Q2)",
      "revenue": 5872300000,
      "gross_profit": 2449000000,
      "operating_income": 960700000,
      "net_income": 577900000,
      "opex": 1488300000,
      "cogs": 3423300000,
      "rd": null,
      "sga": 1519100000,
      "fcf": 613400000,
      "ocf": 613400000,
      "capex": null,
      "gross_margin": 0.4170427260187661,
      "op_margin": 0.16359858999029342,
      "fcf_margin": 0.10445651618616215,
      "incr_op_margin_yoy": -0.06944162436548224,
      "rev_growth_yoy": 0.09154615413212387,
      "rev_growth_yoy_accel": 0.017942202242089506,
      "op_leverage_ratio": 2.7088643047192273,
      "fcf_margin_change": 0.09919514823049368
    },
    {
      "date": "2022-09-30T00:00:00",
      "quarter_label": "2022-09 (Q3)",
      "revenue": 6047400000,
      "gross_profit": 2589400000,
      "operating_income": 1095300000,
      "net_income": 685100000,
      "opex": 1494100000,
      "cogs": 3458000000,
      "rd": null,
      "sga": 1528600000,
      "fcf": 639200000,
      "ocf": 639200000,
      "capex": null,
      "gross_margin": 0.42818401296424907,
      "op_margin": 0.18111915864669115,
      "fcf_margin": 0.105698316631941,
      "incr_op_margin_yoy": 0.308204729654713,
      "rev_growth_yoy": 0.17500534322964229,
      "rev_growth_yoy_accel": 0.08345918909751841,
      "op_leverage_ratio": 7.651391072169925,
      "fcf_margin_change": 0.0012418004457788456
    },
    {
      "date": "2022-12-31T00:00:00",
      "quarter_label": "2022-12 (Q4)",
      "revenue": 5230500000,
      "gross_profit": 2233800000,
      "operating_income": 686400000,
      "net_income": 386300000,
      "opex": 1547400000,
      "cogs": 2996700000,
      "rd": null,
      "sga": 1559300000,
      "fcf": 641000000,
      "ocf": 641000000,
      "capex": null,
      "gross_margin": 0.42707198164611415,
      "op_margin": 0.13123028391167194,
      "fcf_margin": 0.12255042538954211,
      "incr_op_margin_yoy": 0.39026473099914605,
      "rev_growth_yoy": 0.0983599672413431,
      "rev_growth_yoy_accel": -0.07664537598829918,
      "fcf_margin_change": 0.01685210875760111
    },
    {
      "date": "2023-03-31T00:00:00",
      "quarter_label": "2023-03 (Q1)",
      "revenue": 5442400000,
      "gross_profit": 2420900000,
      "operating_income": 839400000,
      "net_income": 477400000,
      "opex": 1581500000,
      "cogs": 3021500000,
      "rd": null,
      "sga": 1693000000,
      "fcf": 88200000,
      "ocf": 88200000,
      "capex": null,
      "gross_margin": 0.444822137292371,
      "op_margin": 0.1542334264295164,
      "fcf_margin": 0.01620608555049243,
      "incr_op_margin_yoy": 0.41604687852152356,
      "rev_growth_yoy": 0.0887630784003841,
      "rev_growth_yoy_accel": -0.009596888840959009,
      "op_leverage_ratio": 1.8383828665668123,
      "fcf_margin_change": -0.10634433983904967
    },
    {
      "date": "2023-06-30T00:00:00",
      "quarter_label": "2023-06 (Q2)",
      "revenue": 6240600000,
      "gross_profit": 2872300000,
      "operating_income": 1232300000,
      "net_income": 793700000,
      "opex": 1640000000,
      "cogs": 3368300000,
      "rd": null,
      "sga": 1760000000,
      "fcf": 1206400000,
      "ocf": 1206400000,
      "capex": null,
      "gross_margin": 0.4602602313880076,
      "op_margin": 0.1974649873409608,
      "fcf_margin": 0.19331474537704707,
      "incr_op_margin_yoy": 0.7374423024708119,
      "rev_growth_yoy": 0.0627181853788124,
      "rev_growth_yoy_accel": -0.026044893021571702,
      "op_leverage_ratio": 3.96492152155095,
      "fcf_margin_change": 0.17710865982655463
    },
    {
      "date": "2023-09-30T00:00:00",
      "quarter_label": "2023-09 (Q3)",
      "revenue": 6116700000,
      "gross_profit": 2916200000,
      "operating_income": 1298800000,
      "net_income": 761500000,
      "opex": 1617400000,
      "cogs": 3200500000,
      "rd": null,
      "sga": 1756500000,
      "fcf": 1308700000,
      "ocf": 1308700000,
      "capex": null,
      "gross_margin": 0.4767603446302745,
      "op_margin": 0.21233671751107625,
      "fcf_margin": 0.21395523730115912,
      "incr_op_margin_yoy": 2.9365079365079363,
      "rev_growth_yoy": 0.01145947018553428,
      "rev_growth_yoy_accel": -0.05125871519327811,
      "fcf_margin_change": 0.020640491924112048
    },
    {
      "date": "2023-12-31T00:00:00",
      "quarter_label": "2023-12 (Q4)",
      "revenue": 5252200000,
      "gross_profit": 2548700000,
      "operating_income": 791200000,
      "net_income": 356200000,
      "opex": 1757500000,
      "cogs": 2703500000,
      "rd": null,
      "sga": 1855900000,
      "fcf": 918600000,
      "ocf": 918600000,
      "capex": null,
      "gross_margin": 0.48526331822855184,
      "op_margin": 0.15064163588591448,
      "fcf_margin": 0.174898137923156,
      "incr_op_margin_yoy": 4.829493087557604,
      "rev_growth_yoy": 0.004148742950004779,
      "rev_growth_yoy_accel": -0.007310727235529501,
      "fcf_margin_change": -0.03905709937800311
    },
    {
      "date": "2024-03-31T00:00:00",
      "quarter_label": "2024-03 (Q1)",
      "revenue": 5367300000,
      "gross_profit": 2531000000,
      "operating_income": 884300000,
      "net_income": 505200000,
      "opex": 1646700000,
      "cogs": 2836300000,
      "rd": null,
      "sga": 1799800000,
      "fcf": -58900000,
      "ocf": -58900000,
      "capex": null,
      "gross_margin": 0.4715592569820953,
      "op_margin": 0.16475695414826821,
      "fcf_margin": -0.010973860227674995,
      "incr_op_margin_yoy": -0.5978695073235686,
      "rev_growth_yoy": -0.013799059238571219,
      "rev_growth_yoy_accel": -0.017947802188575997,
      "op_leverage_ratio": null,
      "fcf_margin_change": -0.185871998150831
    },
    {
      "date": "2024-06-30T00:00:00",
      "quarter_label": "2024-06 (Q2)",
      "revenue": 6271500000,
      "gross_profit": 3063400000,
      "operating_income": 1413000000,
      "net_income": 889900000,
      "opex": 1650400000,
      "cogs": 3208100000,
      "rd": null,
      "sga": 1845700000,
      "fcf": 1202900000,
      "ocf": 1202900000,
      "capex": null,
      "gross_margin": 0.48846368492386194,
      "op_margin": 0.2253049509686678,
      "fcf_margin": 0.19180419357410508,
      "incr_op_margin_yoy": 5.84789644012945,
      "rev_growth_yoy": 0.004951446976252284,
      "rev_growth_yoy_accel": 0.018750506214823503,
      "op_leverage_ratio": 74.97584924928282,
      "fcf_margin_change": 0.20277805380178007
    },
    {
      "date": "2024-09-30T00:00:00",
      "quarter_label": "2024-09 (Q3)",
      "revenue": 6162500000,
      "gross_profit": 3027500000,
      "operating_income": 1321100000,
      "net_income": 806200000,
      "opex": 1706400000,
      "cogs": 3135000000,
      "rd": null,
      "sga": 1893700000,
      "fcf": 1074700000,
      "ocf": 1074700000,
      "capex": null,
      "gross_margin": 0.4912778904665314,
      "op_margin": 0.21437728194726166,
      "fcf_margin": 0.17439350912778906,
      "incr_op_margin_yoy": 0.4868995633187773,
      "rev_growth_yoy": 0.007487697614726895,
      "rev_growth_yoy_accel": 0.002536250638474611,
      "fcf_margin_change": -0.01741068444631602
    },
    {
      "date": "2024-12-31T00:00:00",
      "quarter_label": "2024-12 (Q4)",
      "revenue": 5297200000,
      "gross_profit": 2573200000,
      "operating_income": null,
      "net_income": 480100000,
      "opex": null,
      "cogs": 2724000000,
      "rd": null,
      "sga": 1882900000,
      "fcf": 934500000,
      "ocf": 934500000,
      "capex": null,
      "gross_margin": 0.48576606509099146,
      "op_margin": null,
      "fcf_margin": 0.1764139545420222,
      "rev_growth_yoy": 0.008567838239214044,
      "rev_growth_yoy_accel": 0.0010801406244871489,
      "fcf_margin_change": 0.0020204454142331296
    },
    {
      "date": "2025-03-31T00:00:00",
      "quarter_label": "2025-03 (Q1)",
      "revenue": 5305700000,
      "gross_profit": 2559100000,
      "operating_income": null,
      "net_income": 503900000,
      "opex": null,
      "cogs": 2746600000,
      "rd": null,
      "sga": 1793800000,
      "fcf": -61100000,
      "ocf": -61100000,
      "capex": null,
      "gross_margin": 0.4823303239911793,
      "op_margin": null,
      "fcf_margin": -0.011515916844148745,
      "rev_growth_yoy": -0.01147690645203361,
      "rev_growth_yoy_accel": -0.020044744691247653,
      "fcf_margin_change": -0.18792987138617093
    },
    {
      "date": "2025-06-30T00:00:00",
      "quarter_label": "2025-06 (Q2)",
      "revenue": 6314500000,
      "gross_profit": 3118300000,
      "operating_income": null,
      "net_income": 754700000,
      "opex": null,
      "cogs": 3196200000,
      "rd": null,
      "sga": 2011600000,
      "fcf": 1112600000,
      "ocf": 1112600000,
      "capex": null,
      "gross_margin": 0.4938316572966981,
      "op_margin": null,
      "fcf_margin": 0.1761976403515718,
      "rev_growth_yoy": 0.006856413936059954,
      "rev_growth_yoy_accel": 0.018333320388093564,
      "fcf_margin_change": 0.18771355719572053
    },
    {
      "date": "2025-09-30T00:00:00",
      "quarter_label": "2025-09 (Q3)",
      "revenue": 6358200000,
      "gross_profit": 3125500000,
      "operating_income": null,
      "net_income": 833100000,
      "opex": null,
      "cogs": 3232700000,
      "rd": null,
      "sga": 1952800000,
      "fcf": 1307600000,
      "ocf": 1307600000,
      "capex": null,
      "gross_margin": 0.4915699411783209,
      "op_margin": null,
      "fcf_margin": 0.20565568871693246,
      "rev_growth_yoy": 0.03175659229208925,
      "rev_growth_yoy_accel": 0.024900178356029295,
      "fcf_margin_change": 0.029458048365360673
    },
    {
      "date": "2025-12-31T00:00:00",
      "quarter_label": "2025-12 (Q4)",
      "revenue": 5595900000,
      "gross_profit": 2712600000,
      "operating_income": null,
      "net_income": 476800000,
      "opex": null,
      "cogs": 2883300000,
      "rd": null,
      "sga": 1936800000,
      "fcf": 1092500000,
      "ocf": 1092500000,
      "capex": null,
      "gross_margin": 0.4847477617541414,
      "op_margin": null,
      "fcf_margin": 0.1952322235922729,
      "rev_growth_yoy": 0.05638828060107227,
      "rev_growth_yoy_accel": 0.02463168830898302,
      "fcf_margin_change": -0.010423465124659553
    }
  ],
  "signals": [
    {
      "quarter": "2025-06 (Q2)",
      "signal": "FCF TURNED POSITIVE",
      "detail": "FCF margin: -1.2% -> +17.6%",
      "severity": "HIGH"
    },
    {
      "quarter": "2024-09 (Q3)",
      "signal": "INCREMENTAL MARGIN (YoY)",
      "detail": "YoY Incr OPM: +48.7% vs year-ago OPM: +21.2%",
      "severity": "HIGH"
    },
    {
      "quarter": "2024-06 (Q2)",
      "signal": "FCF TURNED POSITIVE",
      "detail": "FCF margin: -1.1% -> +19.2%",
      "severity": "HIGH"
    },
    {
      "quarter": "2024-06 (Q2)",
      "signal": "OPERATING LEVERAGE",
      "detail": "Rev growth +16.8% vs OpEx growth +0.2% (leverage: 75.0x)",
      "severity": "MEDIUM"
    },
    {
      "quarter": "2024-06 (Q2)",
      "signal": "INCREMENTAL MARGIN (YoY)",
      "detail": "YoY Incr OPM: +584.8% vs year-ago OPM: +19.7%",
      "severity": "HIGH"
    },
    {
      "quarter": "2023-12 (Q4)",
      "signal": "INCREMENTAL MARGIN (YoY)",
      "detail": "YoY Incr OPM: +482.9% vs year-ago OPM: +13.1%",
      "severity": "HIGH"
    },
    {
      "quarter": "2023-09 (Q3)",
      "signal": "YoY REVENUE GROWTH DECELERATION",
      "detail": "YoY growth: +1.1% vs prior quarter YoY: +6.3% (decel: -5.1%)",
      "severity": "WARNING"
    },
    {
      "quarter": "2023-09 (Q3)",
      "signal": "INCREMENTAL MARGIN (YoY)",
      "detail": "YoY Incr OPM: +293.7% vs year-ago OPM: +18.1%",
      "severity": "HIGH"
    },
    {
      "quarter": "2023-06 (Q2)",
      "signal": "FCF MARGIN EXPANSION",
      "detail": "FCF margin: +1.6% -> +19.3% (+17.7%)",
      "severity": "MEDIUM"
    },
    {
      "quarter": "2023-06 (Q2)",
      "signal": "OPERATING LEVERAGE",
      "detail": "Rev growth +14.7% vs OpEx growth +3.7% (leverage: 4.0x)",
      "severity": "MEDIUM"
    },
    {
      "quarter": "2023-06 (Q2)",
      "signal": "INCREMENTAL MARGIN (YoY)",
      "detail": "YoY Incr OPM: +73.7% vs year-ago OPM: +16.4%",
      "severity": "HIGH"
    },
    {
      "quarter": "2023-03 (Q1)",
      "signal": "OPERATING LEVERAGE",
      "detail": "Rev growth +4.1% vs OpEx growth +2.2% (leverage: 1.8x)",
      "severity": "MEDIUM"
    },
    {
      "quarter": "2023-03 (Q1)",
      "signal": "INCREMENTAL MARGIN (YoY)",
      "detail": "YoY Incr OPM: +41.6% vs year-ago OPM: +13.1%",
      "severity": "HIGH"
    },
    {
      "quarter": "2022-12 (Q4)",
      "signal": "YoY REVENUE GROWTH DECELERATION",
      "detail": "YoY growth: +9.8% vs prior quarter YoY: +17.5% (decel: -7.7%)",
      "severity": "WARNING"
    },
    {
      "quarter": "2022-12 (Q4)",
      "signal": "INCREMENTAL MARGIN (YoY)",
      "detail": "YoY Incr OPM: +39.0% vs year-ago OPM: +10.6%",
      "severity": "HIGH"
    },
    {
      "quarter": "2022-09 (Q3)",
      "signal": "OPERATING LEVERAGE",
      "detail": "Rev growth +3.0% vs OpEx growth +0.4% (leverage: 7.7x)",
      "severity": "MEDIUM"
    },
    {
      "quarter": "2022-09 (Q3)",
      "signal": "YoY REVENUE GROWTH ACCELERATION",
      "detail": "YoY growth: +17.5% vs prior quarter YoY: +9.2% (accel: +8.3%)",
      "severity": "MEDIUM"
    },
    {
      "quarter": "2022-09 (Q3)",
      "signal": "INCREMENTAL MARGIN (YoY)",
      "detail": "YoY Incr OPM: +30.8% vs year-ago OPM: +15.9%",
      "severity": "MEDIUM"
    },
    {
      "quarter": "2022-06 (Q2)",
      "signal": "FCF MARGIN EXPANSION",
      "detail": "FCF margin: +0.5% -> +10.4% (+9.9%)",
      "severity": "MEDIUM"
    },
    {
      "quarter": "2022-06 (Q2)",
      "signal": "OPERATING LEVERAGE",
      "detail": "Rev growth +17.5% vs OpEx growth +6.5% (leverage: 2.7x)",
      "severity": "MEDIUM"
    },
    {
      "quarter": "2022-03 (Q1)",
      "signal": "OPERATING LEVERAGE",
      "detail": "Rev growth +5.0% vs OpEx growth +1.6% (leverage: 3.1x)",
      "severity": "MEDIUM"
    },
    {
      "quarter": "2021-06 (Q2)",
      "signal": "FCF MARGIN EXPANSION",
      "detail": "FCF margin: +4.2% -> +18.7% (+14.5%)",
      "severity": "MEDIUM"
    },
    {
      "quarter": "2021-06 (Q2)",
      "signal": "OPERATING LEVERAGE",
      "detail": "Rev growth +15.5% vs OpEx growth +5.4% (leverage: 2.9x)",
      "severity": "MEDIUM"
    }
  ],
  "data_quality": {
    "n_quarters": 20,
    "coverage": {
      "revenue": [
        20,
        20
      ],
      "gross_profit": [
        20,
        20
      ],
      "op_income": [
        15,
        20
      ],
      "fcf": [
        20,
        20
      ]
    },
    "gaps": [],
    "warnings": [
      "op_income: 15/20Q"
    ]
  },
  "market_cap": null,
  "source": "SEC EDGAR",
  "last_updated": "2026-02-24T10:19:30.396299"
}