{
  "ticker": "SIEB",
  "name": "Siebert Financial Corp.",
  "quarters": [
    {
      "date": "2020-12-31T00:00:00",
      "quarter_label": "2020-12 (Q4)",
      "revenue": 14877000,
      "gross_profit": null,
      "operating_income": null,
      "net_income": 919000,
      "opex": 13776000,
      "cogs": null,
      "rd": null,
      "sga": null,
      "fcf": 60365000,
      "ocf": 60365000,
      "capex": null,
      "gross_margin": null,
      "op_margin": null,
      "fcf_margin": 4.05760570007394
    },
    {
      "date": "2021-03-31T00:00:00",
      "quarter_label": "2021-03 (Q1)",
      "revenue": 18924000,
      "gross_profit": null,
      "operating_income": null,
      "net_income": 2275000,
      "opex": 15914000,
      "cogs": null,
      "rd": null,
      "sga": null,
      "fcf": 9677000,
      "ocf": 9787000,
      "capex": -110000,
      "gross_margin": null,
      "op_margin": null,
      "fcf_margin": 0.5113612344113295,
      "op_leverage_ratio": 1.7528036729997958,
      "fcf_margin_change": -3.5462444656626104
    },
    {
      "date": "2021-06-30T00:00:00",
      "quarter_label": "2021-06 (Q2)",
      "revenue": 16793000,
      "gross_profit": null,
      "operating_income": null,
      "net_income": 1429000,
      "opex": 14880000,
      "cogs": null,
      "rd": null,
      "sga": null,
      "fcf": 14292000,
      "ocf": 14380000,
      "capex": -88000,
      "gross_margin": null,
      "op_margin": null,
      "fcf_margin": 0.8510688977550169,
      "fcf_margin_change": 0.3397076633436874
    },
    {
      "date": "2021-09-30T00:00:00",
      "quarter_label": "2021-09 (Q3)",
      "revenue": 17051000,
      "gross_profit": null,
      "operating_income": null,
      "net_income": 870000,
      "opex": 15916000,
      "cogs": null,
      "rd": null,
      "sga": null,
      "fcf": -18891000,
      "ocf": -18815000,
      "capex": -76000,
      "gross_margin": null,
      "op_margin": null,
      "fcf_margin": -1.1079115594393292,
      "op_leverage_ratio": 0.22066557885053686,
      "fcf_margin_change": -1.958980457194346
    },
    {
      "date": "2021-12-31T00:00:00",
      "quarter_label": "2021-12 (Q4)",
      "revenue": 14739000,
      "gross_profit": null,
      "operating_income": null,
      "net_income": 489000,
      "opex": 14215000,
      "cogs": null,
      "rd": null,
      "sga": null,
      "fcf": 169000,
      "ocf": 191000,
      "capex": -22000,
      "gross_margin": null,
      "op_margin": null,
      "fcf_margin": 0.011466178166768438,
      "rev_growth_yoy": -0.009276063722524703,
      "fcf_margin_change": 1.1193777376060976
    },
    {
      "date": "2022-03-31T00:00:00",
      "quarter_label": "2022-03 (Q1)",
      "revenue": 10344000,
      "gross_profit": null,
      "operating_income": -1539000,
      "net_income": -973000,
      "opex": 11883000,
      "cogs": null,
      "rd": null,
      "sga": null,
      "fcf": -44145000,
      "ocf": -44088000,
      "capex": -57000,
      "gross_margin": null,
      "op_margin": -0.14878190255220416,
      "fcf_margin": -4.267691415313225,
      "rev_growth_yoy": -0.45339251743817377,
      "rev_growth_yoy_accel": -0.44411645371564906,
      "fcf_margin_change": -4.279157593479994
    },
    {
      "date": "2022-06-30T00:00:00",
      "quarter_label": "2022-06 (Q2)",
      "revenue": 11723000,
      "gross_profit": null,
      "operating_income": -531000,
      "net_income": 711000,
      "opex": 12254000,
      "cogs": null,
      "rd": null,
      "sga": null,
      "fcf": 40728000,
      "ocf": 40766000,
      "capex": -38000,
      "gross_margin": null,
      "op_margin": -0.04529557280559584,
      "fcf_margin": 3.4741960249083,
      "rev_growth_yoy": -0.3019115107485262,
      "rev_growth_yoy_accel": 0.1514810066896476,
      "op_leverage_ratio": 4.270000656656307,
      "fcf_margin_change": 7.741887440221525
    },
    {
      "date": "2022-09-30T00:00:00",
      "quarter_label": "2022-09 (Q3)",
      "revenue": 14336000,
      "gross_profit": null,
      "operating_income": 1588000,
      "net_income": 1052000,
      "opex": 12748000,
      "cogs": null,
      "rd": null,
      "sga": null,
      "fcf": -25405000,
      "ocf": -25335000,
      "capex": -70000,
      "gross_margin": null,
      "op_margin": 0.11077008928571429,
      "fcf_margin": -1.7721121651785714,
      "rev_growth_yoy": -0.15922819775966218,
      "rev_growth_yoy_accel": 0.142683312988864,
      "op_leverage_ratio": 5.529063424576966,
      "fcf_margin_change": -5.2463081900868715
    },
    {
      "date": "2022-12-31T00:00:00",
      "quarter_label": "2022-12 (Q4)",
      "revenue": 13735000,
      "gross_profit": null,
      "operating_income": 958000,
      "net_income": -2780000,
      "opex": 12777000,
      "cogs": null,
      "rd": null,
      "sga": null,
      "fcf": 3923000,
      "ocf": 4042000,
      "capex": -119000,
      "gross_margin": null,
      "op_margin": 0.06974881689115399,
      "fcf_margin": 0.2856206771022934,
      "rev_growth_yoy": -0.06811859691973675,
      "rev_growth_yoy_accel": 0.09110960083992543,
      "fcf_margin_change": 2.0577328422808647
    },
    {
      "date": "2023-03-31T00:00:00",
      "quarter_label": "2023-03 (Q1)",
      "revenue": 16170000,
      "gross_profit": null,
      "operating_income": 4313000,
      "net_income": 3196000,
      "opex": 11857000,
      "cogs": null,
      "rd": null,
      "sga": null,
      "fcf": -39089000,
      "ocf": -39014000,
      "capex": -75000,
      "gross_margin": null,
      "op_margin": 0.2667285095856524,
      "fcf_margin": -2.417377860235003,
      "incr_op_margin_yoy": 1.0044627531754204,
      "rev_growth_yoy": 0.5632250580046404,
      "rev_growth_yoy_accel": 0.6313436549243772,
      "op_leverage_ratio": Infinity,
      "fcf_margin_change": -2.7029985373372964
    },
    {
      "date": "2023-06-30T00:00:00",
      "quarter_label": "2023-06 (Q2)",
      "revenue": 17592000,
      "gross_profit": null,
      "operating_income": 4659000,
      "net_income": 2703000,
      "opex": 12933000,
      "cogs": null,
      "rd": null,
      "sga": null,
      "fcf": -10584000,
      "ocf": -10547000,
      "capex": -37000,
      "gross_margin": null,
      "op_margin": 0.2648362892223738,
      "fcf_margin": -0.6016371077762619,
      "incr_op_margin_yoy": 0.8843073777474868,
      "rev_growth_yoy": 0.5006397679774802,
      "rev_growth_yoy_accel": -0.06258529002716018,
      "op_leverage_ratio": 0.9690632522018607,
      "fcf_margin_change": 1.815740752458741
    },
    {
      "date": "2023-09-30T00:00:00",
      "quarter_label": "2023-09 (Q3)",
      "revenue": 18050000,
      "gross_profit": null,
      "operating_income": 4273000,
      "net_income": 2761000,
      "opex": 13777000,
      "cogs": null,
      "rd": null,
      "sga": null,
      "fcf": -19479000,
      "ocf": -19400000,
      "capex": -79000,
      "gross_margin": null,
      "op_margin": 0.23673130193905817,
      "fcf_margin": -1.0791689750692521,
      "incr_op_margin_yoy": 0.722940226171244,
      "rev_growth_yoy": 0.25906808035714285,
      "rev_growth_yoy_accel": -0.24157168762033737,
      "op_leverage_ratio": 0.39893954921345115,
      "fcf_margin_change": -0.47753186729299024
    },
    {
      "date": "2023-12-31T00:00:00",
      "quarter_label": "2023-12 (Q4)",
      "revenue": 19702000,
      "gross_profit": null,
      "operating_income": 4881000,
      "net_income": -834000,
      "opex": 14821000,
      "cogs": null,
      "rd": null,
      "sga": null,
      "fcf": 64125000,
      "ocf": 64157000,
      "capex": -32000,
      "gross_margin": null,
      "op_margin": 0.24774134605623793,
      "fcf_margin": 3.25474571109532,
      "incr_op_margin_yoy": 0.657449304508128,
      "rev_growth_yoy": 0.4344375682562796,
      "rev_growth_yoy_accel": 0.17536948789913676,
      "op_leverage_ratio": 1.2077776716443256,
      "fcf_margin_change": 4.333914686164572
    },
    {
      "date": "2024-03-31T00:00:00",
      "quarter_label": "2024-03 (Q1)",
      "revenue": 20456000,
      "gross_profit": null,
      "operating_income": 5102000,
      "net_income": null,
      "opex": 15354000,
      "cogs": null,
      "rd": null,
      "sga": null,
      "fcf": -46994000,
      "ocf": -46966000,
      "capex": -28000,
      "gross_margin": null,
      "op_margin": 0.24941337504888542,
      "fcf_margin": -2.29732107938991,
      "incr_op_margin_yoy": 0.18408772748483435,
      "rev_growth_yoy": 0.2650587507730365,
      "rev_growth_yoy_accel": -0.16937881748324313,
      "op_leverage_ratio": 1.064170778749712,
      "fcf_margin_change": -5.55206679048523
    },
    {
      "date": "2024-06-30T00:00:00",
      "quarter_label": "2024-06 (Q2)",
      "revenue": 20863000,
      "gross_profit": null,
      "operating_income": 5579000,
      "net_income": null,
      "opex": 15284000,
      "cogs": null,
      "rd": null,
      "sga": null,
      "fcf": 18565000,
      "ocf": 18605000,
      "capex": -40000,
      "gross_margin": null,
      "op_margin": 0.26741120644202654,
      "fcf_margin": 0.8898528495422519,
      "incr_op_margin_yoy": 0.281259553653317,
      "rev_growth_yoy": 0.1859367894497499,
      "rev_growth_yoy_accel": -0.07912196132328658,
      "op_leverage_ratio": Infinity,
      "fcf_margin_change": 3.187173928932162
    },
    {
      "date": "2024-09-30T00:00:00",
      "quarter_label": "2024-09 (Q3)",
      "revenue": 22560000,
      "gross_profit": null,
      "operating_income": 4839000,
      "net_income": null,
      "opex": 17721000,
      "cogs": null,
      "rd": null,
      "sga": null,
      "fcf": 2952000,
      "ocf": 2952000,
      "capex": null,
      "gross_margin": null,
      "op_margin": 0.21449468085106382,
      "fcf_margin": 0.13085106382978723,
      "incr_op_margin_yoy": 0.12549889135254988,
      "rev_growth_yoy": 0.24986149584487535,
      "rev_growth_yoy_accel": 0.06392470639512546,
      "op_leverage_ratio": 0.5101367183700783,
      "fcf_margin_change": -0.7590017857124647
    },
    {
      "date": "2024-12-31T00:00:00",
      "quarter_label": "2024-12 (Q4)",
      "revenue": 20022000,
      "gross_profit": null,
      "operating_income": 1948000,
      "net_income": null,
      "opex": 18074000,
      "cogs": null,
      "rd": null,
      "sga": null,
      "fcf": 35307000,
      "ocf": 35462000,
      "capex": -155000,
      "gross_margin": null,
      "op_margin": 0.09729297772450304,
      "fcf_margin": 1.763410248726401,
      "rev_growth_yoy": 0.016242005887727135,
      "rev_growth_yoy_accel": -0.2336194899571482,
      "fcf_margin_change": 1.6325591848966137
    },
    {
      "date": "2025-03-31T00:00:00",
      "quarter_label": "2025-03 (Q1)",
      "revenue": 28919000,
      "gross_profit": null,
      "operating_income": 10496000,
      "net_income": null,
      "opex": 18423000,
      "cogs": null,
      "rd": null,
      "sga": null,
      "fcf": -34524000,
      "ocf": -34461000,
      "capex": -63000,
      "gross_margin": null,
      "op_margin": 0.3629447767903454,
      "fcf_margin": -1.1938172135965974,
      "incr_op_margin_yoy": 0.6373626373626373,
      "rev_growth_yoy": 0.41371724677356275,
      "rev_growth_yoy_accel": 0.39747524088583563,
      "op_leverage_ratio": 23.01256268534412,
      "fcf_margin_change": -2.957227462322998
    },
    {
      "date": "2025-06-30T00:00:00",
      "quarter_label": "2025-06 (Q2)",
      "revenue": 14874000,
      "gross_profit": null,
      "operating_income": -5832000,
      "net_income": null,
      "opex": 20706000,
      "cogs": null,
      "rd": null,
      "sga": null,
      "fcf": 570000,
      "ocf": 631000,
      "capex": -61000,
      "gross_margin": null,
      "op_margin": -0.39209358612343687,
      "fcf_margin": 0.038321903993545785,
      "incr_op_margin_yoy": 1.9053264317916179,
      "rev_growth_yoy": -0.287063221971912,
      "rev_growth_yoy_accel": -0.7007804687454747,
      "fcf_margin_change": 1.2321391175901433
    },
    {
      "date": "2025-09-30T00:00:00",
      "quarter_label": "2025-09 (Q3)",
      "revenue": 26847000,
      "gross_profit": null,
      "operating_income": 2188000,
      "net_income": null,
      "opex": 24659000,
      "cogs": null,
      "rd": null,
      "sga": null,
      "fcf": 43349000,
      "ocf": 43670000,
      "capex": -321000,
      "gross_margin": null,
      "op_margin": 0.08149886393265542,
      "fcf_margin": 1.6146683055834916,
      "incr_op_margin_yoy": -0.6183811523209704,
      "rev_growth_yoy": 0.19002659574468084,
      "rev_growth_yoy_accel": 0.4770898177165928,
      "op_leverage_ratio": 4.216427145625072,
      "fcf_margin_change": 1.5763464015899458
    }
  ],
  "signals": [
    {
      "quarter": "2025-09 (Q3)",
      "signal": "FCF MARGIN EXPANSION",
      "detail": "FCF margin: +3.8% -> +161.5% (+157.6%)",
      "severity": "MEDIUM"
    },
    {
      "quarter": "2025-09 (Q3)",
      "signal": "OPERATING LEVERAGE",
      "detail": "Rev growth +80.5% vs OpEx growth +19.1% (leverage: 4.2x)",
      "severity": "MEDIUM"
    },
    {
      "quarter": "2025-09 (Q3)",
      "signal": "YoY REVENUE GROWTH ACCELERATION",
      "detail": "YoY growth: +19.0% vs prior quarter YoY: -28.7% (accel: +47.7%)",
      "severity": "HIGH"
    },
    {
      "quarter": "2025-09 (Q3)",
      "signal": "OP MARGIN TURNED POSITIVE (QoQ)",
      "detail": "Op margin: -39.2% -> +8.1%",
      "severity": "HIGH"
    },
    {
      "quarter": "2025-06 (Q2)",
      "signal": "FCF TURNED POSITIVE",
      "detail": "FCF margin: -119.4% -> +3.8%",
      "severity": "HIGH"
    },
    {
      "quarter": "2025-06 (Q2)",
      "signal": "YoY REVENUE GROWTH DECELERATION",
      "detail": "YoY growth: -28.7% vs prior quarter YoY: +41.4% (decel: -70.1%)",
      "severity": "WARNING"
    },
    {
      "quarter": "2025-03 (Q1)",
      "signal": "OPERATING LEVERAGE",
      "detail": "Rev growth +44.4% vs OpEx growth +1.9% (leverage: 23.0x)",
      "severity": "MEDIUM"
    },
    {
      "quarter": "2025-03 (Q1)",
      "signal": "YoY REVENUE GROWTH ACCELERATION",
      "detail": "YoY growth: +41.4% vs prior quarter YoY: +1.6% (accel: +39.7%)",
      "severity": "HIGH"
    },
    {
      "quarter": "2025-03 (Q1)",
      "signal": "INCREMENTAL MARGIN (YoY)",
      "detail": "YoY Incr OPM: +63.7% vs year-ago OPM: +24.9%",
      "severity": "HIGH"
    },
    {
      "quarter": "2024-12 (Q4)",
      "signal": "FCF MARGIN EXPANSION",
      "detail": "FCF margin: +13.1% -> +176.3% (+163.3%)",
      "severity": "MEDIUM"
    },
    {
      "quarter": "2024-12 (Q4)",
      "signal": "YoY REVENUE GROWTH DECELERATION",
      "detail": "YoY growth: +1.6% vs prior quarter YoY: +25.0% (decel: -23.4%)",
      "severity": "WARNING"
    },
    {
      "quarter": "2024-09 (Q3)",
      "signal": "YoY REVENUE GROWTH ACCELERATION",
      "detail": "YoY growth: +25.0% vs prior quarter YoY: +18.6% (accel: +6.4%)",
      "severity": "MEDIUM"
    },
    {
      "quarter": "2024-06 (Q2)",
      "signal": "FCF TURNED POSITIVE",
      "detail": "FCF margin: -229.7% -> +89.0%",
      "severity": "HIGH"
    },
    {
      "quarter": "2024-06 (Q2)",
      "signal": "YoY REVENUE GROWTH DECELERATION",
      "detail": "YoY growth: +18.6% vs prior quarter YoY: +26.5% (decel: -7.9%)",
      "severity": "WARNING"
    },
    {
      "quarter": "2024-03 (Q1)",
      "signal": "YoY REVENUE GROWTH DECELERATION",
      "detail": "YoY growth: +26.5% vs prior quarter YoY: +43.4% (decel: -16.9%)",
      "severity": "WARNING"
    },
    {
      "quarter": "2023-12 (Q4)",
      "signal": "FCF TURNED POSITIVE",
      "detail": "FCF margin: -107.9% -> +325.5%",
      "severity": "HIGH"
    },
    {
      "quarter": "2023-12 (Q4)",
      "signal": "YoY REVENUE GROWTH ACCELERATION",
      "detail": "YoY growth: +43.4% vs prior quarter YoY: +25.9% (accel: +17.5%)",
      "severity": "HIGH"
    },
    {
      "quarter": "2023-12 (Q4)",
      "signal": "INCREMENTAL MARGIN (YoY)",
      "detail": "YoY Incr OPM: +65.7% vs year-ago OPM: +7.0%",
      "severity": "HIGH"
    },
    {
      "quarter": "2023-09 (Q3)",
      "signal": "YoY REVENUE GROWTH DECELERATION",
      "detail": "YoY growth: +25.9% vs prior quarter YoY: +50.1% (decel: -24.2%)",
      "severity": "WARNING"
    },
    {
      "quarter": "2023-09 (Q3)",
      "signal": "INCREMENTAL MARGIN (YoY)",
      "detail": "YoY Incr OPM: +72.3% vs year-ago OPM: +11.1%",
      "severity": "HIGH"
    },
    {
      "quarter": "2023-06 (Q2)",
      "signal": "FCF MARGIN EXPANSION",
      "detail": "FCF margin: -241.7% -> -60.2% (+181.6%)",
      "severity": "MEDIUM"
    },
    {
      "quarter": "2023-06 (Q2)",
      "signal": "YoY REVENUE GROWTH DECELERATION",
      "detail": "YoY growth: +50.1% vs prior quarter YoY: +56.3% (decel: -6.3%)",
      "severity": "WARNING"
    },
    {
      "quarter": "2023-06 (Q2)",
      "signal": "OP MARGIN TURNED POSITIVE (YoY)",
      "detail": "Op margin: -4.5% (year-ago) -> +26.5%",
      "severity": "HIGH"
    },
    {
      "quarter": "2023-03 (Q1)",
      "signal": "YoY REVENUE GROWTH ACCELERATION",
      "detail": "YoY growth: +56.3% vs prior quarter YoY: -6.8% (accel: +63.1%)",
      "severity": "HIGH"
    },
    {
      "quarter": "2023-03 (Q1)",
      "signal": "OP MARGIN TURNED POSITIVE (YoY)",
      "detail": "Op margin: -14.9% (year-ago) -> +26.7%",
      "severity": "HIGH"
    },
    {
      "quarter": "2022-12 (Q4)",
      "signal": "FCF TURNED POSITIVE",
      "detail": "FCF margin: -177.2% -> +28.6%",
      "severity": "HIGH"
    },
    {
      "quarter": "2022-12 (Q4)",
      "signal": "YoY REVENUE GROWTH ACCELERATION",
      "detail": "YoY growth: -6.8% vs prior quarter YoY: -15.9% (accel: +9.1%)",
      "severity": "MEDIUM"
    },
    {
      "quarter": "2022-09 (Q3)",
      "signal": "OPERATING LEVERAGE",
      "detail": "Rev growth +22.3% vs OpEx growth +4.0% (leverage: 5.5x)",
      "severity": "MEDIUM"
    },
    {
      "quarter": "2022-09 (Q3)",
      "signal": "YoY REVENUE GROWTH ACCELERATION",
      "detail": "YoY growth: -15.9% vs prior quarter YoY: -30.2% (accel: +14.3%)",
      "severity": "MEDIUM"
    },
    {
      "quarter": "2022-09 (Q3)",
      "signal": "OP MARGIN TURNED POSITIVE (QoQ)",
      "detail": "Op margin: -4.5% -> +11.1%",
      "severity": "HIGH"
    },
    {
      "quarter": "2022-06 (Q2)",
      "signal": "FCF TURNED POSITIVE",
      "detail": "FCF margin: -426.8% -> +347.4%",
      "severity": "HIGH"
    },
    {
      "quarter": "2022-06 (Q2)",
      "signal": "OPERATING LEVERAGE",
      "detail": "Rev growth +13.3% vs OpEx growth +3.1% (leverage: 4.3x)",
      "severity": "MEDIUM"
    },
    {
      "quarter": "2022-06 (Q2)",
      "signal": "YoY REVENUE GROWTH ACCELERATION",
      "detail": "YoY growth: -30.2% vs prior quarter YoY: -45.3% (accel: +15.1%)",
      "severity": "HIGH"
    },
    {
      "quarter": "2022-03 (Q1)",
      "signal": "YoY REVENUE GROWTH DECELERATION",
      "detail": "YoY growth: -45.3% vs prior quarter YoY: -0.9% (decel: -44.4%)",
      "severity": "WARNING"
    },
    {
      "quarter": "2021-12 (Q4)",
      "signal": "FCF TURNED POSITIVE",
      "detail": "FCF margin: -110.8% -> +1.1%",
      "severity": "HIGH"
    },
    {
      "quarter": "2021-06 (Q2)",
      "signal": "FCF MARGIN EXPANSION",
      "detail": "FCF margin: +51.1% -> +85.1% (+34.0%)",
      "severity": "MEDIUM"
    },
    {
      "quarter": "2021-03 (Q1)",
      "signal": "OPERATING LEVERAGE",
      "detail": "Rev growth +27.2% vs OpEx growth +15.5% (leverage: 1.8x)",
      "severity": "MEDIUM"
    }
  ],
  "data_quality": {
    "n_quarters": 20,
    "coverage": {
      "revenue": [
        20,
        20
      ],
      "gross_profit": [
        0,
        20
      ],
      "op_income": [
        15,
        20
      ],
      "fcf": [
        20,
        20
      ]
    },
    "gaps": [],
    "warnings": [
      "gross_profit: no data",
      "op_income: 15/20Q"
    ]
  },
  "market_cap": null,
  "source": "SEC EDGAR",
  "last_updated": "2026-02-02T23:18:31.176432"
}