{
  "ticker": "SIF",
  "name": "SIFCO Industries, Inc.",
  "sector": "Industrials",
  "industry": "Aerospace & Defense",
  "quarters": [
    {
      "date": "2021-03-31T00:00:00",
      "quarter_label": "2021-03 (Q1)",
      "revenue": 24866000,
      "gross_profit": 2743000,
      "operating_income": -1101000,
      "net_income": -1491000,
      "opex": 3844000,
      "cogs": 22123000,
      "rd": null,
      "sga": 3596000,
      "fcf": 2666000,
      "ocf": 2666000,
      "capex": null,
      "gross_margin": 0.11031126839861659,
      "op_margin": -0.04427732646987855,
      "fcf_margin": 0.10721467063460147
    },
    {
      "date": "2021-06-30T00:00:00",
      "quarter_label": "2021-06 (Q2)",
      "revenue": 25330000,
      "gross_profit": 3290000,
      "operating_income": 130000,
      "net_income": 254000,
      "opex": 3160000,
      "cogs": 22040000,
      "rd": null,
      "sga": 2912000,
      "fcf": -2337000,
      "ocf": -2337000,
      "capex": null,
      "gross_margin": 0.12988551125148046,
      "op_margin": 0.005132254243979471,
      "fcf_margin": -0.09226213975523095,
      "op_leverage_ratio": null,
      "fcf_margin_change": -0.19947681038983242
    },
    {
      "date": "2021-09-30T00:00:00",
      "quarter_label": "2021-09 (Q3)",
      "revenue": 24317000,
      "gross_profit": 1248000,
      "operating_income": -2453000,
      "net_income": -2499000,
      "opex": 3701000,
      "cogs": 23069000,
      "rd": null,
      "sga": 3148000,
      "fcf": 440000,
      "ocf": 440000,
      "capex": null,
      "gross_margin": 0.05132212032734301,
      "op_margin": -0.1008759304190484,
      "fcf_margin": 0.018094337294896574,
      "fcf_margin_change": 0.11035647705012752
    },
    {
      "date": "2021-12-31T00:00:00",
      "quarter_label": "2021-12 (Q4)",
      "revenue": 19247000,
      "gross_profit": 9000,
      "operating_income": -3652000,
      "net_income": -3691000,
      "opex": 3661000,
      "cogs": 19238000,
      "rd": null,
      "sga": 3536000,
      "fcf": 1239000,
      "ocf": 1239000,
      "capex": null,
      "gross_margin": 0.00046760534109211826,
      "op_margin": -0.18974385618537953,
      "fcf_margin": 0.06437366862368162,
      "fcf_margin_change": 0.04627933132878504
    },
    {
      "date": "2022-03-31T00:00:00",
      "quarter_label": "2022-03 (Q1)",
      "revenue": 24568000,
      "gross_profit": 1459000,
      "operating_income": -1284000,
      "net_income": 3639000,
      "opex": 2743000,
      "cogs": 23109000,
      "rd": null,
      "sga": 2680000,
      "fcf": -4435000,
      "ocf": -4435000,
      "capex": null,
      "gross_margin": 0.059386193422338,
      "op_margin": -0.05226310647997395,
      "fcf_margin": -0.18051937479648322,
      "rev_growth_yoy": -0.011984235502292287,
      "op_leverage_ratio": null,
      "fcf_margin_change": -0.24489304342016482
    },
    {
      "date": "2022-06-30T00:00:00",
      "quarter_label": "2022-06 (Q2)",
      "revenue": 21454000,
      "gross_profit": 374000,
      "operating_income": -2509000,
      "net_income": -2668000,
      "opex": 2883000,
      "cogs": 21080000,
      "rd": null,
      "sga": 2821000,
      "fcf": 3893000,
      "ocf": 3893000,
      "capex": null,
      "gross_margin": 0.017432646592709985,
      "op_margin": -0.11694788850563997,
      "fcf_margin": 0.1814580031695721,
      "incr_op_margin_yoy": 0.6808565531475749,
      "rev_growth_yoy": -0.15302013422818792,
      "rev_growth_yoy_accel": -0.14103589872589561,
      "fcf_margin_change": 0.36197737796605534
    },
    {
      "date": "2022-09-30T00:00:00",
      "quarter_label": "2022-09 (Q3)",
      "revenue": 18633000,
      "gross_profit": -3697000,
      "operating_income": -6625000,
      "net_income": -6920000,
      "opex": 2928000,
      "cogs": 22330000,
      "rd": null,
      "sga": 2872000,
      "fcf": -399000,
      "ocf": -399000,
      "capex": null,
      "gross_margin": -0.198411420597864,
      "op_margin": -0.3555519776740192,
      "fcf_margin": -0.021413620995008854,
      "incr_op_margin_yoy": 0.7339901477832512,
      "rev_growth_yoy": -0.23374593905498212,
      "rev_growth_yoy_accel": -0.0807258048267942,
      "fcf_margin_change": -0.20287162416458096
    },
    {
      "date": "2022-12-31T00:00:00",
      "quarter_label": "2022-12 (Q4)",
      "revenue": 21299000,
      "gross_profit": 1261000,
      "operating_income": -2069000,
      "net_income": -2589000,
      "opex": 3330000,
      "cogs": 20038000,
      "rd": null,
      "sga": 3280000,
      "fcf": 292000,
      "ocf": 292000,
      "capex": null,
      "gross_margin": 0.05920465749565707,
      "op_margin": -0.09714071083149443,
      "fcf_margin": 0.01370956382928776,
      "incr_op_margin_yoy": 0.7714424951267057,
      "rev_growth_yoy": 0.10661401776900296,
      "rev_growth_yoy_accel": 0.34035995682398507,
      "op_leverage_ratio": 1.0421311571269396,
      "fcf_margin_change": 0.03512318482429661
    },
    {
      "date": "2023-03-31T00:00:00",
      "quarter_label": "2023-03 (Q1)",
      "revenue": 19242000,
      "gross_profit": 1720000,
      "operating_income": -2206000,
      "net_income": -2367000,
      "opex": 3926000,
      "cogs": 17522000,
      "rd": null,
      "sga": 3849000,
      "fcf": -665000,
      "ocf": -665000,
      "capex": null,
      "gross_margin": 0.08938779752624468,
      "op_margin": -0.11464504729238124,
      "fcf_margin": -0.03455981706683297,
      "incr_op_margin_yoy": 0.17311303041682313,
      "rev_growth_yoy": -0.21678606317160534,
      "rev_growth_yoy_accel": -0.3234000809406083,
      "fcf_margin_change": -0.04826938089612073
    },
    {
      "date": "2023-06-30T00:00:00",
      "quarter_label": "2023-06 (Q2)",
      "revenue": 21853000,
      "gross_profit": 3478000,
      "operating_income": 30000,
      "net_income": -634000,
      "opex": 3448000,
      "cogs": 18375000,
      "rd": null,
      "sga": 3388000,
      "fcf": -1897000,
      "ocf": -1897000,
      "capex": null,
      "gross_margin": 0.15915434951722876,
      "op_margin": 0.001372809225277994,
      "fcf_margin": -0.08680730334507848,
      "rev_growth_yoy": 0.018597930455859047,
      "rev_growth_yoy_accel": 0.2353839936274644,
      "op_leverage_ratio": null,
      "fcf_margin_change": -0.05224748627824551
    },
    {
      "date": "2023-09-30T00:00:00",
      "quarter_label": "2023-09 (Q3)",
      "revenue": 19029000,
      "gross_profit": 163000,
      "operating_income": -2488000,
      "net_income": -3102000,
      "opex": 2651000,
      "cogs": 23557000,
      "rd": null,
      "sga": 3512000,
      "fcf": 907000,
      "ocf": 907000,
      "capex": null,
      "gross_margin": 0.008565873140995323,
      "op_margin": -0.1307478059803458,
      "fcf_margin": 0.04766409164958747,
      "rev_growth_yoy": 0.02125261632587345,
      "rev_growth_yoy_accel": 0.0026546858700144046,
      "fcf_margin_change": 0.13447139499466595
    },
    {
      "date": "2023-12-31T00:00:00",
      "quarter_label": "2023-12 (Q4)",
      "revenue": 21052000,
      "gross_profit": 736000,
      "operating_income": -2885000,
      "net_income": -3422000,
      "opex": 3621000,
      "cogs": 20316000,
      "rd": null,
      "sga": 3581000,
      "fcf": -2137000,
      "ocf": -2137000,
      "capex": null,
      "gross_margin": 0.03496104883146495,
      "op_margin": -0.13704161124833744,
      "fcf_margin": -0.10151054531635949,
      "rev_growth_yoy": -0.01159678858162355,
      "rev_growth_yoy_accel": -0.032849404907497,
      "op_leverage_ratio": 0.2905480132602815,
      "fcf_margin_change": -0.14917463696594696
    },
    {
      "date": "2024-03-31T00:00:00",
      "quarter_label": "2024-03 (Q1)",
      "revenue": 26543000,
      "gross_profit": 2727000,
      "operating_income": -525000,
      "net_income": -1590000,
      "opex": 3252000,
      "cogs": 23816000,
      "rd": null,
      "sga": 3208000,
      "fcf": -3211000,
      "ocf": -3211000,
      "capex": null,
      "gross_margin": 0.10273895188938703,
      "op_margin": -0.019779226161323136,
      "fcf_margin": -0.12097351467430208,
      "incr_op_margin_yoy": 0.2302424325434872,
      "rev_growth_yoy": 0.37943041263901883,
      "rev_growth_yoy_accel": 0.3910272012206424,
      "op_leverage_ratio": null,
      "fcf_margin_change": -0.01946296935794259
    },
    {
      "date": "2024-06-30T00:00:00",
      "quarter_label": "2024-06 (Q2)",
      "revenue": 29259000,
      "gross_profit": 4534000,
      "operating_income": 1344000,
      "net_income": 72000,
      "opex": 3190000,
      "cogs": 24725000,
      "rd": null,
      "sga": 3150000,
      "fcf": 382000,
      "ocf": 382000,
      "capex": null,
      "gross_margin": 0.15496086674185722,
      "op_margin": 0.04593458423049318,
      "fcf_margin": 0.01305581188694077,
      "incr_op_margin_yoy": 0.17742371050499595,
      "rev_growth_yoy": 0.3389008374136274,
      "rev_growth_yoy_accel": -0.04052957522539141,
      "op_leverage_ratio": null,
      "fcf_margin_change": 0.13402932656124283
    },
    {
      "date": "2024-09-30T00:00:00",
      "quarter_label": "2024-09 (Q3)",
      "revenue": 21658000,
      "gross_profit": 2321000,
      "operating_income": -3084000,
      "net_income": -443000,
      "opex": 5405000,
      "cogs": 4794000,
      "rd": null,
      "sga": 1189000,
      "fcf": null,
      "ocf": null,
      "capex": null,
      "gross_margin": 0.10716594330039708,
      "op_margin": -0.1423954197063441,
      "fcf_margin": null,
      "incr_op_margin_yoy": -0.22670216812476227,
      "rev_growth_yoy": 0.13815754900415156,
      "rev_growth_yoy_accel": -0.20074328840947586
    },
    {
      "date": "2024-12-31T00:00:00",
      "quarter_label": "2024-12 (Q4)",
      "revenue": 20883000,
      "gross_profit": 928000,
      "operating_income": -1912000,
      "net_income": -2316000,
      "opex": 2840000,
      "cogs": 19955000,
      "rd": null,
      "sga": 2840000,
      "fcf": null,
      "ocf": null,
      "capex": null,
      "gross_margin": 0.044438059665756834,
      "op_margin": -0.09155772638030935,
      "fcf_margin": null,
      "rev_growth_yoy": -0.008027740832224966,
      "rev_growth_yoy_accel": -0.14618528983637652
    },
    {
      "date": "2025-03-31T00:00:00",
      "quarter_label": "2025-03 (Q1)",
      "revenue": 19027000,
      "gross_profit": 1570000,
      "operating_income": -781000,
      "net_income": -1392000,
      "opex": 2351000,
      "cogs": 17457000,
      "rd": null,
      "sga": 2351000,
      "fcf": null,
      "ocf": null,
      "capex": null,
      "gross_margin": 0.08251432175329794,
      "op_margin": -0.04104693330530299,
      "fcf_margin": null,
      "incr_op_margin_yoy": 0.034060670569451834,
      "rev_growth_yoy": -0.2831631691971518,
      "rev_growth_yoy_accel": -0.2751354283649268
    },
    {
      "date": "2025-06-30T00:00:00",
      "quarter_label": "2025-06 (Q2)",
      "revenue": 22095000,
      "gross_profit": 5895000,
      "operating_income": 3260000,
      "net_income": 3408000,
      "opex": 2635000,
      "cogs": 16200000,
      "rd": null,
      "sga": 2635000,
      "fcf": null,
      "ocf": null,
      "capex": null,
      "gross_margin": 0.2668024439918534,
      "op_margin": 0.14754469336954062,
      "fcf_margin": null,
      "incr_op_margin_yoy": -0.26744835287548857,
      "rev_growth_yoy": -0.24484773915718241,
      "rev_growth_yoy_accel": 0.03831543003996937,
      "op_leverage_ratio": 1.3348096145062947
    },
    {
      "date": "2025-09-30T00:00:00",
      "quarter_label": "2025-09 (Q3)",
      "revenue": 22810000,
      "gross_profit": 2192000,
      "operating_income": -387000,
      "net_income": -429000,
      "opex": 2579000,
      "cogs": 20618000,
      "rd": null,
      "sga": 2569000,
      "fcf": null,
      "ocf": null,
      "capex": null,
      "gross_margin": 0.09609820254274441,
      "op_margin": -0.016966242875931608,
      "fcf_margin": null,
      "incr_op_margin_yoy": 2.3411458333333335,
      "rev_growth_yoy": 0.053190506972019574,
      "rev_growth_yoy_accel": 0.298038246129202,
      "op_leverage_ratio": null
    },
    {
      "date": "2025-12-31T00:00:00",
      "quarter_label": "2025-12 (Q4)",
      "revenue": 23973000,
      "gross_profit": 5189000,
      "operating_income": 2563000,
      "net_income": 1790000,
      "opex": 2626000,
      "cogs": 18784000,
      "rd": null,
      "sga": 2646000,
      "fcf": null,
      "ocf": null,
      "capex": null,
      "gross_margin": 0.21645184165519543,
      "op_margin": 0.10691194260209402,
      "fcf_margin": null,
      "incr_op_margin_yoy": 1.448220064724919,
      "rev_growth_yoy": 0.14796724608533257,
      "rev_growth_yoy_accel": 0.094776739113313,
      "op_leverage_ratio": 2.797743617487664
    }
  ],
  "signals": [
    {
      "quarter": "2025-12 (Q4)",
      "signal": "OPERATING LEVERAGE",
      "detail": "Rev growth +5.1% vs OpEx growth +1.8% (leverage: 2.8x)",
      "severity": "MEDIUM"
    },
    {
      "quarter": "2025-12 (Q4)",
      "signal": "GROSS MARGIN INFLECTION",
      "detail": "GM: +26.7% -> +9.6% -> +21.6% (reversal +12.0%)",
      "severity": "HIGH"
    },
    {
      "quarter": "2025-12 (Q4)",
      "signal": "YoY REVENUE GROWTH ACCELERATION",
      "detail": "YoY growth: +14.8% vs prior quarter YoY: +5.3% (accel: +9.5%)",
      "severity": "MEDIUM"
    },
    {
      "quarter": "2025-12 (Q4)",
      "signal": "OP MARGIN TURNED POSITIVE (YoY)",
      "detail": "Op margin: -9.2% (year-ago) -> +10.7%",
      "severity": "HIGH"
    },
    {
      "quarter": "2025-12 (Q4)",
      "signal": "OP MARGIN TURNED POSITIVE (QoQ)",
      "detail": "Op margin: -1.7% -> +10.7%",
      "severity": "HIGH"
    },
    {
      "quarter": "2025-09 (Q3)",
      "signal": "YoY REVENUE GROWTH ACCELERATION",
      "detail": "YoY growth: +5.3% vs prior quarter YoY: -24.5% (accel: +29.8%)",
      "severity": "HIGH"
    },
    {
      "quarter": "2025-06 (Q2)",
      "signal": "OP MARGIN TURNED POSITIVE (QoQ)",
      "detail": "Op margin: -4.1% -> +14.8%",
      "severity": "HIGH"
    },
    {
      "quarter": "2025-03 (Q1)",
      "signal": "GROSS MARGIN INFLECTION",
      "detail": "GM: +10.7% -> +4.4% -> +8.3% (reversal +3.8%)",
      "severity": "MEDIUM"
    },
    {
      "quarter": "2025-03 (Q1)",
      "signal": "YoY REVENUE GROWTH DECELERATION",
      "detail": "YoY growth: -28.3% vs prior quarter YoY: -0.8% (decel: -27.5%)",
      "severity": "WARNING"
    },
    {
      "quarter": "2024-12 (Q4)",
      "signal": "YoY REVENUE GROWTH DECELERATION",
      "detail": "YoY growth: -0.8% vs prior quarter YoY: +13.8% (decel: -14.6%)",
      "severity": "WARNING"
    },
    {
      "quarter": "2024-09 (Q3)",
      "signal": "YoY REVENUE GROWTH DECELERATION",
      "detail": "YoY growth: +13.8% vs prior quarter YoY: +33.9% (decel: -20.1%)",
      "severity": "WARNING"
    },
    {
      "quarter": "2024-06 (Q2)",
      "signal": "FCF TURNED POSITIVE",
      "detail": "FCF margin: -12.1% -> +1.3%",
      "severity": "HIGH"
    },
    {
      "quarter": "2024-06 (Q2)",
      "signal": "INCREMENTAL MARGIN (YoY)",
      "detail": "YoY Incr OPM: +17.7% vs year-ago OPM: +0.1%",
      "severity": "MEDIUM"
    },
    {
      "quarter": "2024-06 (Q2)",
      "signal": "OP MARGIN TURNED POSITIVE (QoQ)",
      "detail": "Op margin: -2.0% -> +4.6%",
      "severity": "HIGH"
    },
    {
      "quarter": "2024-03 (Q1)",
      "signal": "YoY REVENUE GROWTH ACCELERATION",
      "detail": "YoY growth: +37.9% vs prior quarter YoY: -1.2% (accel: +39.1%)",
      "severity": "HIGH"
    },
    {
      "quarter": "2023-12 (Q4)",
      "signal": "GROSS MARGIN INFLECTION",
      "detail": "GM: +15.9% -> +0.9% -> +3.5% (reversal +2.6%)",
      "severity": "MEDIUM"
    },
    {
      "quarter": "2023-09 (Q3)",
      "signal": "FCF TURNED POSITIVE",
      "detail": "FCF margin: -8.7% -> +4.8%",
      "severity": "HIGH"
    },
    {
      "quarter": "2023-06 (Q2)",
      "signal": "YoY REVENUE GROWTH ACCELERATION",
      "detail": "YoY growth: +1.9% vs prior quarter YoY: -21.7% (accel: +23.5%)",
      "severity": "HIGH"
    },
    {
      "quarter": "2023-06 (Q2)",
      "signal": "OP MARGIN TURNED POSITIVE (YoY)",
      "detail": "Op margin: -11.7% (year-ago) -> +0.1%",
      "severity": "HIGH"
    },
    {
      "quarter": "2023-06 (Q2)",
      "signal": "OP MARGIN TURNED POSITIVE (QoQ)",
      "detail": "Op margin: -11.5% -> +0.1%",
      "severity": "HIGH"
    },
    {
      "quarter": "2023-03 (Q1)",
      "signal": "YoY REVENUE GROWTH DECELERATION",
      "detail": "YoY growth: -21.7% vs prior quarter YoY: +10.7% (decel: -32.3%)",
      "severity": "WARNING"
    },
    {
      "quarter": "2022-12 (Q4)",
      "signal": "FCF TURNED POSITIVE",
      "detail": "FCF margin: -2.1% -> +1.4%",
      "severity": "HIGH"
    },
    {
      "quarter": "2022-12 (Q4)",
      "signal": "GROSS MARGIN INFLECTION",
      "detail": "GM: +1.7% -> -19.8% -> +5.9% (reversal +25.8%)",
      "severity": "HIGH"
    },
    {
      "quarter": "2022-12 (Q4)",
      "signal": "YoY REVENUE GROWTH ACCELERATION",
      "detail": "YoY growth: +10.7% vs prior quarter YoY: -23.4% (accel: +34.0%)",
      "severity": "HIGH"
    },
    {
      "quarter": "2022-09 (Q3)",
      "signal": "YoY REVENUE GROWTH DECELERATION",
      "detail": "YoY growth: -23.4% vs prior quarter YoY: -15.3% (decel: -8.1%)",
      "severity": "WARNING"
    },
    {
      "quarter": "2022-06 (Q2)",
      "signal": "FCF TURNED POSITIVE",
      "detail": "FCF margin: -18.1% -> +18.1%",
      "severity": "HIGH"
    },
    {
      "quarter": "2022-06 (Q2)",
      "signal": "YoY REVENUE GROWTH DECELERATION",
      "detail": "YoY growth: -15.3% vs prior quarter YoY: -1.2% (decel: -14.1%)",
      "severity": "WARNING"
    },
    {
      "quarter": "2022-03 (Q1)",
      "signal": "GROSS MARGIN INFLECTION",
      "detail": "GM: +5.1% -> +0.0% -> +5.9% (reversal +5.9%)",
      "severity": "HIGH"
    },
    {
      "quarter": "2021-09 (Q3)",
      "signal": "FCF TURNED POSITIVE",
      "detail": "FCF margin: -9.2% -> +1.8%",
      "severity": "HIGH"
    },
    {
      "quarter": "2021-06 (Q2)",
      "signal": "OP MARGIN TURNED POSITIVE (QoQ)",
      "detail": "Op margin: -4.4% -> +0.5%",
      "severity": "HIGH"
    }
  ],
  "data_quality": {
    "n_quarters": 20,
    "coverage": {
      "revenue": [
        20,
        20
      ],
      "gross_profit": [
        20,
        20
      ],
      "op_income": [
        20,
        20
      ],
      "fcf": [
        14,
        20
      ]
    },
    "gaps": [],
    "warnings": [
      "fcf: 14/20Q"
    ]
  },
  "market_cap": null,
  "source": "SEC EDGAR",
  "last_updated": "2026-02-13T11:44:09.774688"
}