{
  "ticker": "SIGI",
  "name": "SELECTIVE INSURANCE GROUP, INC.",
  "sector": "Financial Services",
  "industry": "Insurance - Property & Casualty",
  "quarters": [
    {
      "date": "2021-03-31T00:00:00",
      "quarter_label": "2021-03 (Q1)",
      "revenue": 803907000,
      "gross_profit": null,
      "operating_income": null,
      "net_income": 109270000,
      "opex": null,
      "cogs": null,
      "rd": null,
      "sga": null,
      "fcf": 125695000,
      "ocf": 130256000,
      "capex": -4561000,
      "gross_margin": null,
      "op_margin": null,
      "fcf_margin": 0.15635515053358162
    },
    {
      "date": "2021-06-30T00:00:00",
      "quarter_label": "2021-06 (Q2)",
      "revenue": 840518000,
      "gross_profit": null,
      "operating_income": null,
      "net_income": 121883000,
      "opex": null,
      "cogs": null,
      "rd": null,
      "sga": null,
      "fcf": 157266000,
      "ocf": 162196000,
      "capex": -4930000,
      "gross_margin": null,
      "op_margin": null,
      "fcf_margin": 0.18710604650941443,
      "fcf_margin_change": 0.030750895975832804
    },
    {
      "date": "2021-09-30T00:00:00",
      "quarter_label": "2021-09 (Q3)",
      "revenue": 865044000,
      "gross_profit": null,
      "operating_income": null,
      "net_income": 73705000,
      "opex": null,
      "cogs": null,
      "rd": null,
      "sga": null,
      "fcf": 245219000,
      "ocf": 250851000,
      "capex": -5632000,
      "gross_margin": null,
      "op_margin": null,
      "fcf_margin": 0.28347575383448703,
      "fcf_margin_change": 0.0963697073250726
    },
    {
      "date": "2021-12-31T00:00:00",
      "quarter_label": "2021-12 (Q4)",
      "revenue": 869695000,
      "gross_profit": null,
      "operating_income": null,
      "net_income": 98979000,
      "opex": null,
      "cogs": null,
      "rd": null,
      "sga": null,
      "fcf": 221079000,
      "ocf": 228119000,
      "capex": -7040000,
      "gross_margin": null,
      "op_margin": null,
      "fcf_margin": 0.25420291021565034,
      "fcf_margin_change": -0.029272843618836697
    },
    {
      "date": "2022-03-31T00:00:00",
      "quarter_label": "2022-03 (Q1)",
      "revenue": 846062000,
      "gross_profit": null,
      "operating_income": null,
      "net_income": 56330000,
      "opex": null,
      "cogs": null,
      "rd": null,
      "sga": null,
      "fcf": 85002000,
      "ocf": 92679000,
      "capex": -7677000,
      "gross_margin": null,
      "op_margin": null,
      "fcf_margin": 0.100467814415492,
      "rev_growth_yoy": 0.05243765758974608,
      "fcf_margin_change": -0.15373509580015832
    },
    {
      "date": "2022-06-30T00:00:00",
      "quarter_label": "2022-06 (Q2)",
      "revenue": 864818000,
      "gross_profit": null,
      "operating_income": null,
      "net_income": 39520000,
      "opex": null,
      "cogs": null,
      "rd": null,
      "sga": null,
      "fcf": 144380000,
      "ocf": 150804000,
      "capex": -6424000,
      "gross_margin": null,
      "op_margin": null,
      "fcf_margin": 0.16694842151759098,
      "rev_growth_yoy": 0.028910743136970295,
      "rev_growth_yoy_accel": -0.02352691445277578,
      "fcf_margin_change": 0.06648060710209898
    },
    {
      "date": "2022-09-30T00:00:00",
      "quarter_label": "2022-09 (Q3)",
      "revenue": 895020000,
      "gross_profit": null,
      "operating_income": null,
      "net_income": 42525000,
      "opex": null,
      "cogs": null,
      "rd": null,
      "sga": null,
      "fcf": 234304000,
      "ocf": 241961000,
      "capex": -7657000,
      "gross_margin": null,
      "op_margin": null,
      "fcf_margin": 0.2617863287971218,
      "rev_growth_yoy": 0.034652572585903145,
      "rev_growth_yoy_accel": 0.00574182944893285,
      "fcf_margin_change": 0.09483790727953084
    },
    {
      "date": "2022-12-31T00:00:00",
      "quarter_label": "2022-12 (Q4)",
      "revenue": 952162000,
      "gross_profit": null,
      "operating_income": null,
      "net_income": 86511000,
      "opex": null,
      "cogs": null,
      "rd": null,
      "sga": null,
      "fcf": 312704000,
      "ocf": 316965000,
      "capex": -4261000,
      "gross_margin": null,
      "op_margin": null,
      "fcf_margin": 0.32841470254011396,
      "rev_growth_yoy": 0.09482289768252089,
      "rev_growth_yoy_accel": 0.060170325096617745,
      "fcf_margin_change": 0.06662837374299213
    },
    {
      "date": "2023-03-31T00:00:00",
      "quarter_label": "2023-03 (Q1)",
      "revenue": 999820000,
      "gross_profit": null,
      "operating_income": null,
      "net_income": 92574000,
      "opex": null,
      "cogs": null,
      "rd": null,
      "sga": null,
      "fcf": 130259000,
      "ocf": 135769000,
      "capex": -5510000,
      "gross_margin": null,
      "op_margin": null,
      "fcf_margin": 0.13028245084115142,
      "rev_growth_yoy": 0.18173372636993507,
      "rev_growth_yoy_accel": 0.08691082868741418,
      "fcf_margin_change": -0.19813225169896254
    },
    {
      "date": "2023-06-30T00:00:00",
      "quarter_label": "2023-06 (Q2)",
      "revenue": 1040524000,
      "gross_profit": null,
      "operating_income": null,
      "net_income": 58608000,
      "opex": null,
      "cogs": null,
      "rd": null,
      "sga": null,
      "fcf": 153838000,
      "ocf": 157877000,
      "capex": -4039000,
      "gross_margin": null,
      "op_margin": null,
      "fcf_margin": 0.14784666187420953,
      "rev_growth_yoy": 0.20317107183245492,
      "rev_growth_yoy_accel": 0.021437345462519852,
      "fcf_margin_change": 0.017564211033058108
    },
    {
      "date": "2023-09-30T00:00:00",
      "quarter_label": "2023-09 (Q3)",
      "revenue": 1081081000,
      "gross_profit": null,
      "operating_income": null,
      "net_income": 89208000,
      "opex": null,
      "cogs": null,
      "rd": null,
      "sga": null,
      "fcf": 223446000,
      "ocf": 228660000,
      "capex": -5214000,
      "gross_margin": null,
      "op_margin": null,
      "fcf_margin": 0.20668756550156742,
      "rev_growth_yoy": 0.20788474000580992,
      "rev_growth_yoy_accel": 0.004713668173355001,
      "fcf_margin_change": 0.05884090362735789
    },
    {
      "date": "2023-12-31T00:00:00",
      "quarter_label": "2023-12 (Q4)",
      "revenue": 1110681000,
      "gross_profit": null,
      "operating_income": null,
      "net_income": 124848000,
      "opex": null,
      "cogs": null,
      "rd": null,
      "sga": null,
      "fcf": 228734000,
      "ocf": 236602000,
      "capex": -7868000,
      "gross_margin": null,
      "op_margin": null,
      "fcf_margin": 0.20594031949767755,
      "rev_growth_yoy": 0.16648322449331102,
      "rev_growth_yoy_accel": -0.041401515512498904,
      "fcf_margin_change": -0.0007472460038898676
    },
    {
      "date": "2024-03-31T00:00:00",
      "quarter_label": "2024-03 (Q1)",
      "revenue": 1164959000,
      "gross_profit": null,
      "operating_income": null,
      "net_income": 82518000,
      "opex": null,
      "cogs": null,
      "rd": null,
      "sga": null,
      "fcf": 108007000,
      "ocf": 114206000,
      "capex": -6199000,
      "gross_margin": null,
      "op_margin": null,
      "fcf_margin": 0.09271313411029916,
      "rev_growth_yoy": 0.16516873037146687,
      "rev_growth_yoy_accel": -0.0013144941218441453,
      "fcf_margin_change": -0.11322718538737839
    },
    {
      "date": "2024-06-30T00:00:00",
      "quarter_label": "2024-06 (Q2)",
      "revenue": 1196005000,
      "gross_profit": null,
      "operating_income": null,
      "net_income": -63319000,
      "opex": null,
      "cogs": null,
      "rd": null,
      "sga": null,
      "fcf": 258397000,
      "ocf": 266130000,
      "capex": -7733000,
      "gross_margin": null,
      "op_margin": null,
      "fcf_margin": 0.21605010012499948,
      "rev_growth_yoy": 0.14942567398733714,
      "rev_growth_yoy_accel": -0.015743056384129733,
      "fcf_margin_change": 0.12333696601470032
    },
    {
      "date": "2024-09-30T00:00:00",
      "quarter_label": "2024-09 (Q3)",
      "revenue": 1244306000,
      "gross_profit": null,
      "operating_income": null,
      "net_income": 92278000,
      "opex": null,
      "cogs": null,
      "rd": null,
      "sga": null,
      "fcf": 377962000,
      "ocf": 387367000,
      "capex": -9405000,
      "gross_margin": null,
      "op_margin": null,
      "fcf_margin": 0.3037532568355372,
      "rev_growth_yoy": 0.15098313632373522,
      "rev_growth_yoy_accel": 0.0015574623363980855,
      "fcf_margin_change": 0.08770315671053774
    },
    {
      "date": "2024-12-31T00:00:00",
      "quarter_label": "2024-12 (Q4)",
      "revenue": 1256394000,
      "gross_profit": null,
      "operating_income": null,
      "net_income": 95535000,
      "opex": null,
      "cogs": null,
      "rd": null,
      "sga": null,
      "fcf": 324712000,
      "ocf": 332185000,
      "capex": -7473000,
      "gross_margin": null,
      "op_margin": null,
      "fcf_margin": 0.258447588893293,
      "rev_growth_yoy": 0.13119248461079283,
      "rev_growth_yoy_accel": -0.019790651712942392,
      "fcf_margin_change": -0.04530566794224422
    },
    {
      "date": "2025-03-31T00:00:00",
      "quarter_label": "2025-03 (Q1)",
      "revenue": 1285186000,
      "gross_profit": null,
      "operating_income": null,
      "net_income": 109896000,
      "opex": null,
      "cogs": null,
      "rd": null,
      "sga": null,
      "fcf": 270974000,
      "ocf": 283987000,
      "capex": -13013000,
      "gross_margin": null,
      "op_margin": null,
      "fcf_margin": 0.2108441890901395,
      "rev_growth_yoy": 0.10320277365984554,
      "rev_growth_yoy_accel": -0.027989710950947294,
      "fcf_margin_change": -0.04760339980315351
    },
    {
      "date": "2025-06-30T00:00:00",
      "quarter_label": "2025-06 (Q2)",
      "revenue": 1326745000,
      "gross_profit": null,
      "operating_income": null,
      "net_income": 85943000,
      "opex": null,
      "cogs": null,
      "rd": null,
      "sga": null,
      "fcf": 159698000,
      "ocf": 166945000,
      "capex": -7247000,
      "gross_margin": null,
      "op_margin": null,
      "fcf_margin": 0.12036826971271797,
      "rev_growth_yoy": 0.10931392427289184,
      "rev_growth_yoy_accel": 0.006111150613046304,
      "fcf_margin_change": -0.09047591937742153
    },
    {
      "date": "2025-09-30T00:00:00",
      "quarter_label": "2025-09 (Q3)",
      "revenue": 1360110000,
      "gross_profit": null,
      "operating_income": null,
      "net_income": 115340000,
      "opex": null,
      "cogs": null,
      "rd": null,
      "sga": null,
      "fcf": 397330000,
      "ocf": 405832000,
      "capex": -8502000,
      "gross_margin": null,
      "op_margin": null,
      "fcf_margin": 0.2921307835395667,
      "rev_growth_yoy": 0.09306713943354769,
      "rev_growth_yoy_accel": -0.01624678483934415,
      "fcf_margin_change": 0.1717625138268487
    },
    {
      "date": "2025-12-31T00:00:00",
      "quarter_label": "2025-12 (Q4)",
      "revenue": 1364887000,
      "gross_profit": null,
      "operating_income": null,
      "net_income": 155232000,
      "opex": null,
      "cogs": null,
      "rd": null,
      "sga": null,
      "fcf": 366277000,
      "ocf": 376257000,
      "capex": -9980000,
      "gross_margin": null,
      "op_margin": null,
      "fcf_margin": 0.26835701417040386,
      "rev_growth_yoy": 0.08635268872662556,
      "rev_growth_yoy_accel": -0.006714450706922129,
      "fcf_margin_change": -0.02377376936916281
    }
  ],
  "signals": [
    {
      "quarter": "2025-09 (Q3)",
      "signal": "FCF MARGIN EXPANSION",
      "detail": "FCF margin: +12.0% -> +29.2% (+17.2%)",
      "severity": "MEDIUM"
    },
    {
      "quarter": "2024-09 (Q3)",
      "signal": "FCF MARGIN EXPANSION",
      "detail": "FCF margin: +21.6% -> +30.4% (+8.8%)",
      "severity": "MEDIUM"
    },
    {
      "quarter": "2024-06 (Q2)",
      "signal": "FCF MARGIN EXPANSION",
      "detail": "FCF margin: +9.3% -> +21.6% (+12.3%)",
      "severity": "MEDIUM"
    },
    {
      "quarter": "2023-09 (Q3)",
      "signal": "FCF MARGIN EXPANSION",
      "detail": "FCF margin: +14.8% -> +20.7% (+5.9%)",
      "severity": "MEDIUM"
    },
    {
      "quarter": "2023-03 (Q1)",
      "signal": "YoY REVENUE GROWTH ACCELERATION",
      "detail": "YoY growth: +18.2% vs prior quarter YoY: +9.5% (accel: +8.7%)",
      "severity": "MEDIUM"
    },
    {
      "quarter": "2022-12 (Q4)",
      "signal": "FCF MARGIN EXPANSION",
      "detail": "FCF margin: +26.2% -> +32.8% (+6.7%)",
      "severity": "MEDIUM"
    },
    {
      "quarter": "2022-12 (Q4)",
      "signal": "YoY REVENUE GROWTH ACCELERATION",
      "detail": "YoY growth: +9.5% vs prior quarter YoY: +3.5% (accel: +6.0%)",
      "severity": "MEDIUM"
    },
    {
      "quarter": "2022-09 (Q3)",
      "signal": "FCF MARGIN EXPANSION",
      "detail": "FCF margin: +16.7% -> +26.2% (+9.5%)",
      "severity": "MEDIUM"
    },
    {
      "quarter": "2022-06 (Q2)",
      "signal": "FCF MARGIN EXPANSION",
      "detail": "FCF margin: +10.0% -> +16.7% (+6.6%)",
      "severity": "MEDIUM"
    },
    {
      "quarter": "2021-09 (Q3)",
      "signal": "FCF MARGIN EXPANSION",
      "detail": "FCF margin: +18.7% -> +28.3% (+9.6%)",
      "severity": "MEDIUM"
    }
  ],
  "data_quality": {
    "n_quarters": 20,
    "coverage": {
      "revenue": [
        20,
        20
      ],
      "gross_profit": [
        0,
        20
      ],
      "op_income": [
        0,
        20
      ],
      "fcf": [
        20,
        20
      ]
    },
    "gaps": [],
    "warnings": [
      "gross_profit: no data",
      "op_income: no data"
    ]
  },
  "market_cap": null,
  "source": "SEC EDGAR",
  "last_updated": "2026-02-24T11:08:12.616112"
}