{
  "ticker": "SILA",
  "name": "SILA REALTY TRUST, INC.",
  "quarters": [
    {
      "date": "2020-06-30T00:00:00",
      "quarter_label": "2020-06 (Q2)",
      "revenue": 68875000,
      "gross_profit": null,
      "operating_income": 25294000,
      "net_income": null,
      "opex": null,
      "cogs": null,
      "rd": null,
      "sga": null,
      "fcf": null,
      "ocf": null,
      "capex": null,
      "gross_margin": null,
      "op_margin": 0.36724500907441016,
      "fcf_margin": null
    },
    {
      "date": "2020-09-30T00:00:00",
      "quarter_label": "2020-09 (Q3)",
      "revenue": 70667000,
      "gross_profit": null,
      "operating_income": 18548000,
      "net_income": null,
      "opex": null,
      "cogs": null,
      "rd": null,
      "sga": null,
      "fcf": null,
      "ocf": null,
      "capex": null,
      "gross_margin": null,
      "op_margin": 0.2624704600449998,
      "fcf_margin": null
    },
    {
      "date": "2020-12-31T00:00:00",
      "quarter_label": "2020-12 (Q4)",
      "revenue": 67809000,
      "gross_profit": 36915000,
      "operating_income": 27597000,
      "net_income": 14748000,
      "opex": 40651000,
      "cogs": 30894000,
      "rd": null,
      "sga": null,
      "fcf": 32234000,
      "ocf": 32234000,
      "capex": null,
      "gross_margin": 0.5443967614918374,
      "op_margin": 0.40698137415387337,
      "fcf_margin": 0.47536462711439487
    },
    {
      "date": "2021-03-31T00:00:00",
      "quarter_label": "2021-03 (Q1)",
      "revenue": 67895000,
      "gross_profit": 58265000,
      "operating_income": 15012000,
      "net_income": 2882000,
      "opex": 52883000,
      "cogs": 9630000,
      "rd": null,
      "sga": null,
      "fcf": 37128000,
      "ocf": 37128000,
      "capex": null,
      "gross_margin": 0.8581633404521688,
      "op_margin": 0.22110611974372194,
      "fcf_margin": 0.5468443920759997,
      "fcf_margin_change": 0.0714797649616048
    },
    {
      "date": "2021-06-30T00:00:00",
      "quarter_label": "2021-06 (Q2)",
      "revenue": 43747000,
      "gross_profit": 40472000,
      "operating_income": 9285000,
      "net_income": 16056000,
      "opex": 34462000,
      "cogs": 3275000,
      "rd": null,
      "sga": null,
      "fcf": 43991000,
      "ocf": 43991000,
      "capex": null,
      "gross_margin": 0.9251377237296272,
      "op_margin": 0.2122431252428738,
      "fcf_margin": 1.0055775253160217,
      "incr_op_margin_yoy": 0.6370980579433302,
      "rev_growth_yoy": -0.3648348457350272,
      "fcf_margin_change": 0.4587331332400221
    },
    {
      "date": "2021-09-30T00:00:00",
      "quarter_label": "2021-09 (Q3)",
      "revenue": 43063000,
      "gross_profit": 40039000,
      "operating_income": 6191000,
      "net_income": 371645000,
      "opex": 36872000,
      "cogs": 3024000,
      "rd": null,
      "sga": null,
      "fcf": 23697000,
      "ocf": 23697000,
      "capex": null,
      "gross_margin": 0.929777303021155,
      "op_margin": 0.1437661101177345,
      "fcf_margin": 0.550286789122913,
      "incr_op_margin_yoy": 0.4476525141283872,
      "rev_growth_yoy": -0.3906207989584955,
      "rev_growth_yoy_accel": -0.025785953223468272,
      "fcf_margin_change": -0.4552907361931088
    },
    {
      "date": "2021-12-31T00:00:00",
      "quarter_label": "2021-12 (Q4)",
      "revenue": 43606000,
      "gross_profit": 40414000,
      "operating_income": 16557000,
      "net_income": 12077000,
      "opex": 27138000,
      "cogs": 3192000,
      "rd": null,
      "sga": null,
      "fcf": 32126000,
      "ocf": 32126000,
      "capex": null,
      "gross_margin": 0.9267990643489428,
      "op_margin": 0.37969545475393296,
      "fcf_margin": 0.7367334770444435,
      "incr_op_margin_yoy": 0.456141800603231,
      "rev_growth_yoy": -0.35692902122137177,
      "rev_growth_yoy_accel": 0.03369177773712373,
      "op_leverage_ratio": Infinity,
      "fcf_margin_change": 0.18644668792153052
    },
    {
      "date": "2022-03-31T00:00:00",
      "quarter_label": "2022-03 (Q1)",
      "revenue": 44282000,
      "gross_profit": 41257000,
      "operating_income": 9486000,
      "net_income": 1371000,
      "opex": 35256000,
      "cogs": 3025000,
      "rd": null,
      "sga": null,
      "fcf": 26772000,
      "ocf": 26772000,
      "capex": null,
      "gross_margin": 0.931687818978366,
      "op_margin": 0.21421796666817217,
      "fcf_margin": 0.604579738945847,
      "incr_op_margin_yoy": 0.2340236310506924,
      "rev_growth_yoy": -0.347787024081302,
      "rev_growth_yoy_accel": 0.009141997140069746,
      "op_leverage_ratio": 0.05182379785337759,
      "fcf_margin_change": -0.13215373809859643
    },
    {
      "date": "2022-06-30T00:00:00",
      "quarter_label": "2022-06 (Q2)",
      "revenue": 44918000,
      "gross_profit": 41908000,
      "operating_income": 16350000,
      "net_income": 12021000,
      "opex": 28568000,
      "cogs": 3010000,
      "rd": null,
      "sga": null,
      "fcf": 29981000,
      "ocf": 29981000,
      "capex": null,
      "gross_margin": 0.9329890021817534,
      "op_margin": 0.36399661605592415,
      "fcf_margin": 0.667460706175698,
      "incr_op_margin_yoy": 6.0333048676345005,
      "rev_growth_yoy": 0.026767549774841703,
      "rev_growth_yoy_accel": 0.3745545738561437,
      "op_leverage_ratio": Infinity,
      "fcf_margin_change": 0.06288096722985093
    },
    {
      "date": "2022-09-30T00:00:00",
      "quarter_label": "2022-09 (Q3)",
      "revenue": 46881000,
      "gross_profit": 43649000,
      "operating_income": null,
      "net_income": 13392000,
      "opex": 27991000,
      "cogs": 3232000,
      "rd": null,
      "sga": null,
      "fcf": 32278000,
      "ocf": 32278000,
      "capex": null,
      "gross_margin": 0.9310594910518121,
      "op_margin": null,
      "fcf_margin": 0.6885092041552014,
      "rev_growth_yoy": 0.08866079929405754,
      "rev_growth_yoy_accel": 0.061893249519215834,
      "op_leverage_ratio": Infinity,
      "fcf_margin_change": 0.021048497979503478
    },
    {
      "date": "2022-12-31T00:00:00",
      "quarter_label": "2022-12 (Q4)",
      "revenue": 43905000,
      "gross_profit": 35222000,
      "operating_income": null,
      "net_income": -34762000,
      "opex": 72837000,
      "cogs": 8683000,
      "rd": null,
      "sga": null,
      "fcf": 32644000,
      "ocf": 32644000,
      "capex": null,
      "gross_margin": 0.8022320920168545,
      "op_margin": null,
      "fcf_margin": 0.7435144061040884,
      "rev_growth_yoy": 0.006856854561298904,
      "rev_growth_yoy_accel": -0.08180394473275863,
      "fcf_margin_change": 0.05500520194888692
    },
    {
      "date": "2023-03-31T00:00:00",
      "quarter_label": "2023-03 (Q1)",
      "revenue": 49644000,
      "gross_profit": 44794000,
      "operating_income": null,
      "net_income": 14200000,
      "opex": 29849000,
      "cogs": 4850000,
      "rd": null,
      "sga": null,
      "fcf": 32748000,
      "ocf": 32748000,
      "capex": null,
      "gross_margin": 0.9023044073805495,
      "op_margin": null,
      "fcf_margin": 0.6596567561034566,
      "rev_growth_yoy": 0.12108757508694278,
      "rev_growth_yoy_accel": 0.11423072052564387,
      "op_leverage_ratio": Infinity,
      "fcf_margin_change": -0.08385765000063172
    },
    {
      "date": "2023-06-30T00:00:00",
      "quarter_label": "2023-06 (Q2)",
      "revenue": 44965000,
      "gross_profit": 40092000,
      "operating_income": null,
      "net_income": 3855000,
      "opex": 35587000,
      "cogs": 4873000,
      "rd": null,
      "sga": null,
      "fcf": 31458000,
      "ocf": 31458000,
      "capex": null,
      "gross_margin": 0.8916268208606694,
      "op_margin": null,
      "fcf_margin": 0.6996108084065384,
      "rev_growth_yoy": 0.0010463511287234517,
      "rev_growth_yoy_accel": -0.12004122395821933,
      "fcf_margin_change": 0.0399540523030818
    },
    {
      "date": "2023-09-30T00:00:00",
      "quarter_label": "2023-09 (Q3)",
      "revenue": 48542000,
      "gross_profit": 43537000,
      "operating_income": null,
      "net_income": 14983000,
      "opex": 27930000,
      "cogs": 5005000,
      "rd": null,
      "sga": null,
      "fcf": 33635000,
      "ocf": 33635000,
      "capex": null,
      "gross_margin": 0.8968934118907338,
      "op_margin": null,
      "fcf_margin": 0.6929051130979358,
      "rev_growth_yoy": 0.03543013160982061,
      "rev_growth_yoy_accel": 0.03438378048109716,
      "op_leverage_ratio": Infinity,
      "fcf_margin_change": -0.006705695308602655
    },
    {
      "date": "2023-12-31T00:00:00",
      "quarter_label": "2023-12 (Q4)",
      "revenue": 45914000,
      "gross_profit": 40446000,
      "operating_income": null,
      "net_income": -8996000,
      "opex": 49271000,
      "cogs": 5468000,
      "rd": null,
      "sga": null,
      "fcf": 31083000,
      "ocf": 31083000,
      "capex": null,
      "gross_margin": 0.8809077841181339,
      "op_margin": null,
      "fcf_margin": 0.6769830552772574,
      "rev_growth_yoy": 0.045757886345518736,
      "rev_growth_yoy_accel": 0.010327754735698129,
      "fcf_margin_change": -0.015922057820678348
    },
    {
      "date": "2024-03-31T00:00:00",
      "quarter_label": "2024-03 (Q1)",
      "revenue": 50639000,
      "gross_profit": 45085000,
      "operating_income": null,
      "net_income": 14980000,
      "opex": 32682000,
      "cogs": 5554000,
      "rd": null,
      "sga": null,
      "fcf": 36572000,
      "ocf": 36572000,
      "capex": null,
      "gross_margin": 0.8903216888169198,
      "op_margin": null,
      "fcf_margin": 0.722210154228954,
      "rev_growth_yoy": 0.02004270405285634,
      "rev_growth_yoy_accel": -0.025715182292662397,
      "op_leverage_ratio": Infinity,
      "fcf_margin_change": 0.04522709895169652
    },
    {
      "date": "2024-06-30T00:00:00",
      "quarter_label": "2024-06 (Q2)",
      "revenue": 43554000,
      "gross_profit": 37705000,
      "operating_income": null,
      "net_income": 4628000,
      "opex": 34784000,
      "cogs": 5849000,
      "rd": null,
      "sga": null,
      "fcf": 31640000,
      "ocf": 31640000,
      "capex": null,
      "gross_margin": 0.8657069385131102,
      "op_margin": null,
      "fcf_margin": 0.7264545162327226,
      "rev_growth_yoy": -0.031379962192816635,
      "rev_growth_yoy_accel": -0.051422666245672974,
      "fcf_margin_change": 0.004244362003768654
    },
    {
      "date": "2024-09-30T00:00:00",
      "quarter_label": "2024-09 (Q3)",
      "revenue": 46118000,
      "gross_profit": 40295000,
      "operating_income": null,
      "net_income": 11935000,
      "opex": 29312000,
      "cogs": 5823000,
      "rd": null,
      "sga": null,
      "fcf": 29055000,
      "ocf": 29055000,
      "capex": null,
      "gross_margin": 0.8737369356867167,
      "op_margin": null,
      "fcf_margin": 0.630014311114966,
      "rev_growth_yoy": -0.04993613777759466,
      "rev_growth_yoy_accel": -0.018556175584778026,
      "op_leverage_ratio": Infinity,
      "fcf_margin_change": -0.09644020511775664
    },
    {
      "date": "2025-06-30T00:00:00",
      "quarter_label": "2025-06 (Q2)",
      "revenue": 48732000,
      "gross_profit": 42741000,
      "operating_income": null,
      "net_income": 8598000,
      "opex": 32563000,
      "cogs": 5991000,
      "rd": null,
      "sga": null,
      "fcf": 31925000,
      "ocf": 31925000,
      "capex": null,
      "gross_margin": 0.8770622999261266,
      "op_margin": null,
      "fcf_margin": 0.6551136830009029,
      "rev_growth_yoy": 0.11888689902190384,
      "rev_growth_yoy_accel": 0.1688230367994985,
      "op_leverage_ratio": 0.5110502449222541,
      "fcf_margin_change": 0.025099371885936916
    },
    {
      "date": "2025-09-30T00:00:00",
      "quarter_label": "2025-09 (Q3)",
      "revenue": 49848000,
      "gross_profit": 43928000,
      "operating_income": null,
      "net_income": 11609000,
      "opex": 30004000,
      "cogs": 5920000,
      "rd": null,
      "sga": null,
      "fcf": 30047000,
      "ocf": 30047000,
      "capex": null,
      "gross_margin": 0.8812389664580325,
      "op_margin": null,
      "fcf_margin": 0.6027724281816723,
      "rev_growth_yoy": 0.08087948306518063,
      "rev_growth_yoy_accel": -0.03800741595672322,
      "op_leverage_ratio": Infinity,
      "fcf_margin_change": -0.052341254819230576
    }
  ],
  "signals": [
    {
      "quarter": "2025-06 (Q2)",
      "signal": "YoY REVENUE GROWTH ACCELERATION",
      "detail": "YoY growth: +11.9% vs prior quarter YoY: -5.0% (accel: +16.9%)",
      "severity": "HIGH"
    },
    {
      "quarter": "2024-06 (Q2)",
      "signal": "YoY REVENUE GROWTH DECELERATION",
      "detail": "YoY growth: -3.1% vs prior quarter YoY: +2.0% (decel: -5.1%)",
      "severity": "WARNING"
    },
    {
      "quarter": "2023-06 (Q2)",
      "signal": "YoY REVENUE GROWTH DECELERATION",
      "detail": "YoY growth: +0.1% vs prior quarter YoY: +12.1% (decel: -12.0%)",
      "severity": "WARNING"
    },
    {
      "quarter": "2023-03 (Q1)",
      "signal": "GROSS MARGIN INFLECTION",
      "detail": "GM: +93.1% -> +80.2% -> +90.2% (reversal +10.0%)",
      "severity": "HIGH"
    },
    {
      "quarter": "2023-03 (Q1)",
      "signal": "YoY REVENUE GROWTH ACCELERATION",
      "detail": "YoY growth: +12.1% vs prior quarter YoY: +0.7% (accel: +11.4%)",
      "severity": "MEDIUM"
    },
    {
      "quarter": "2022-12 (Q4)",
      "signal": "FCF MARGIN EXPANSION",
      "detail": "FCF margin: +68.9% -> +74.4% (+5.5%)",
      "severity": "MEDIUM"
    },
    {
      "quarter": "2022-12 (Q4)",
      "signal": "YoY REVENUE GROWTH DECELERATION",
      "detail": "YoY growth: +0.7% vs prior quarter YoY: +8.9% (decel: -8.2%)",
      "severity": "WARNING"
    },
    {
      "quarter": "2022-09 (Q3)",
      "signal": "YoY REVENUE GROWTH ACCELERATION",
      "detail": "YoY growth: +8.9% vs prior quarter YoY: +2.7% (accel: +6.2%)",
      "severity": "MEDIUM"
    },
    {
      "quarter": "2022-06 (Q2)",
      "signal": "FCF MARGIN EXPANSION",
      "detail": "FCF margin: +60.5% -> +66.7% (+6.3%)",
      "severity": "MEDIUM"
    },
    {
      "quarter": "2022-06 (Q2)",
      "signal": "YoY REVENUE GROWTH ACCELERATION",
      "detail": "YoY growth: +2.7% vs prior quarter YoY: -34.8% (accel: +37.5%)",
      "severity": "HIGH"
    },
    {
      "quarter": "2022-06 (Q2)",
      "signal": "INCREMENTAL MARGIN (YoY)",
      "detail": "YoY Incr OPM: +603.3% vs year-ago OPM: +21.2%",
      "severity": "HIGH"
    },
    {
      "quarter": "2021-12 (Q4)",
      "signal": "FCF MARGIN EXPANSION",
      "detail": "FCF margin: +55.0% -> +73.7% (+18.6%)",
      "severity": "MEDIUM"
    },
    {
      "quarter": "2021-09 (Q3)",
      "signal": "INCREMENTAL MARGIN (YoY)",
      "detail": "YoY Incr OPM: +44.8% vs year-ago OPM: +26.2%",
      "severity": "MEDIUM"
    },
    {
      "quarter": "2021-06 (Q2)",
      "signal": "FCF MARGIN EXPANSION",
      "detail": "FCF margin: +54.7% -> +100.6% (+45.9%)",
      "severity": "MEDIUM"
    },
    {
      "quarter": "2021-06 (Q2)",
      "signal": "INCREMENTAL MARGIN (YoY)",
      "detail": "YoY Incr OPM: +63.7% vs year-ago OPM: +36.7%",
      "severity": "HIGH"
    },
    {
      "quarter": "2021-03 (Q1)",
      "signal": "FCF MARGIN EXPANSION",
      "detail": "FCF margin: +47.5% -> +54.7% (+7.1%)",
      "severity": "MEDIUM"
    }
  ],
  "data_quality": {
    "n_quarters": 20,
    "coverage": {
      "revenue": [
        20,
        20
      ],
      "gross_profit": [
        18,
        20
      ],
      "op_income": [
        9,
        20
      ],
      "fcf": [
        18,
        20
      ]
    },
    "gaps": [
      [
        "2024-09 (Q3)",
        "2025-06 (Q2)",
        273
      ]
    ],
    "warnings": [
      "op_income: 9/20Q",
      "gap: 2Q missing between 2024-09 (Q3) and 2025-06 (Q2)"
    ]
  },
  "market_cap": null,
  "source": "SEC EDGAR",
  "last_updated": "2026-02-02T21:52:27.549949"
}