{
  "ticker": "SIRI",
  "name": "SIRIUS XM HOLDINGS INC.",
  "quarters": [
    {
      "date": "2020-12-31T00:00:00",
      "quarter_label": "2020-12 (Q4)",
      "revenue": 2189000000,
      "gross_profit": 1233000000,
      "operating_income": -503000000,
      "net_income": -677000000,
      "opex": 2692000000,
      "cogs": 968000000,
      "rd": 67000000,
      "sga": null,
      "fcf": 448000000,
      "ocf": 568000000,
      "capex": -120000000,
      "gross_margin": 0.563270899954317,
      "op_margin": -0.22978529008679763,
      "fcf_margin": 0.2046596619460941
    },
    {
      "date": "2021-03-31T00:00:00",
      "quarter_label": "2021-03 (Q1)",
      "revenue": 2058000000,
      "gross_profit": 1130000000,
      "operating_income": 254000000,
      "net_income": 219000000,
      "opex": 1804000000,
      "cogs": null,
      "rd": 64000000,
      "sga": null,
      "fcf": 214000000,
      "ocf": 292000000,
      "capex": -78000000,
      "gross_margin": 0.5490767735665695,
      "op_margin": 0.12342079689018465,
      "fcf_margin": 0.10398445092322643,
      "fcf_margin_change": -0.10067521102286768
    },
    {
      "date": "2021-06-30T00:00:00",
      "quarter_label": "2021-06 (Q2)",
      "revenue": 2159000000,
      "gross_profit": 1189000000,
      "operating_income": 658000000,
      "net_income": null,
      "opex": 1501000000,
      "cogs": null,
      "rd": 65000000,
      "sga": null,
      "fcf": 550000000,
      "ocf": 636000000,
      "capex": -86000000,
      "gross_margin": 0.5507179249652617,
      "op_margin": 0.3047707271885132,
      "fcf_margin": 0.2547475683186661,
      "op_leverage_ratio": Infinity,
      "fcf_margin_change": 0.15076311739543963
    },
    {
      "date": "2021-09-30T00:00:00",
      "quarter_label": "2021-09 (Q3)",
      "revenue": 2198000000,
      "gross_profit": 1212000000,
      "operating_income": 628000000,
      "net_income": null,
      "opex": 1570000000,
      "cogs": null,
      "rd": 68000000,
      "sga": null,
      "fcf": 363000000,
      "ocf": 443000000,
      "capex": -80000000,
      "gross_margin": 0.551410373066424,
      "op_margin": 0.2857142857142857,
      "fcf_margin": 0.1651501364877161,
      "op_leverage_ratio": 0.3929556759369273,
      "fcf_margin_change": -0.08959743183094998
    },
    {
      "date": "2021-12-31T00:00:00",
      "quarter_label": "2021-12 (Q4)",
      "revenue": 2281000000,
      "gross_profit": 1245000000,
      "operating_income": 475000000,
      "net_income": 319000000,
      "opex": 1806000000,
      "cogs": null,
      "rd": 68000000,
      "sga": null,
      "fcf": 483000000,
      "ocf": 627000000,
      "capex": -144000000,
      "gross_margin": 0.5458132398071022,
      "op_margin": 0.20824199912319158,
      "fcf_margin": 0.2117492327926348,
      "incr_op_margin_yoy": 10.630434782608695,
      "rev_growth_yoy": 0.04202832343535861,
      "op_leverage_ratio": 0.25121065375302665,
      "fcf_margin_change": 0.04659909630491871
    },
    {
      "date": "2022-03-31T00:00:00",
      "quarter_label": "2022-03 (Q1)",
      "revenue": 2186000000,
      "gross_profit": 1207000000,
      "operating_income": 510000000,
      "net_income": 309000000,
      "opex": 1676000000,
      "cogs": null,
      "rd": 67000000,
      "sga": null,
      "fcf": 258000000,
      "ocf": 355000000,
      "capex": -97000000,
      "gross_margin": 0.5521500457456542,
      "op_margin": 0.23330283623055809,
      "fcf_margin": 0.11802378774016468,
      "incr_op_margin_yoy": 2.0,
      "rev_growth_yoy": 0.062196307094266275,
      "rev_growth_yoy_accel": 0.020167983658907665,
      "fcf_margin_change": -0.09372544505247012
    },
    {
      "date": "2022-06-30T00:00:00",
      "quarter_label": "2022-06 (Q2)",
      "revenue": 2253000000,
      "gross_profit": 1218000000,
      "operating_income": 496000000,
      "net_income": null,
      "opex": 1757000000,
      "cogs": null,
      "rd": 72000000,
      "sga": null,
      "fcf": 434000000,
      "ocf": 533000000,
      "capex": -99000000,
      "gross_margin": 0.5406125166444741,
      "op_margin": 0.2201509098979139,
      "fcf_margin": 0.19263204616067467,
      "incr_op_margin_yoy": -1.7234042553191489,
      "rev_growth_yoy": 0.04353867531264474,
      "rev_growth_yoy_accel": -0.018657631781621532,
      "op_leverage_ratio": 0.634181604599415,
      "fcf_margin_change": 0.07460825842050998
    },
    {
      "date": "2022-09-30T00:00:00",
      "quarter_label": "2022-09 (Q3)",
      "revenue": 2280000000,
      "gross_profit": 1250000000,
      "operating_income": 467000000,
      "net_income": null,
      "opex": 1813000000,
      "cogs": null,
      "rd": 70000000,
      "sga": null,
      "fcf": 329000000,
      "ocf": 412000000,
      "capex": -83000000,
      "gross_margin": 0.5482456140350878,
      "op_margin": 0.20482456140350877,
      "fcf_margin": 0.1442982456140351,
      "incr_op_margin_yoy": -1.9634146341463414,
      "rev_growth_yoy": 0.0373066424021838,
      "rev_growth_yoy_accel": -0.006232032910460941,
      "op_leverage_ratio": 0.3759986684420772,
      "fcf_margin_change": -0.04833380054663958
    },
    {
      "date": "2022-12-31T00:00:00",
      "quarter_label": "2022-12 (Q4)",
      "revenue": 2283000000,
      "gross_profit": 1242000000,
      "operating_income": 562000000,
      "net_income": 365000000,
      "opex": 1721000000,
      "cogs": null,
      "rd": 77000000,
      "sga": null,
      "fcf": 534000000,
      "ocf": 681000000,
      "capex": -147000000,
      "gross_margin": 0.5440210249671484,
      "op_margin": 0.24616732369689007,
      "fcf_margin": 0.23390275952693823,
      "incr_op_margin_yoy": 43.5,
      "rev_growth_yoy": 0.0008768084173608067,
      "rev_growth_yoy_accel": -0.036429833984822996,
      "fcf_margin_change": 0.08960451391290314
    },
    {
      "date": "2023-03-31T00:00:00",
      "quarter_label": "2023-03 (Q1)",
      "revenue": 2144000000,
      "gross_profit": 1129000000,
      "operating_income": 412000000,
      "net_income": 233000000,
      "opex": 1732000000,
      "cogs": null,
      "rd": 79000000,
      "sga": null,
      "fcf": 145000000,
      "ocf": 350000000,
      "capex": -205000000,
      "gross_margin": 0.5265858208955224,
      "op_margin": 0.1921641791044776,
      "fcf_margin": 0.06763059701492537,
      "incr_op_margin_yoy": 2.3333333333333335,
      "rev_growth_yoy": -0.0192131747483989,
      "rev_growth_yoy_accel": -0.020089983165759707,
      "fcf_margin_change": -0.16627216251201288
    },
    {
      "date": "2023-06-30T00:00:00",
      "quarter_label": "2023-06 (Q2)",
      "revenue": 2250000000,
      "gross_profit": 1199000000,
      "operating_income": 479000000,
      "net_income": null,
      "opex": 1771000000,
      "cogs": null,
      "rd": 83000000,
      "sga": null,
      "fcf": 323000000,
      "ocf": 451000000,
      "capex": -128000000,
      "gross_margin": 0.5328888888888889,
      "op_margin": 0.21288888888888888,
      "fcf_margin": 0.14355555555555555,
      "incr_op_margin_yoy": 5.666666666666667,
      "rev_growth_yoy": -0.0013315579227696406,
      "rev_growth_yoy_accel": 0.017881616825629262,
      "op_leverage_ratio": 2.195656333716035,
      "fcf_margin_change": 0.07592495854063018
    },
    {
      "date": "2023-09-30T00:00:00",
      "quarter_label": "2023-09 (Q3)",
      "revenue": 2271000000,
      "gross_profit": 1227000000,
      "operating_income": 564000000,
      "net_income": 234000000,
      "opex": 1707000000,
      "cogs": null,
      "rd": 72000000,
      "sga": null,
      "fcf": 312000000,
      "ocf": 500000000,
      "capex": -188000000,
      "gross_margin": 0.5402906208718626,
      "op_margin": 0.24834874504623514,
      "fcf_margin": 0.13738441215323646,
      "incr_op_margin_yoy": -10.777777777777779,
      "rev_growth_yoy": -0.003947368421052632,
      "rev_growth_yoy_accel": -0.002615810498282991,
      "fcf_margin_change": -0.006171143402319085
    },
    {
      "date": "2023-12-31T00:00:00",
      "quarter_label": "2023-12 (Q4)",
      "revenue": 2288000000,
      "gross_profit": 1235000000,
      "operating_income": 491000000,
      "net_income": 352000000,
      "opex": 1797000000,
      "cogs": null,
      "rd": 88000000,
      "sga": null,
      "fcf": 399000000,
      "ocf": 528000000,
      "capex": -129000000,
      "gross_margin": 0.5397727272727273,
      "op_margin": 0.2145979020979021,
      "fcf_margin": 0.1743881118881119,
      "incr_op_margin_yoy": -14.2,
      "rev_growth_yoy": 0.002190100744634253,
      "rev_growth_yoy_accel": 0.006137469165686885,
      "fcf_margin_change": 0.03700369973487544
    },
    {
      "date": "2024-03-31T00:00:00",
      "quarter_label": "2024-03 (Q1)",
      "revenue": 2162000000,
      "gross_profit": 1136000000,
      "operating_income": 437000000,
      "net_income": 265000000,
      "opex": 1725000000,
      "cogs": null,
      "rd": 86000000,
      "sga": null,
      "fcf": 90000000,
      "ocf": 264000000,
      "capex": -174000000,
      "gross_margin": 0.5254394079555966,
      "op_margin": 0.20212765957446807,
      "fcf_margin": 0.041628122109158186,
      "incr_op_margin_yoy": 1.3888888888888888,
      "rev_growth_yoy": 0.008395522388059701,
      "rev_growth_yoy_accel": 0.006205421643425448,
      "fcf_margin_change": -0.1327599897789537
    },
    {
      "date": "2024-06-30T00:00:00",
      "quarter_label": "2024-06 (Q2)",
      "revenue": 2178000000,
      "gross_profit": 1166000000,
      "operating_income": 505000000,
      "net_income": 304000000,
      "opex": 1673000000,
      "cogs": null,
      "rd": 71000000,
      "sga": null,
      "fcf": 316000000,
      "ocf": 489000000,
      "capex": -173000000,
      "gross_margin": 0.5353535353535354,
      "op_margin": 0.23186409550045914,
      "fcf_margin": 0.14508723599632692,
      "incr_op_margin_yoy": -0.3611111111111111,
      "rev_growth_yoy": -0.032,
      "rev_growth_yoy_accel": -0.0403955223880597,
      "fcf_margin_change": 0.10345911388716873
    },
    {
      "date": "2024-09-30T00:00:00",
      "quarter_label": "2024-09 (Q3)",
      "revenue": 2171000000,
      "gross_profit": 1156000000,
      "operating_income": -2901000000,
      "net_income": -2456000000,
      "opex": 5072000000,
      "cogs": null,
      "rd": 68000000,
      "sga": null,
      "fcf": 93000000,
      "ocf": 309000000,
      "capex": -216000000,
      "gross_margin": 0.5324735145094427,
      "op_margin": -1.336250575771534,
      "fcf_margin": 0.04283740211883925,
      "incr_op_margin_yoy": 34.65,
      "rev_growth_yoy": -0.044033465433729636,
      "rev_growth_yoy_accel": -0.012033465433729636,
      "fcf_margin_change": -0.10224983387748768
    },
    {
      "date": "2024-12-31T00:00:00",
      "quarter_label": "2024-12 (Q4)",
      "revenue": 2188000000,
      "gross_profit": 1159000000,
      "operating_income": 505000000,
      "net_income": 287000000,
      "opex": 1683000000,
      "cogs": null,
      "rd": 72000000,
      "sga": null,
      "fcf": 514000000,
      "ocf": 679000000,
      "capex": -165000000,
      "gross_margin": 0.529707495429616,
      "op_margin": 0.23080438756855576,
      "fcf_margin": 0.23491773308957953,
      "incr_op_margin_yoy": -0.14,
      "rev_growth_yoy": -0.043706293706293704,
      "rev_growth_yoy_accel": 0.00032717172743593204,
      "fcf_margin_change": 0.1920803309707403
    },
    {
      "date": "2025-03-31T00:00:00",
      "quarter_label": "2025-03 (Q1)",
      "revenue": 2068000000,
      "gross_profit": 1076000000,
      "operating_income": 387000000,
      "net_income": 204000000,
      "opex": 1681000000,
      "cogs": null,
      "rd": 73000000,
      "sga": null,
      "fcf": 53000000,
      "ocf": 242000000,
      "capex": -189000000,
      "gross_margin": 0.5203094777562862,
      "op_margin": 0.18713733075435204,
      "fcf_margin": 0.02562862669245648,
      "incr_op_margin_yoy": 0.5319148936170213,
      "rev_growth_yoy": -0.043478260869565216,
      "rev_growth_yoy_accel": 0.00022803283672848812,
      "fcf_margin_change": -0.20928910639712306
    },
    {
      "date": "2025-06-30T00:00:00",
      "quarter_label": "2025-06 (Q2)",
      "revenue": 2138000000,
      "gross_profit": 1120000000,
      "operating_income": 365000000,
      "net_income": 205000000,
      "opex": 1773000000,
      "cogs": null,
      "rd": 56000000,
      "sga": null,
      "fcf": 401000000,
      "ocf": 546000000,
      "capex": -145000000,
      "gross_margin": 0.5238540692235735,
      "op_margin": 0.1707202993451824,
      "fcf_margin": 0.18755846585594013,
      "incr_op_margin_yoy": 3.5,
      "rev_growth_yoy": -0.018365472910927456,
      "rev_growth_yoy_accel": 0.02511278795863776,
      "op_leverage_ratio": 0.6184824657303843,
      "fcf_margin_change": 0.16192983916348366
    },
    {
      "date": "2025-09-30T00:00:00",
      "quarter_label": "2025-09 (Q3)",
      "revenue": 2159000000,
      "gross_profit": 1128000000,
      "operating_income": 493000000,
      "net_income": 297000000,
      "opex": 1666000000,
      "cogs": null,
      "rd": 62000000,
      "sga": null,
      "fcf": 255000000,
      "ocf": 430000000,
      "capex": -175000000,
      "gross_margin": 0.5224641037517369,
      "op_margin": 0.2283464566929134,
      "fcf_margin": 0.11811023622047244,
      "incr_op_margin_yoy": -282.8333333333333,
      "rev_growth_yoy": -0.0055274067250115156,
      "rev_growth_yoy_accel": 0.012838066185915941,
      "fcf_margin_change": -0.06944822963546769
    }
  ],
  "signals": [
    {
      "quarter": "2025-09 (Q3)",
      "signal": "OP MARGIN TURNED POSITIVE (YoY)",
      "detail": "Op margin: -133.6% (year-ago) -> +22.8%",
      "severity": "HIGH"
    },
    {
      "quarter": "2025-06 (Q2)",
      "signal": "FCF MARGIN EXPANSION",
      "detail": "FCF margin: +2.6% -> +18.8% (+16.2%)",
      "severity": "MEDIUM"
    },
    {
      "quarter": "2025-06 (Q2)",
      "signal": "INCREMENTAL MARGIN (YoY)",
      "detail": "YoY Incr OPM: +350.0% vs year-ago OPM: +23.2%",
      "severity": "HIGH"
    },
    {
      "quarter": "2025-03 (Q1)",
      "signal": "INCREMENTAL MARGIN (YoY)",
      "detail": "YoY Incr OPM: +53.2% vs year-ago OPM: +20.2%",
      "severity": "HIGH"
    },
    {
      "quarter": "2024-12 (Q4)",
      "signal": "FCF MARGIN EXPANSION",
      "detail": "FCF margin: +4.3% -> +23.5% (+19.2%)",
      "severity": "MEDIUM"
    },
    {
      "quarter": "2024-12 (Q4)",
      "signal": "OP MARGIN TURNED POSITIVE (QoQ)",
      "detail": "Op margin: -133.6% -> +23.1%",
      "severity": "HIGH"
    },
    {
      "quarter": "2024-06 (Q2)",
      "signal": "FCF MARGIN EXPANSION",
      "detail": "FCF margin: +4.2% -> +14.5% (+10.3%)",
      "severity": "MEDIUM"
    },
    {
      "quarter": "2024-03 (Q1)",
      "signal": "INCREMENTAL MARGIN (YoY)",
      "detail": "YoY Incr OPM: +138.9% vs year-ago OPM: +19.2%",
      "severity": "HIGH"
    },
    {
      "quarter": "2023-06 (Q2)",
      "signal": "FCF MARGIN EXPANSION",
      "detail": "FCF margin: +6.8% -> +14.4% (+7.6%)",
      "severity": "MEDIUM"
    },
    {
      "quarter": "2023-06 (Q2)",
      "signal": "OPERATING LEVERAGE",
      "detail": "Rev growth +4.9% vs OpEx growth +2.3% (leverage: 2.2x)",
      "severity": "MEDIUM"
    },
    {
      "quarter": "2023-06 (Q2)",
      "signal": "INCREMENTAL MARGIN (YoY)",
      "detail": "YoY Incr OPM: +566.7% vs year-ago OPM: +22.0%",
      "severity": "HIGH"
    },
    {
      "quarter": "2023-03 (Q1)",
      "signal": "INCREMENTAL MARGIN (YoY)",
      "detail": "YoY Incr OPM: +233.3% vs year-ago OPM: +23.3%",
      "severity": "HIGH"
    },
    {
      "quarter": "2022-12 (Q4)",
      "signal": "FCF MARGIN EXPANSION",
      "detail": "FCF margin: +14.4% -> +23.4% (+9.0%)",
      "severity": "MEDIUM"
    },
    {
      "quarter": "2022-12 (Q4)",
      "signal": "INCREMENTAL MARGIN (YoY)",
      "detail": "YoY Incr OPM: +4350.0% vs year-ago OPM: +20.8%",
      "severity": "HIGH"
    },
    {
      "quarter": "2022-06 (Q2)",
      "signal": "FCF MARGIN EXPANSION",
      "detail": "FCF margin: +11.8% -> +19.3% (+7.5%)",
      "severity": "MEDIUM"
    },
    {
      "quarter": "2022-03 (Q1)",
      "signal": "INCREMENTAL MARGIN (YoY)",
      "detail": "YoY Incr OPM: +200.0% vs year-ago OPM: +12.3%",
      "severity": "HIGH"
    },
    {
      "quarter": "2021-12 (Q4)",
      "signal": "OP MARGIN TURNED POSITIVE (YoY)",
      "detail": "Op margin: -23.0% (year-ago) -> +20.8%",
      "severity": "HIGH"
    },
    {
      "quarter": "2021-06 (Q2)",
      "signal": "FCF MARGIN EXPANSION",
      "detail": "FCF margin: +10.4% -> +25.5% (+15.1%)",
      "severity": "MEDIUM"
    },
    {
      "quarter": "2021-03 (Q1)",
      "signal": "OP MARGIN TURNED POSITIVE (QoQ)",
      "detail": "Op margin: -23.0% -> +12.3%",
      "severity": "HIGH"
    }
  ],
  "data_quality": {
    "n_quarters": 20,
    "coverage": {
      "revenue": [
        20,
        20
      ],
      "gross_profit": [
        20,
        20
      ],
      "op_income": [
        20,
        20
      ],
      "fcf": [
        20,
        20
      ]
    },
    "gaps": [],
    "warnings": []
  },
  "market_cap": null,
  "source": "SEC EDGAR",
  "last_updated": "2026-02-02T20:52:11.141012"
}