{
  "ticker": "SITC",
  "name": "SITE Centers Corp.",
  "quarters": [
    {
      "date": "2020-12-31T00:00:00",
      "quarter_label": "2020-12 (Q4)",
      "revenue": 117898000,
      "gross_profit": null,
      "operating_income": 81817000,
      "net_income": -1286000,
      "opex": 101275000,
      "cogs": null,
      "rd": null,
      "sga": null,
      "fcf": 64236000,
      "ocf": 64236000,
      "capex": null,
      "gross_margin": null,
      "op_margin": 0.6939642742031248,
      "fcf_margin": 0.5448438480720623
    },
    {
      "date": "2021-03-31T00:00:00",
      "quarter_label": "2021-03 (Q1)",
      "revenue": 128139000,
      "gross_profit": null,
      "operating_income": null,
      "net_income": 16008000,
      "opex": 110105000,
      "cogs": null,
      "rd": null,
      "sga": null,
      "fcf": 56110000,
      "ocf": 56110000,
      "capex": null,
      "gross_margin": null,
      "op_margin": null,
      "fcf_margin": 0.43788386049524347,
      "op_leverage_ratio": 0.9962709718539552,
      "fcf_margin_change": -0.10695998757681885
    },
    {
      "date": "2021-06-30T00:00:00",
      "quarter_label": "2021-06 (Q2)",
      "revenue": 135468000,
      "gross_profit": null,
      "operating_income": null,
      "net_income": 21869000,
      "opex": 98599000,
      "cogs": null,
      "rd": null,
      "sga": null,
      "fcf": 88646000,
      "ocf": 88646000,
      "capex": null,
      "gross_margin": null,
      "op_margin": null,
      "fcf_margin": 0.6543685593645732,
      "op_leverage_ratio": Infinity,
      "fcf_margin_change": 0.2164846988693297
    },
    {
      "date": "2021-09-30T00:00:00",
      "quarter_label": "2021-09 (Q3)",
      "revenue": 134441000,
      "gross_profit": null,
      "operating_income": null,
      "net_income": 28064000,
      "opex": 94118000,
      "cogs": null,
      "rd": null,
      "sga": null,
      "fcf": 72608000,
      "ocf": 72608000,
      "capex": null,
      "gross_margin": null,
      "op_margin": null,
      "fcf_margin": 0.5400733407219523,
      "fcf_margin_change": -0.11429521864262082
    },
    {
      "date": "2021-12-31T00:00:00",
      "quarter_label": "2021-12 (Q4)",
      "revenue": 134816000,
      "gross_profit": null,
      "operating_income": null,
      "net_income": 58994000,
      "opex": 98055000,
      "cogs": null,
      "rd": null,
      "sga": null,
      "fcf": 65151000,
      "ocf": 65151000,
      "capex": null,
      "gross_margin": null,
      "op_margin": null,
      "fcf_margin": 0.4832586636600997,
      "rev_growth_yoy": 0.1434969210673633,
      "fcf_margin_change": -0.05681467706185267
    },
    {
      "date": "2022-03-31T00:00:00",
      "quarter_label": "2022-03 (Q1)",
      "revenue": 134320000,
      "gross_profit": null,
      "operating_income": null,
      "net_income": 13937000,
      "opex": 104734000,
      "cogs": null,
      "rd": null,
      "sga": null,
      "fcf": 50021000,
      "ocf": 50021000,
      "capex": null,
      "gross_margin": null,
      "op_margin": null,
      "fcf_margin": 0.3724017272185825,
      "rev_growth_yoy": 0.048236680479791474,
      "rev_growth_yoy_accel": -0.09526024058757183,
      "fcf_margin_change": -0.11085693644151717
    },
    {
      "date": "2022-06-30T00:00:00",
      "quarter_label": "2022-06 (Q2)",
      "revenue": 140682000,
      "gross_profit": null,
      "operating_income": null,
      "net_income": 60390000,
      "opex": 107812000,
      "cogs": null,
      "rd": null,
      "sga": null,
      "fcf": 82086000,
      "ocf": 82086000,
      "capex": null,
      "gross_margin": null,
      "op_margin": null,
      "fcf_margin": 0.583486160276368,
      "rev_growth_yoy": 0.0384887944016299,
      "rev_growth_yoy_accel": -0.009747886078161572,
      "op_leverage_ratio": 1.611654913484271,
      "fcf_margin_change": 0.21108443305778551
    },
    {
      "date": "2022-09-30T00:00:00",
      "quarter_label": "2022-09 (Q3)",
      "revenue": 138843000,
      "gross_profit": null,
      "operating_income": null,
      "net_income": 66195000,
      "opex": 104715000,
      "cogs": null,
      "rd": null,
      "sga": null,
      "fcf": 73379000,
      "ocf": 73379000,
      "capex": null,
      "gross_margin": null,
      "op_margin": null,
      "fcf_margin": 0.5285034175291516,
      "rev_growth_yoy": 0.0327429876302616,
      "rev_growth_yoy_accel": -0.005745806771368302,
      "fcf_margin_change": -0.05498274274721637
    },
    {
      "date": "2022-12-31T00:00:00",
      "quarter_label": "2022-12 (Q4)",
      "revenue": 138508000,
      "gross_profit": null,
      "operating_income": null,
      "net_income": 28197000,
      "opex": 105369000,
      "cogs": null,
      "rd": null,
      "sga": null,
      "fcf": 51776000,
      "ocf": 51776000,
      "capex": null,
      "gross_margin": null,
      "op_margin": null,
      "fcf_margin": 0.37381234296935917,
      "rev_growth_yoy": 0.0273854735342986,
      "rev_growth_yoy_accel": -0.005357514095963002,
      "fcf_margin_change": -0.15469107455979247
    },
    {
      "date": "2023-03-31T00:00:00",
      "quarter_label": "2023-03 (Q1)",
      "revenue": 138692000,
      "gross_profit": null,
      "operating_income": null,
      "net_income": 15284000,
      "opex": 107880000,
      "cogs": null,
      "rd": null,
      "sga": null,
      "fcf": 42167000,
      "ocf": 42167000,
      "capex": null,
      "gross_margin": null,
      "op_margin": null,
      "fcf_margin": 0.30403339774464283,
      "rev_growth_yoy": 0.032549136390708756,
      "rev_growth_yoy_accel": 0.0051636628564101575,
      "fcf_margin_change": -0.06977894522471634
    },
    {
      "date": "2023-06-30T00:00:00",
      "quarter_label": "2023-06 (Q2)",
      "revenue": 138158000,
      "gross_profit": null,
      "operating_income": null,
      "net_income": 5353000,
      "opex": 115484000,
      "cogs": null,
      "rd": null,
      "sga": null,
      "fcf": 84630000,
      "ocf": 84630000,
      "capex": null,
      "gross_margin": null,
      "op_margin": null,
      "fcf_margin": 0.6125595332879746,
      "rev_growth_yoy": -0.017941172289276525,
      "rev_growth_yoy_accel": -0.05049030867998528,
      "fcf_margin_change": 0.3085261355433318
    },
    {
      "date": "2023-09-30T00:00:00",
      "quarter_label": "2023-09 (Q3)",
      "revenue": 144759000,
      "gross_profit": null,
      "operating_income": null,
      "net_income": 48642000,
      "opex": 105609000,
      "cogs": null,
      "rd": null,
      "sga": null,
      "fcf": 65252000,
      "ocf": 65252000,
      "capex": null,
      "gross_margin": null,
      "op_margin": null,
      "fcf_margin": 0.45076299228372674,
      "rev_growth_yoy": 0.04260927810548605,
      "rev_growth_yoy_accel": 0.060550450394762576,
      "op_leverage_ratio": Infinity,
      "fcf_margin_change": -0.1617965410042479
    },
    {
      "date": "2023-12-31T00:00:00",
      "quarter_label": "2023-12 (Q4)",
      "revenue": 124666000,
      "gross_profit": null,
      "operating_income": null,
      "net_income": 196424000,
      "opex": 100075000,
      "cogs": null,
      "rd": null,
      "sga": null,
      "fcf": 46484000,
      "ocf": 46484000,
      "capex": null,
      "gross_margin": null,
      "op_margin": null,
      "fcf_margin": 0.37286830410857813,
      "rev_growth_yoy": -0.0999364657637104,
      "rev_growth_yoy_accel": -0.14254574386919644,
      "fcf_margin_change": -0.07789468817514861
    },
    {
      "date": "2024-03-31T00:00:00",
      "quarter_label": "2024-03 (Q1)",
      "revenue": 122091000,
      "gross_profit": null,
      "operating_income": null,
      "net_income": -23552000,
      "opex": 158104000,
      "cogs": null,
      "rd": null,
      "sga": null,
      "fcf": 39952000,
      "ocf": 39952000,
      "capex": null,
      "gross_margin": null,
      "op_margin": null,
      "fcf_margin": 0.32723132745247396,
      "rev_growth_yoy": -0.11969688230034897,
      "rev_growth_yoy_accel": -0.01976041653663857,
      "fcf_margin_change": -0.04563697665610417
    },
    {
      "date": "2024-06-30T00:00:00",
      "quarter_label": "2024-06 (Q2)",
      "revenue": 115671000,
      "gross_profit": null,
      "operating_income": null,
      "net_income": 238245000,
      "opex": 88551000,
      "cogs": null,
      "rd": null,
      "sga": null,
      "fcf": 66491000,
      "ocf": 66491000,
      "capex": null,
      "gross_margin": null,
      "op_margin": null,
      "fcf_margin": 0.5748286087264742,
      "rev_growth_yoy": -0.16276292360920105,
      "rev_growth_yoy_accel": -0.04306604130885208,
      "fcf_margin_change": 0.24759728127400027
    },
    {
      "date": "2024-09-30T00:00:00",
      "quarter_label": "2024-09 (Q3)",
      "revenue": 90763000,
      "gross_profit": null,
      "operating_income": null,
      "net_income": 322953000,
      "opex": 77717000,
      "cogs": null,
      "rd": null,
      "sga": null,
      "fcf": 36756000,
      "ocf": 36756000,
      "capex": null,
      "gross_margin": null,
      "op_margin": null,
      "fcf_margin": 0.4049667816180602,
      "rev_growth_yoy": -0.37300616887378335,
      "rev_growth_yoy_accel": -0.2102432452645823,
      "fcf_margin_change": -0.16986182710841402
    },
    {
      "date": "2024-12-31T00:00:00",
      "quarter_label": "2024-12 (Q4)",
      "revenue": -51058000,
      "gross_profit": null,
      "operating_income": null,
      "net_income": -5822000,
      "opex": -13684000,
      "cogs": null,
      "rd": null,
      "sga": null,
      "fcf": -31155000,
      "ocf": -31155000,
      "capex": null,
      "gross_margin": null,
      "op_margin": null,
      "fcf_margin": 0.6101884131771711,
      "rev_growth_yoy": -1.4095583398841705,
      "rev_growth_yoy_accel": -1.036552171010387,
      "fcf_margin_change": 0.20522163155911088
    },
    {
      "date": "2025-03-31T00:00:00",
      "quarter_label": "2025-03 (Q1)",
      "revenue": 42623000,
      "gross_profit": null,
      "operating_income": null,
      "net_income": null,
      "opex": 34500000,
      "cogs": null,
      "rd": null,
      "sga": null,
      "fcf": 5723000,
      "ocf": 5723000,
      "capex": null,
      "gross_margin": null,
      "op_margin": null,
      "fcf_margin": 0.13427022968819652,
      "rev_growth_yoy": -0.6508915481075591,
      "rev_growth_yoy_accel": 0.7586667917766113,
      "fcf_margin_change": -0.4759181834889746
    },
    {
      "date": "2025-06-30T00:00:00",
      "quarter_label": "2025-06 (Q2)",
      "revenue": 33470000,
      "gross_profit": null,
      "operating_income": null,
      "net_income": null,
      "opex": 33486000,
      "cogs": null,
      "rd": null,
      "sga": null,
      "fcf": 17210000,
      "ocf": 17210000,
      "capex": null,
      "gross_margin": null,
      "op_margin": null,
      "fcf_margin": 0.514191813564386,
      "rev_growth_yoy": -0.7106448461585013,
      "rev_growth_yoy_accel": -0.059753298050942205,
      "fcf_margin_change": 0.3799215838761895
    },
    {
      "date": "2025-09-30T00:00:00",
      "quarter_label": "2025-09 (Q3)",
      "revenue": 27100000,
      "gross_profit": null,
      "operating_income": null,
      "net_income": null,
      "opex": 137033000,
      "cogs": null,
      "rd": null,
      "sga": null,
      "fcf": 5151000,
      "ocf": 5151000,
      "capex": null,
      "gross_margin": null,
      "op_margin": null,
      "fcf_margin": 0.1900738007380074,
      "rev_growth_yoy": -0.7014201822328482,
      "rev_growth_yoy_accel": 0.009224663925653132,
      "fcf_margin_change": -0.32411801282637864
    }
  ],
  "signals": [
    {
      "quarter": "2025-06 (Q2)",
      "signal": "FCF MARGIN EXPANSION",
      "detail": "FCF margin: +13.4% -> +51.4% (+38.0%)",
      "severity": "MEDIUM"
    },
    {
      "quarter": "2025-06 (Q2)",
      "signal": "YoY REVENUE GROWTH DECELERATION",
      "detail": "YoY growth: -71.1% vs prior quarter YoY: -65.1% (decel: -6.0%)",
      "severity": "WARNING"
    },
    {
      "quarter": "2025-03 (Q1)",
      "signal": "YoY REVENUE GROWTH ACCELERATION",
      "detail": "YoY growth: -65.1% vs prior quarter YoY: -141.0% (accel: +75.9%)",
      "severity": "HIGH"
    },
    {
      "quarter": "2024-12 (Q4)",
      "signal": "FCF MARGIN EXPANSION",
      "detail": "FCF margin: +40.5% -> +61.0% (+20.5%)",
      "severity": "MEDIUM"
    },
    {
      "quarter": "2024-12 (Q4)",
      "signal": "YoY REVENUE GROWTH DECELERATION",
      "detail": "YoY growth: -141.0% vs prior quarter YoY: -37.3% (decel: -103.7%)",
      "severity": "WARNING"
    },
    {
      "quarter": "2024-09 (Q3)",
      "signal": "YoY REVENUE GROWTH DECELERATION",
      "detail": "YoY growth: -37.3% vs prior quarter YoY: -16.3% (decel: -21.0%)",
      "severity": "WARNING"
    },
    {
      "quarter": "2024-06 (Q2)",
      "signal": "FCF MARGIN EXPANSION",
      "detail": "FCF margin: +32.7% -> +57.5% (+24.8%)",
      "severity": "MEDIUM"
    },
    {
      "quarter": "2023-12 (Q4)",
      "signal": "YoY REVENUE GROWTH DECELERATION",
      "detail": "YoY growth: -10.0% vs prior quarter YoY: +4.3% (decel: -14.3%)",
      "severity": "WARNING"
    },
    {
      "quarter": "2023-09 (Q3)",
      "signal": "YoY REVENUE GROWTH ACCELERATION",
      "detail": "YoY growth: +4.3% vs prior quarter YoY: -1.8% (accel: +6.1%)",
      "severity": "MEDIUM"
    },
    {
      "quarter": "2023-06 (Q2)",
      "signal": "FCF MARGIN EXPANSION",
      "detail": "FCF margin: +30.4% -> +61.3% (+30.9%)",
      "severity": "MEDIUM"
    },
    {
      "quarter": "2023-06 (Q2)",
      "signal": "YoY REVENUE GROWTH DECELERATION",
      "detail": "YoY growth: -1.8% vs prior quarter YoY: +3.3% (decel: -5.0%)",
      "severity": "WARNING"
    },
    {
      "quarter": "2022-06 (Q2)",
      "signal": "FCF MARGIN EXPANSION",
      "detail": "FCF margin: +37.2% -> +58.3% (+21.1%)",
      "severity": "MEDIUM"
    },
    {
      "quarter": "2022-06 (Q2)",
      "signal": "OPERATING LEVERAGE",
      "detail": "Rev growth +4.7% vs OpEx growth +2.9% (leverage: 1.6x)",
      "severity": "MEDIUM"
    },
    {
      "quarter": "2022-03 (Q1)",
      "signal": "YoY REVENUE GROWTH DECELERATION",
      "detail": "YoY growth: +4.8% vs prior quarter YoY: +14.3% (decel: -9.5%)",
      "severity": "WARNING"
    },
    {
      "quarter": "2021-06 (Q2)",
      "signal": "FCF MARGIN EXPANSION",
      "detail": "FCF margin: +43.8% -> +65.4% (+21.6%)",
      "severity": "MEDIUM"
    }
  ],
  "data_quality": {
    "n_quarters": 20,
    "coverage": {
      "revenue": [
        20,
        20
      ],
      "gross_profit": [
        0,
        20
      ],
      "op_income": [
        1,
        20
      ],
      "fcf": [
        20,
        20
      ]
    },
    "gaps": [],
    "warnings": [
      "gross_profit: no data",
      "op_income: 1/20Q"
    ]
  },
  "market_cap": null,
  "source": "SEC EDGAR",
  "last_updated": "2026-02-02T22:43:50.770203"
}