{
  "ticker": "SKIL",
  "name": "Skillsoft Corp.",
  "quarters": [
    {
      "date": "2020-07-31T00:00:00",
      "quarter_label": "2020-07 (Q3)",
      "revenue": 116835000,
      "gross_profit": 95217000,
      "operating_income": null,
      "net_income": null,
      "opex": null,
      "cogs": 21618000,
      "rd": 16835000,
      "sga": null,
      "fcf": null,
      "ocf": null,
      "capex": null,
      "gross_margin": 0.8149698292463731,
      "op_margin": null,
      "fcf_margin": null
    },
    {
      "date": "2021-04-30T00:00:00",
      "quarter_label": "2021-04 (Q2)",
      "revenue": 91701000,
      "gross_profit": 67180000,
      "operating_income": -27703000,
      "net_income": -37405000,
      "opex": 119404000,
      "cogs": 24521000,
      "rd": 16607000,
      "sga": null,
      "fcf": 39290000,
      "ocf": 39676000,
      "capex": -386000,
      "gross_margin": 0.7325983358960099,
      "op_margin": -0.3021013947503299,
      "fcf_margin": 0.4284577049323344
    },
    {
      "date": "2021-10-31T00:00:00",
      "quarter_label": "2021-10 (Q4)",
      "revenue": 170559000,
      "gross_profit": 121668000,
      "operating_income": -4355000,
      "net_income": -42855000,
      "opex": 174914000,
      "cogs": 48891000,
      "rd": 16437000,
      "sga": null,
      "fcf": null,
      "ocf": null,
      "capex": null,
      "gross_margin": 0.713348460063673,
      "op_margin": -0.025533686290374592,
      "fcf_margin": null,
      "op_leverage_ratio": 1.8497768291699064
    },
    {
      "date": "2022-01-31T00:00:00",
      "quarter_label": "2022-01 (Q1)",
      "revenue": 166183000,
      "gross_profit": 116666000,
      "operating_income": -22400000,
      "net_income": 7903000,
      "opex": 188583000,
      "cogs": 49517000,
      "rd": 20367000,
      "sga": null,
      "fcf": null,
      "ocf": null,
      "capex": null,
      "gross_margin": 0.7020333006384528,
      "op_margin": -0.13479116395780555,
      "fcf_margin": null
    },
    {
      "date": "2022-04-30T00:00:00",
      "quarter_label": "2022-04 (Q2)",
      "revenue": 163914000,
      "gross_profit": 116280000,
      "operating_income": -42377000,
      "net_income": -21643000,
      "opex": 206291000,
      "cogs": 47634000,
      "rd": 22773000,
      "sga": null,
      "fcf": 6269000,
      "ocf": 7882000,
      "capex": -1613000,
      "gross_margin": 0.7093963907902925,
      "op_margin": -0.2585319130763693,
      "fcf_margin": 0.038245665409910076,
      "incr_op_margin_yoy": -0.20320440917840277,
      "rev_growth_yoy": 0.7874832335525239
    },
    {
      "date": "2022-07-31T00:00:00",
      "quarter_label": "2022-07 (Q3)",
      "revenue": 140574000,
      "gross_profit": 105576000,
      "operating_income": -110782000,
      "net_income": -121499000,
      "opex": 251356000,
      "cogs": 34998000,
      "rd": 19693000,
      "sga": null,
      "fcf": -22800000,
      "ocf": -20885000,
      "capex": -1915000,
      "gross_margin": 0.7510350420419138,
      "op_margin": -0.7880689174385022,
      "fcf_margin": -0.16219215502155448,
      "fcf_margin_change": -0.20043782043146458
    },
    {
      "date": "2022-10-31T00:00:00",
      "quarter_label": "2022-10 (Q4)",
      "revenue": 139390000,
      "gross_profit": 102735000,
      "operating_income": -608702000,
      "net_income": -528343000,
      "opex": 748093000,
      "cogs": 36655000,
      "rd": 17252000,
      "sga": null,
      "fcf": -11743000,
      "ocf": -10558000,
      "capex": -1185000,
      "gross_margin": 0.7370327857091613,
      "op_margin": -4.366898629743884,
      "fcf_margin": -0.08424564172465744,
      "incr_op_margin_yoy": 19.389361224293367,
      "rev_growth_yoy": -0.18274614649476134,
      "fcf_margin_change": 0.07794651329689704
    },
    {
      "date": "2023-01-31T00:00:00",
      "quarter_label": "2023-01 (Q1)",
      "revenue": 140321000,
      "gross_profit": 97968000,
      "operating_income": -39401000,
      "net_income": -53479000,
      "opex": 179722000,
      "cogs": 42353000,
      "rd": 16520000,
      "sga": null,
      "fcf": 2428000,
      "ocf": 2628000,
      "capex": -200000,
      "gross_margin": 0.6981706230713863,
      "op_margin": -0.28079189857540926,
      "fcf_margin": 0.017303183415169503,
      "incr_op_margin_yoy": 0.6573737529966747,
      "rev_growth_yoy": -0.15562361974449854,
      "rev_growth_yoy_accel": 0.027122526750262804,
      "fcf_margin_change": 0.10154882513982694
    },
    {
      "date": "2023-04-30T00:00:00",
      "quarter_label": "2023-04 (Q2)",
      "revenue": 135554000,
      "gross_profit": 97730000,
      "operating_income": -35382000,
      "net_income": -44224000,
      "opex": 170936000,
      "cogs": 37824000,
      "rd": 17035000,
      "sga": null,
      "fcf": 19828000,
      "ocf": 21464000,
      "capex": -1636000,
      "gross_margin": 0.7209672897885714,
      "op_margin": -0.26101774938400935,
      "fcf_margin": 0.14627380969945555,
      "incr_op_margin_yoy": -0.24665021156558534,
      "rev_growth_yoy": -0.17301755798772528,
      "rev_growth_yoy_accel": -0.017393938243226742,
      "fcf_margin_change": 0.12897062628428604
    },
    {
      "date": "2023-07-31T00:00:00",
      "quarter_label": "2023-07 (Q3)",
      "revenue": 141187000,
      "gross_profit": 100720000,
      "operating_income": -25298000,
      "net_income": -31999000,
      "opex": 166485000,
      "cogs": 40467000,
      "rd": 17863000,
      "sga": null,
      "fcf": -21249000,
      "ocf": -19479000,
      "capex": -1770000,
      "gross_margin": 0.713380127065523,
      "op_margin": -0.1791808027651271,
      "fcf_margin": -0.15050252502000894,
      "rev_growth_yoy": 0.004360692588956706,
      "rev_growth_yoy_accel": 0.177378250576682,
      "op_leverage_ratio": Infinity,
      "fcf_margin_change": -0.2967763347194645
    },
    {
      "date": "2023-10-31T00:00:00",
      "quarter_label": "2023-10 (Q4)",
      "revenue": 138956000,
      "gross_profit": 102549000,
      "operating_income": -19871000,
      "net_income": -27736000,
      "opex": 158827000,
      "cogs": 36407000,
      "rd": 16126000,
      "sga": null,
      "fcf": -11013000,
      "ocf": -10666000,
      "capex": -347000,
      "gross_margin": 0.737996200236046,
      "op_margin": -0.14300210138461095,
      "fcf_margin": -0.07925530383718588,
      "rev_growth_yoy": -0.0031135662529593227,
      "rev_growth_yoy_accel": -0.007474258841916028,
      "fcf_margin_change": 0.07124722118282306
    },
    {
      "date": "2024-01-31T00:00:00",
      "quarter_label": "2024-01 (Q1)",
      "revenue": 137540000,
      "gross_profit": 99081000,
      "operating_income": -228063000,
      "net_income": -245326000,
      "opex": 365603000,
      "cogs": 38459000,
      "rd": 17007000,
      "sga": null,
      "fcf": 11071000,
      "ocf": 11499000,
      "capex": -428000,
      "gross_margin": 0.7203795259560855,
      "op_margin": -1.6581576268721827,
      "fcf_margin": 0.08049294750618002,
      "incr_op_margin_yoy": 67.8396260338008,
      "rev_growth_yoy": -0.01981884393640296,
      "rev_growth_yoy_accel": -0.01670527768344364,
      "fcf_margin_change": 0.1597482513433659
    },
    {
      "date": "2024-04-30T00:00:00",
      "quarter_label": "2024-04 (Q2)",
      "revenue": 127793000,
      "gross_profit": 93322000,
      "operating_income": -23832000,
      "net_income": -27636000,
      "opex": 151625000,
      "cogs": 34471000,
      "rd": 15506000,
      "sga": null,
      "fcf": 14784000,
      "ocf": 14937000,
      "capex": -153000,
      "gross_margin": 0.730259090873522,
      "op_margin": -0.18648908782171167,
      "fcf_margin": 0.1156870877121595,
      "incr_op_margin_yoy": -1.4882102821801315,
      "rev_growth_yoy": -0.05725393570090149,
      "rev_growth_yoy_accel": -0.037435091764498524,
      "fcf_margin_change": 0.03519414020597948
    },
    {
      "date": "2024-07-31T00:00:00",
      "quarter_label": "2024-07 (Q3)",
      "revenue": 132223000,
      "gross_profit": 99752000,
      "operating_income": -19328000,
      "net_income": -39566000,
      "opex": 151551000,
      "cogs": 32471000,
      "rd": 14993000,
      "sga": null,
      "fcf": -11686000,
      "ocf": -11440000,
      "capex": -246000,
      "gross_margin": 0.7544224529771674,
      "op_margin": -0.14617729139408422,
      "fcf_margin": -0.08838099271684957,
      "incr_op_margin_yoy": -0.6659973226238286,
      "rev_growth_yoy": -0.06349026468442562,
      "rev_growth_yoy_accel": -0.0062363289835241295,
      "op_leverage_ratio": Infinity,
      "fcf_margin_change": -0.2040680804290091
    },
    {
      "date": "2024-10-31T00:00:00",
      "quarter_label": "2024-10 (Q4)",
      "revenue": 137225000,
      "gross_profit": 102913000,
      "operating_income": -9177000,
      "net_income": -23599000,
      "opex": 146402000,
      "cogs": 34312000,
      "rd": 14937000,
      "sga": null,
      "fcf": 8296000,
      "ocf": 8717000,
      "capex": -421000,
      "gross_margin": 0.7499580980142102,
      "op_margin": -0.0668755693204591,
      "fcf_margin": 0.06045545636728002,
      "incr_op_margin_yoy": -6.177931831311381,
      "rev_growth_yoy": -0.012457180690290452,
      "rev_growth_yoy_accel": 0.05103308399413517,
      "op_leverage_ratio": Infinity,
      "fcf_margin_change": 0.14883644908412957
    },
    {
      "date": "2025-01-31T00:00:00",
      "quarter_label": "2025-01 (Q1)",
      "revenue": 133753000,
      "gross_profit": 100128000,
      "operating_income": -17284000,
      "net_income": -31107000,
      "opex": 151037000,
      "cogs": 33625000,
      "rd": 15321000,
      "sga": null,
      "fcf": 16968000,
      "ocf": 17751000,
      "capex": -783000,
      "gross_margin": 0.7486037696350736,
      "op_margin": -0.12922326975843532,
      "fcf_margin": 0.12686070592809134,
      "incr_op_margin_yoy": -55.65856878795881,
      "rev_growth_yoy": -0.02753380834666279,
      "rev_growth_yoy_accel": -0.015076627656372337,
      "fcf_margin_change": 0.06640524956081133
    },
    {
      "date": "2025-04-30T00:00:00",
      "quarter_label": "2025-04 (Q2)",
      "revenue": 124201000,
      "gross_profit": 91954000,
      "operating_income": -18186000,
      "net_income": -38049000,
      "opex": 142387000,
      "cogs": 32247000,
      "rd": 14102000,
      "sga": null,
      "fcf": 30783000,
      "ocf": 31298000,
      "capex": -515000,
      "gross_margin": 0.7403644093042729,
      "op_margin": -0.1464239418362171,
      "fcf_margin": 0.24784824598835759,
      "incr_op_margin_yoy": -1.571826280623608,
      "rev_growth_yoy": -0.028107955834826635,
      "rev_growth_yoy_accel": -0.0005741474881638467,
      "fcf_margin_change": 0.12098754006026624
    },
    {
      "date": "2025-07-31T00:00:00",
      "quarter_label": "2025-07 (Q3)",
      "revenue": 128822000,
      "gross_profit": 95933000,
      "operating_income": -11830000,
      "net_income": -23788000,
      "opex": 140652000,
      "cogs": 32889000,
      "rd": 14317000,
      "sga": null,
      "fcf": -18468000,
      "ocf": -17844000,
      "capex": -624000,
      "gross_margin": 0.7446942292465573,
      "op_margin": -0.09183214047290059,
      "fcf_margin": -0.14336060610765242,
      "incr_op_margin_yoy": -2.204645692443399,
      "rev_growth_yoy": -0.025721697435393237,
      "rev_growth_yoy_accel": 0.0023862583994333983,
      "op_leverage_ratio": Infinity,
      "fcf_margin_change": -0.39120885209601
    },
    {
      "date": "2025-10-31T00:00:00",
      "quarter_label": "2025-10 (Q4)",
      "revenue": 128998000,
      "gross_profit": 93719000,
      "operating_income": -34329000,
      "net_income": -41279000,
      "opex": 163327000,
      "cogs": 35279000,
      "rd": 13789000,
      "sga": null,
      "fcf": -19326000,
      "ocf": -18859000,
      "capex": -467000,
      "gross_margin": 0.7265151397696088,
      "op_margin": -0.2661204049675189,
      "fcf_margin": -0.14981627622133675,
      "incr_op_margin_yoy": 3.05725051659171,
      "rev_growth_yoy": -0.05995263253780288,
      "rev_growth_yoy_accel": -0.03423093510240964,
      "fcf_margin_change": -0.006455670113684336
    }
  ],
  "signals": [
    {
      "quarter": "2025-04 (Q2)",
      "signal": "FCF MARGIN EXPANSION",
      "detail": "FCF margin: +12.7% -> +24.8% (+12.1%)",
      "severity": "MEDIUM"
    },
    {
      "quarter": "2025-01 (Q1)",
      "signal": "FCF MARGIN EXPANSION",
      "detail": "FCF margin: +6.0% -> +12.7% (+6.6%)",
      "severity": "MEDIUM"
    },
    {
      "quarter": "2024-10 (Q4)",
      "signal": "FCF TURNED POSITIVE",
      "detail": "FCF margin: -8.8% -> +6.0%",
      "severity": "HIGH"
    },
    {
      "quarter": "2024-10 (Q4)",
      "signal": "YoY REVENUE GROWTH ACCELERATION",
      "detail": "YoY growth: -1.2% vs prior quarter YoY: -6.3% (accel: +5.1%)",
      "severity": "MEDIUM"
    },
    {
      "quarter": "2024-01 (Q1)",
      "signal": "FCF TURNED POSITIVE",
      "detail": "FCF margin: -7.9% -> +8.0%",
      "severity": "HIGH"
    },
    {
      "quarter": "2023-10 (Q4)",
      "signal": "FCF MARGIN EXPANSION",
      "detail": "FCF margin: -15.1% -> -7.9% (+7.1%)",
      "severity": "MEDIUM"
    },
    {
      "quarter": "2023-10 (Q4)",
      "signal": "GROSS MARGIN INFLECTION",
      "detail": "GM: +72.1% -> +71.3% -> +73.8% (reversal +2.5%)",
      "severity": "MEDIUM"
    },
    {
      "quarter": "2023-07 (Q3)",
      "signal": "YoY REVENUE GROWTH ACCELERATION",
      "detail": "YoY growth: +0.4% vs prior quarter YoY: -17.3% (accel: +17.7%)",
      "severity": "HIGH"
    },
    {
      "quarter": "2023-04 (Q2)",
      "signal": "FCF MARGIN EXPANSION",
      "detail": "FCF margin: +1.7% -> +14.6% (+12.9%)",
      "severity": "MEDIUM"
    },
    {
      "quarter": "2023-04 (Q2)",
      "signal": "GROSS MARGIN INFLECTION",
      "detail": "GM: +73.7% -> +69.8% -> +72.1% (reversal +2.3%)",
      "severity": "MEDIUM"
    },
    {
      "quarter": "2023-01 (Q1)",
      "signal": "FCF TURNED POSITIVE",
      "detail": "FCF margin: -8.4% -> +1.7%",
      "severity": "HIGH"
    },
    {
      "quarter": "2022-10 (Q4)",
      "signal": "FCF MARGIN EXPANSION",
      "detail": "FCF margin: -16.2% -> -8.4% (+7.8%)",
      "severity": "MEDIUM"
    },
    {
      "quarter": "2021-10 (Q4)",
      "signal": "OPERATING LEVERAGE",
      "detail": "Rev growth +86.0% vs OpEx growth +46.5% (leverage: 1.8x)",
      "severity": "MEDIUM"
    }
  ],
  "data_quality": {
    "n_quarters": 19,
    "coverage": {
      "revenue": [
        19,
        19
      ],
      "gross_profit": [
        19,
        19
      ],
      "op_income": [
        18,
        19
      ],
      "fcf": [
        16,
        19
      ]
    },
    "gaps": [
      [
        "2020-07 (Q3)",
        "2021-04 (Q2)",
        273
      ],
      [
        "2021-04 (Q2)",
        "2021-10 (Q4)",
        184
      ]
    ],
    "warnings": [
      "gap: 2Q missing between 2020-07 (Q3) and 2021-04 (Q2)",
      "gap: 1Q missing between 2021-04 (Q2) and 2021-10 (Q4)"
    ]
  },
  "market_cap": null,
  "source": "SEC EDGAR",
  "last_updated": "2026-02-02T23:28:36.158158"
}