{
  "ticker": "SKT",
  "name": "TANGER INC",
  "quarters": [
    {
      "date": "2021-03-31T00:00:00",
      "quarter_label": "2021-03 (Q1)",
      "revenue": 100694000,
      "gross_profit": null,
      "operating_income": null,
      "net_income": 4133000,
      "opex": 80254000,
      "cogs": null,
      "rd": null,
      "sga": null,
      "fcf": 31276000,
      "ocf": 31276000,
      "capex": null,
      "gross_margin": null,
      "op_margin": null,
      "fcf_margin": 0.3106044054263412
    },
    {
      "date": "2021-06-30T00:00:00",
      "quarter_label": "2021-06 (Q2)",
      "revenue": 101273000,
      "gross_profit": null,
      "operating_income": null,
      "net_income": 2478000,
      "opex": 74682000,
      "cogs": null,
      "rd": null,
      "sga": null,
      "fcf": 60329000,
      "ocf": 60329000,
      "capex": null,
      "gross_margin": null,
      "op_margin": null,
      "fcf_margin": 0.5957066542908771,
      "fcf_margin_change": 0.2851022488645359
    },
    {
      "date": "2021-09-30T00:00:00",
      "quarter_label": "2021-09 (Q3)",
      "revenue": 112465000,
      "gross_profit": null,
      "operating_income": null,
      "net_income": -10579000,
      "opex": 78947000,
      "cogs": null,
      "rd": null,
      "sga": null,
      "fcf": 52345000,
      "ocf": 52345000,
      "capex": null,
      "gross_margin": null,
      "op_margin": null,
      "fcf_margin": 0.46543369048148314,
      "op_leverage_ratio": 1.9351334973547583,
      "fcf_margin_change": -0.13027296380939396
    },
    {
      "date": "2022-03-31T00:00:00",
      "quarter_label": "2022-03 (Q1)",
      "revenue": 108868000,
      "gross_profit": null,
      "operating_income": null,
      "net_income": 20518000,
      "opex": 78468000,
      "cogs": null,
      "rd": null,
      "sga": null,
      "fcf": 18854000,
      "ocf": 18854000,
      "capex": null,
      "gross_margin": null,
      "op_margin": null,
      "fcf_margin": 0.17318220230003306,
      "rev_growth_yoy": 0.08117663415893697,
      "fcf_margin_change": -0.2922514881814501
    },
    {
      "date": "2022-06-30T00:00:00",
      "quarter_label": "2022-06 (Q2)",
      "revenue": 105838000,
      "gross_profit": null,
      "operating_income": null,
      "net_income": 19905000,
      "opex": 78246000,
      "cogs": null,
      "rd": null,
      "sga": null,
      "fcf": 70221000,
      "ocf": 70221000,
      "capex": null,
      "gross_margin": null,
      "op_margin": null,
      "fcf_margin": 0.6634762561650824,
      "rev_growth_yoy": 0.0450761802257265,
      "rev_growth_yoy_accel": -0.03610045393321047,
      "fcf_margin_change": 0.4902940538650494
    },
    {
      "date": "2022-09-30T00:00:00",
      "quarter_label": "2022-09 (Q3)",
      "revenue": 111446000,
      "gross_profit": null,
      "operating_income": null,
      "net_income": 23276000,
      "opex": 78891000,
      "cogs": null,
      "rd": null,
      "sga": null,
      "fcf": 33666000,
      "ocf": 33666000,
      "capex": null,
      "gross_margin": null,
      "op_margin": null,
      "fcf_margin": 0.3020835202699065,
      "rev_growth_yoy": -0.009060596630062687,
      "rev_growth_yoy_accel": -0.05413677685578919,
      "op_leverage_ratio": 6.427895550769341,
      "fcf_margin_change": -0.36139273589517595
    },
    {
      "date": "2023-03-31T00:00:00",
      "quarter_label": "2023-03 (Q1)",
      "revenue": 108943000,
      "gross_profit": null,
      "operating_income": null,
      "net_income": 23541000,
      "opex": 76475000,
      "cogs": null,
      "rd": null,
      "sga": null,
      "fcf": 25574000,
      "ocf": 25574000,
      "capex": null,
      "gross_margin": null,
      "op_margin": null,
      "fcf_margin": 0.23474661061288932,
      "rev_growth_yoy": 0.0006889076680016166,
      "rev_growth_yoy_accel": 0.009749504298064303,
      "fcf_margin_change": -0.06733690965701716
    },
    {
      "date": "2023-06-30T00:00:00",
      "quarter_label": "2023-06 (Q2)",
      "revenue": 110641000,
      "gross_profit": null,
      "operating_income": null,
      "net_income": 24202000,
      "opex": 77405000,
      "cogs": null,
      "rd": null,
      "sga": null,
      "fcf": 73345000,
      "ocf": 73345000,
      "capex": null,
      "gross_margin": null,
      "op_margin": null,
      "fcf_margin": 0.6629097712421255,
      "rev_growth_yoy": 0.04538067612766681,
      "rev_growth_yoy_accel": 0.044691768459665195,
      "op_leverage_ratio": 1.2816660858164064,
      "fcf_margin_change": 0.42816316062923615
    },
    {
      "date": "2023-09-30T00:00:00",
      "quarter_label": "2023-09 (Q3)",
      "revenue": 117346000,
      "gross_profit": null,
      "operating_income": null,
      "net_income": 27624000,
      "opex": 81069000,
      "cogs": null,
      "rd": null,
      "sga": null,
      "fcf": 53194000,
      "ocf": 53194000,
      "capex": null,
      "gross_margin": null,
      "op_margin": null,
      "fcf_margin": 0.45330901777649,
      "rev_growth_yoy": 0.05294043752131077,
      "rev_growth_yoy_accel": 0.007559761393643963,
      "op_leverage_ratio": 1.2802542900167815,
      "fcf_margin_change": -0.20960075346563545
    },
    {
      "date": "2024-03-31T00:00:00",
      "quarter_label": "2024-03 (Q1)",
      "revenue": 123371000,
      "gross_profit": null,
      "operating_income": null,
      "net_income": 22413000,
      "opex": 88815000,
      "cogs": null,
      "rd": null,
      "sga": null,
      "fcf": 31081000,
      "ocf": 31081000,
      "capex": null,
      "gross_margin": null,
      "op_margin": null,
      "fcf_margin": 0.251931166967926,
      "rev_growth_yoy": 0.13243622811929173,
      "rev_growth_yoy_accel": 0.07949579059798095,
      "op_leverage_ratio": 0.5373609267121535,
      "fcf_margin_change": -0.20137785080856402
    },
    {
      "date": "2024-06-30T00:00:00",
      "quarter_label": "2024-06 (Q2)",
      "revenue": 128956000,
      "gross_profit": null,
      "operating_income": null,
      "net_income": 24840000,
      "opex": 90536000,
      "cogs": null,
      "rd": null,
      "sga": null,
      "fcf": 72780000,
      "ocf": 72780000,
      "capex": null,
      "gross_margin": null,
      "op_margin": null,
      "fcf_margin": 0.5643785477217035,
      "rev_growth_yoy": 0.16553538019359912,
      "rev_growth_yoy_accel": 0.033099152074307386,
      "op_leverage_ratio": 2.33622970837182,
      "fcf_margin_change": 0.3124473807537775
    },
    {
      "date": "2024-09-30T00:00:00",
      "quarter_label": "2024-09 (Q3)",
      "revenue": 133001000,
      "gross_profit": null,
      "operating_income": null,
      "net_income": 24856000,
      "opex": 93838000,
      "cogs": null,
      "rd": null,
      "sga": null,
      "fcf": 65173000,
      "ocf": 65173000,
      "capex": null,
      "gross_margin": null,
      "op_margin": null,
      "fcf_margin": 0.4900188720385561,
      "rev_growth_yoy": 0.13340889335810338,
      "rev_growth_yoy_accel": -0.03212648683549574,
      "op_leverage_ratio": 0.860045061313247,
      "fcf_margin_change": -0.07435967568314739
    },
    {
      "date": "2025-03-31T00:00:00",
      "quarter_label": "2025-03 (Q1)",
      "revenue": 135363000,
      "gross_profit": null,
      "operating_income": null,
      "net_income": 19201000,
      "opex": 102208000,
      "cogs": null,
      "rd": null,
      "sga": null,
      "fcf": 41437000,
      "ocf": 41437000,
      "capex": null,
      "gross_margin": null,
      "op_margin": null,
      "fcf_margin": 0.3061176244616328,
      "rev_growth_yoy": 0.09720274618832626,
      "rev_growth_yoy_accel": -0.03620614716977712,
      "op_leverage_ratio": 0.19910321458313698,
      "fcf_margin_change": -0.18390124757692328
    },
    {
      "date": "2025-06-30T00:00:00",
      "quarter_label": "2025-06 (Q2)",
      "revenue": 140694000,
      "gross_profit": null,
      "operating_income": null,
      "net_income": 30086000,
      "opex": 95973000,
      "cogs": null,
      "rd": null,
      "sga": null,
      "fcf": 82007000,
      "ocf": 82007000,
      "capex": null,
      "gross_margin": null,
      "op_margin": null,
      "fcf_margin": 0.5828748916087395,
      "rev_growth_yoy": 0.09102329476720741,
      "rev_growth_yoy_accel": -0.006179451421118851,
      "op_leverage_ratio": Infinity,
      "fcf_margin_change": 0.2767572671471067
    },
    {
      "date": "2025-09-30T00:00:00",
      "quarter_label": "2025-09 (Q3)",
      "revenue": 145208000,
      "gross_profit": null,
      "operating_income": null,
      "net_income": 32027000,
      "opex": 99526000,
      "cogs": null,
      "rd": null,
      "sga": null,
      "fcf": 74296000,
      "ocf": 74296000,
      "capex": null,
      "gross_margin": null,
      "op_margin": null,
      "fcf_margin": 0.5116522505647072,
      "rev_growth_yoy": 0.09178126480252029,
      "rev_growth_yoy_accel": 0.0007579700353128743,
      "op_leverage_ratio": 0.8666422162813185,
      "fcf_margin_change": -0.07122264104403231
    }
  ],
  "signals": [
    {
      "quarter": "2025-06 (Q2)",
      "signal": "FCF MARGIN EXPANSION",
      "detail": "FCF margin: +30.6% -> +58.3% (+27.7%)",
      "severity": "MEDIUM"
    },
    {
      "quarter": "2024-06 (Q2)",
      "signal": "FCF MARGIN EXPANSION",
      "detail": "FCF margin: +25.2% -> +56.4% (+31.2%)",
      "severity": "MEDIUM"
    },
    {
      "quarter": "2024-06 (Q2)",
      "signal": "OPERATING LEVERAGE",
      "detail": "Rev growth +4.5% vs OpEx growth +1.9% (leverage: 2.3x)",
      "severity": "MEDIUM"
    },
    {
      "quarter": "2024-03 (Q1)",
      "signal": "YoY REVENUE GROWTH ACCELERATION",
      "detail": "YoY growth: +13.2% vs prior quarter YoY: +5.3% (accel: +7.9%)",
      "severity": "MEDIUM"
    },
    {
      "quarter": "2023-06 (Q2)",
      "signal": "FCF MARGIN EXPANSION",
      "detail": "FCF margin: +23.5% -> +66.3% (+42.8%)",
      "severity": "MEDIUM"
    },
    {
      "quarter": "2022-09 (Q3)",
      "signal": "OPERATING LEVERAGE",
      "detail": "Rev growth +5.3% vs OpEx growth +0.8% (leverage: 6.4x)",
      "severity": "MEDIUM"
    },
    {
      "quarter": "2022-09 (Q3)",
      "signal": "YoY REVENUE GROWTH DECELERATION",
      "detail": "YoY growth: -0.9% vs prior quarter YoY: +4.5% (decel: -5.4%)",
      "severity": "WARNING"
    },
    {
      "quarter": "2022-06 (Q2)",
      "signal": "FCF MARGIN EXPANSION",
      "detail": "FCF margin: +17.3% -> +66.3% (+49.0%)",
      "severity": "MEDIUM"
    },
    {
      "quarter": "2021-09 (Q3)",
      "signal": "OPERATING LEVERAGE",
      "detail": "Rev growth +11.1% vs OpEx growth +5.7% (leverage: 1.9x)",
      "severity": "MEDIUM"
    },
    {
      "quarter": "2021-06 (Q2)",
      "signal": "FCF MARGIN EXPANSION",
      "detail": "FCF margin: +31.1% -> +59.6% (+28.5%)",
      "severity": "MEDIUM"
    }
  ],
  "data_quality": {
    "n_quarters": 15,
    "coverage": {
      "revenue": [
        15,
        15
      ],
      "gross_profit": [
        0,
        15
      ],
      "op_income": [
        0,
        15
      ],
      "fcf": [
        15,
        15
      ]
    },
    "gaps": [
      [
        "2021-09 (Q3)",
        "2022-03 (Q1)",
        182
      ],
      [
        "2022-09 (Q3)",
        "2023-03 (Q1)",
        182
      ],
      [
        "2023-09 (Q3)",
        "2024-03 (Q1)",
        183
      ],
      [
        "2024-09 (Q3)",
        "2025-03 (Q1)",
        182
      ]
    ],
    "warnings": [
      "gross_profit: no data",
      "op_income: no data",
      "gap: 1Q missing between 2021-09 (Q3) and 2022-03 (Q1)",
      "gap: 1Q missing between 2022-09 (Q3) and 2023-03 (Q1)",
      "gap: 1Q missing between 2023-09 (Q3) and 2024-03 (Q1)",
      "gap: 1Q missing between 2024-09 (Q3) and 2025-03 (Q1)"
    ]
  },
  "market_cap": null,
  "source": "SEC EDGAR",
  "last_updated": "2026-02-02T21:15:26.912973"
}