{
  "ticker": "SKWD",
  "name": "SKYWARD SPECIALTY INSURANCE GROUP, INC.",
  "quarters": [
    {
      "date": "2022-03-31T00:00:00",
      "quarter_label": "2022-03 (Q1)",
      "revenue": 152667000,
      "gross_profit": null,
      "operating_income": null,
      "net_income": 16311000,
      "opex": null,
      "cogs": null,
      "rd": null,
      "sga": null,
      "fcf": 45451000,
      "ocf": 45882000,
      "capex": -431000,
      "gross_margin": null,
      "op_margin": null,
      "fcf_margin": 0.29771332377003545
    },
    {
      "date": "2022-06-30T00:00:00",
      "quarter_label": "2022-06 (Q2)",
      "revenue": 144292000,
      "gross_profit": null,
      "operating_income": null,
      "net_income": 5065000,
      "opex": null,
      "cogs": null,
      "rd": null,
      "sga": null,
      "fcf": 18001000,
      "ocf": 18134000,
      "capex": -133000,
      "gross_margin": null,
      "op_margin": null,
      "fcf_margin": 0.12475397111412968,
      "fcf_margin_change": -0.17295935265590578
    },
    {
      "date": "2022-09-30T00:00:00",
      "quarter_label": "2022-09 (Q3)",
      "revenue": 158093000,
      "gross_profit": null,
      "operating_income": null,
      "net_income": -2399000,
      "opex": null,
      "cogs": null,
      "rd": null,
      "sga": null,
      "fcf": 60897000,
      "ocf": 60897000,
      "capex": null,
      "gross_margin": null,
      "op_margin": null,
      "fcf_margin": 0.38519732056447786,
      "fcf_margin_change": 0.2604433494503482
    },
    {
      "date": "2022-12-31T00:00:00",
      "quarter_label": "2022-12 (Q4)",
      "revenue": 187367000,
      "gross_profit": null,
      "operating_income": null,
      "net_income": 20419000,
      "opex": null,
      "cogs": null,
      "rd": null,
      "sga": null,
      "fcf": 84025000,
      "ocf": 84025000,
      "capex": null,
      "gross_margin": null,
      "op_margin": null,
      "fcf_margin": 0.4484514348844781,
      "fcf_margin_change": 0.06325411432000022
    },
    {
      "date": "2023-03-31T00:00:00",
      "quarter_label": "2023-03 (Q1)",
      "revenue": 189930000,
      "gross_profit": null,
      "operating_income": null,
      "net_income": 15556000,
      "opex": null,
      "cogs": null,
      "rd": null,
      "sga": null,
      "fcf": 106593000,
      "ocf": 107207000,
      "capex": -614000,
      "gross_margin": null,
      "op_margin": null,
      "fcf_margin": 0.5612225556784078,
      "rev_growth_yoy": 0.24408025309988407,
      "fcf_margin_change": 0.11277112079392976
    },
    {
      "date": "2023-06-30T00:00:00",
      "quarter_label": "2023-06 (Q2)",
      "revenue": 210521000,
      "gross_profit": null,
      "operating_income": null,
      "net_income": 19452000,
      "opex": null,
      "cogs": null,
      "rd": null,
      "sga": null,
      "fcf": 686000,
      "ocf": 1270000,
      "capex": -584000,
      "gross_margin": null,
      "op_margin": null,
      "fcf_margin": 0.00325858227920255,
      "rev_growth_yoy": 0.4589928755578965,
      "rev_growth_yoy_accel": 0.2149126224580124,
      "fcf_margin_change": -0.5579639733992053
    },
    {
      "date": "2023-09-30T00:00:00",
      "quarter_label": "2023-09 (Q3)",
      "revenue": 239223000,
      "gross_profit": null,
      "operating_income": null,
      "net_income": 21711000,
      "opex": null,
      "cogs": null,
      "rd": null,
      "sga": null,
      "fcf": 111260000,
      "ocf": 110062000,
      "capex": 1198000,
      "gross_margin": null,
      "op_margin": null,
      "fcf_margin": 0.46508905916237153,
      "rev_growth_yoy": 0.5131789516297369,
      "rev_growth_yoy_accel": 0.05418607607184045,
      "fcf_margin_change": 0.46183047688316897
    },
    {
      "date": "2023-12-31T00:00:00",
      "quarter_label": "2023-12 (Q4)",
      "revenue": 246295000,
      "gross_profit": null,
      "operating_income": null,
      "net_income": 29265000,
      "opex": null,
      "cogs": null,
      "rd": null,
      "sga": null,
      "fcf": 116540000,
      "ocf": 119648000,
      "capex": -3108000,
      "gross_margin": null,
      "op_margin": null,
      "fcf_margin": 0.47317241519316267,
      "rev_growth_yoy": 0.31450575608298154,
      "rev_growth_yoy_accel": -0.1986731955467554,
      "fcf_margin_change": 0.008083356030791133
    },
    {
      "date": "2024-03-31T00:00:00",
      "quarter_label": "2024-03 (Q1)",
      "revenue": 264968000,
      "gross_profit": null,
      "operating_income": null,
      "net_income": 36784000,
      "opex": null,
      "cogs": null,
      "rd": null,
      "sga": null,
      "fcf": 94005000,
      "ocf": 94265000,
      "capex": -260000,
      "gross_margin": null,
      "op_margin": null,
      "fcf_margin": 0.3547786902569367,
      "rev_growth_yoy": 0.3950823987784973,
      "rev_growth_yoy_accel": 0.08057664269551579,
      "fcf_margin_change": -0.11839372493622596
    },
    {
      "date": "2024-06-30T00:00:00",
      "quarter_label": "2024-06 (Q2)",
      "revenue": 279942000,
      "gross_profit": null,
      "operating_income": null,
      "net_income": 30970000,
      "opex": null,
      "cogs": null,
      "rd": null,
      "sga": null,
      "fcf": 18446000,
      "ocf": 20955000,
      "capex": -2509000,
      "gross_margin": null,
      "op_margin": null,
      "fcf_margin": 0.06589222053139579,
      "rev_growth_yoy": 0.3297580763914289,
      "rev_growth_yoy_accel": -0.06532432238706842,
      "fcf_margin_change": -0.2888864697255409
    },
    {
      "date": "2024-09-30T00:00:00",
      "quarter_label": "2024-09 (Q3)",
      "revenue": 300888000,
      "gross_profit": null,
      "operating_income": null,
      "net_income": 36668000,
      "opex": null,
      "cogs": null,
      "rd": null,
      "sga": null,
      "fcf": 167617000,
      "ocf": 167996000,
      "capex": -379000,
      "gross_margin": null,
      "op_margin": null,
      "fcf_margin": 0.5570743931296696,
      "rev_growth_yoy": 0.25777203696968937,
      "rev_growth_yoy_accel": -0.07198603942173953,
      "fcf_margin_change": 0.4911821725982738
    },
    {
      "date": "2024-12-31T00:00:00",
      "quarter_label": "2024-12 (Q4)",
      "revenue": 304402000,
      "gross_profit": null,
      "operating_income": null,
      "net_income": 14406000,
      "opex": null,
      "cogs": null,
      "rd": null,
      "sga": null,
      "fcf": 20823000,
      "ocf": 21899000,
      "capex": -1076000,
      "gross_margin": null,
      "op_margin": null,
      "fcf_margin": 0.06840625225852655,
      "rev_growth_yoy": 0.23592439960210318,
      "rev_growth_yoy_accel": -0.021847637367586187,
      "fcf_margin_change": -0.488668140871143
    },
    {
      "date": "2025-03-31T00:00:00",
      "quarter_label": "2025-03 (Q1)",
      "revenue": 328527000,
      "gross_profit": null,
      "operating_income": null,
      "net_income": 42058000,
      "opex": null,
      "cogs": null,
      "rd": null,
      "sga": null,
      "fcf": 96558000,
      "ocf": 96760000,
      "capex": -202000,
      "gross_margin": null,
      "op_margin": null,
      "fcf_margin": 0.29391191591558685,
      "rev_growth_yoy": 0.23987424896591286,
      "rev_growth_yoy_accel": 0.003949849363809682,
      "fcf_margin_change": 0.22550566365706032
    },
    {
      "date": "2025-06-30T00:00:00",
      "quarter_label": "2025-06 (Q2)",
      "revenue": 319903000,
      "gross_profit": null,
      "operating_income": null,
      "net_income": 38839000,
      "opex": null,
      "cogs": null,
      "rd": null,
      "sga": null,
      "fcf": 87095000,
      "ocf": 88180000,
      "capex": -1085000,
      "gross_margin": null,
      "op_margin": null,
      "fcf_margin": 0.2722544021156413,
      "rev_growth_yoy": 0.14274742625258088,
      "rev_growth_yoy_accel": -0.09712682271333198,
      "fcf_margin_change": -0.02165751379994557
    },
    {
      "date": "2025-09-30T00:00:00",
      "quarter_label": "2025-09 (Q3)",
      "revenue": 382526000,
      "gross_profit": null,
      "operating_income": null,
      "net_income": 45901000,
      "opex": null,
      "cogs": null,
      "rd": null,
      "sga": null,
      "fcf": 168908000,
      "ocf": 171368000,
      "capex": -2460000,
      "gross_margin": null,
      "op_margin": null,
      "fcf_margin": 0.4415595279797975,
      "rev_growth_yoy": 0.27132354896173994,
      "rev_growth_yoy_accel": 0.12857612270915905,
      "fcf_margin_change": 0.1693051258641562
    }
  ],
  "signals": [
    {
      "quarter": "2025-09 (Q3)",
      "signal": "FCF MARGIN EXPANSION",
      "detail": "FCF margin: +27.2% -> +44.2% (+16.9%)",
      "severity": "MEDIUM"
    },
    {
      "quarter": "2025-09 (Q3)",
      "signal": "YoY REVENUE GROWTH ACCELERATION",
      "detail": "YoY growth: +27.1% vs prior quarter YoY: +14.3% (accel: +12.9%)",
      "severity": "MEDIUM"
    },
    {
      "quarter": "2025-06 (Q2)",
      "signal": "YoY REVENUE GROWTH DECELERATION",
      "detail": "YoY growth: +14.3% vs prior quarter YoY: +24.0% (decel: -9.7%)",
      "severity": "WARNING"
    },
    {
      "quarter": "2025-03 (Q1)",
      "signal": "FCF MARGIN EXPANSION",
      "detail": "FCF margin: +6.8% -> +29.4% (+22.6%)",
      "severity": "MEDIUM"
    },
    {
      "quarter": "2024-09 (Q3)",
      "signal": "FCF MARGIN EXPANSION",
      "detail": "FCF margin: +6.6% -> +55.7% (+49.1%)",
      "severity": "MEDIUM"
    },
    {
      "quarter": "2024-09 (Q3)",
      "signal": "YoY REVENUE GROWTH DECELERATION",
      "detail": "YoY growth: +25.8% vs prior quarter YoY: +33.0% (decel: -7.2%)",
      "severity": "WARNING"
    },
    {
      "quarter": "2024-06 (Q2)",
      "signal": "YoY REVENUE GROWTH DECELERATION",
      "detail": "YoY growth: +33.0% vs prior quarter YoY: +39.5% (decel: -6.5%)",
      "severity": "WARNING"
    },
    {
      "quarter": "2024-03 (Q1)",
      "signal": "YoY REVENUE GROWTH ACCELERATION",
      "detail": "YoY growth: +39.5% vs prior quarter YoY: +31.5% (accel: +8.1%)",
      "severity": "MEDIUM"
    },
    {
      "quarter": "2023-12 (Q4)",
      "signal": "YoY REVENUE GROWTH DECELERATION",
      "detail": "YoY growth: +31.5% vs prior quarter YoY: +51.3% (decel: -19.9%)",
      "severity": "WARNING"
    },
    {
      "quarter": "2023-09 (Q3)",
      "signal": "FCF MARGIN EXPANSION",
      "detail": "FCF margin: +0.3% -> +46.5% (+46.2%)",
      "severity": "MEDIUM"
    },
    {
      "quarter": "2023-09 (Q3)",
      "signal": "YoY REVENUE GROWTH ACCELERATION",
      "detail": "YoY growth: +51.3% vs prior quarter YoY: +45.9% (accel: +5.4%)",
      "severity": "MEDIUM"
    },
    {
      "quarter": "2023-06 (Q2)",
      "signal": "YoY REVENUE GROWTH ACCELERATION",
      "detail": "YoY growth: +45.9% vs prior quarter YoY: +24.4% (accel: +21.5%)",
      "severity": "HIGH"
    },
    {
      "quarter": "2023-03 (Q1)",
      "signal": "FCF MARGIN EXPANSION",
      "detail": "FCF margin: +44.8% -> +56.1% (+11.3%)",
      "severity": "MEDIUM"
    },
    {
      "quarter": "2022-12 (Q4)",
      "signal": "FCF MARGIN EXPANSION",
      "detail": "FCF margin: +38.5% -> +44.8% (+6.3%)",
      "severity": "MEDIUM"
    },
    {
      "quarter": "2022-09 (Q3)",
      "signal": "FCF MARGIN EXPANSION",
      "detail": "FCF margin: +12.5% -> +38.5% (+26.0%)",
      "severity": "MEDIUM"
    }
  ],
  "data_quality": {
    "n_quarters": 15,
    "coverage": {
      "revenue": [
        15,
        15
      ],
      "gross_profit": [
        0,
        15
      ],
      "op_income": [
        0,
        15
      ],
      "fcf": [
        15,
        15
      ]
    },
    "gaps": [],
    "warnings": [
      "gross_profit: no data",
      "op_income: no data"
    ]
  },
  "market_cap": null,
  "source": "SEC EDGAR",
  "last_updated": "2026-02-02T21:37:14.730557"
}