{
  "ticker": "SKYH-WT",
  "name": "Sky Harbour Group Corporation",
  "quarters": [
    {
      "date": "2021-03-31T00:00:00",
      "quarter_label": "2021-03 (Q1)",
      "revenue": 390000,
      "gross_profit": null,
      "operating_income": 4421348,
      "net_income": 4430213,
      "opex": 1727000,
      "cogs": null,
      "rd": null,
      "sga": null,
      "fcf": -1282000,
      "ocf": -1272000,
      "capex": -10000,
      "gross_margin": null,
      "op_margin": 11.336789743589744,
      "fcf_margin": -3.287179487179487
    },
    {
      "date": "2021-06-30T00:00:00",
      "quarter_label": "2021-06 (Q2)",
      "revenue": 394000,
      "gross_profit": null,
      "operating_income": 1585579,
      "net_income": 1586921,
      "opex": 2790000,
      "cogs": null,
      "rd": null,
      "sga": null,
      "fcf": -1307000,
      "ocf": -1173000,
      "capex": -134000,
      "gross_margin": null,
      "op_margin": 4.024312182741117,
      "fcf_margin": -3.317258883248731,
      "op_leverage_ratio": 0.016663048459849963,
      "fcf_margin_change": -0.030079396069243813
    },
    {
      "date": "2021-09-30T00:00:00",
      "quarter_label": "2021-09 (Q3)",
      "revenue": 402000,
      "gross_profit": null,
      "operating_income": -3227829,
      "net_income": -3216517,
      "opex": 3622000,
      "cogs": null,
      "rd": null,
      "sga": null,
      "fcf": -2287000,
      "ocf": -2281000,
      "capex": -6000,
      "gross_margin": null,
      "op_margin": -8.029425373134329,
      "fcf_margin": -5.689054726368159,
      "op_leverage_ratio": 0.0680886372510738,
      "fcf_margin_change": -2.371795843119428
    },
    {
      "date": "2021-12-31T00:00:00",
      "quarter_label": "2021-12 (Q4)",
      "revenue": 391000,
      "gross_profit": null,
      "operating_income": 130779,
      "net_income": 146302,
      "opex": 5639000,
      "cogs": null,
      "rd": null,
      "sga": null,
      "fcf": -1901000,
      "ocf": -1889000,
      "capex": -12000,
      "gross_margin": null,
      "op_margin": 0.33447314578005116,
      "fcf_margin": -4.861892583120205,
      "fcf_margin_change": 0.8271621432479543
    },
    {
      "date": "2022-03-31T00:00:00",
      "quarter_label": "2022-03 (Q1)",
      "revenue": 397000,
      "gross_profit": null,
      "operating_income": -5576000,
      "net_income": -15763000,
      "opex": 5973000,
      "cogs": null,
      "rd": null,
      "sga": null,
      "fcf": -10170000,
      "ocf": -10164000,
      "capex": -6000,
      "gross_margin": null,
      "op_margin": -14.045340050377833,
      "fcf_margin": -25.61712846347607,
      "rev_growth_yoy": 0.017948717948717947,
      "op_leverage_ratio": 0.25907775242354164,
      "fcf_margin_change": -20.755235880355865
    },
    {
      "date": "2022-06-30T00:00:00",
      "quarter_label": "2022-06 (Q2)",
      "revenue": 409000,
      "gross_profit": null,
      "operating_income": -5127000,
      "net_income": 12665000,
      "opex": 5536000,
      "cogs": null,
      "rd": null,
      "sga": null,
      "fcf": -14618000,
      "ocf": -14140000,
      "capex": -478000,
      "gross_margin": null,
      "op_margin": -12.535452322738386,
      "fcf_margin": -35.74083129584352,
      "rev_growth_yoy": 0.03807106598984772,
      "rev_growth_yoy_accel": 0.02012234804112977,
      "op_leverage_ratio": Infinity,
      "fcf_margin_change": -10.12370283236745
    },
    {
      "date": "2022-09-30T00:00:00",
      "quarter_label": "2022-09 (Q3)",
      "revenue": 431000,
      "gross_profit": null,
      "operating_income": -4544000,
      "net_income": -613000,
      "opex": 4975000,
      "cogs": null,
      "rd": null,
      "sga": null,
      "fcf": -1139000,
      "ocf": -978000,
      "capex": -161000,
      "gross_margin": null,
      "op_margin": -10.54292343387471,
      "fcf_margin": -2.6426914153132253,
      "rev_growth_yoy": 0.07213930348258707,
      "rev_growth_yoy_accel": 0.03406823749273935,
      "op_leverage_ratio": Infinity,
      "fcf_margin_change": 33.0981398805303
    },
    {
      "date": "2022-12-31T00:00:00",
      "quarter_label": "2022-12 (Q4)",
      "revenue": 609000,
      "gross_profit": null,
      "operating_income": -3611000,
      "net_income": 527000,
      "opex": 4220000,
      "cogs": null,
      "rd": null,
      "sga": null,
      "fcf": -2614000,
      "ocf": -2209000,
      "capex": -405000,
      "gross_margin": null,
      "op_margin": -5.929392446633826,
      "fcf_margin": -4.292282430213465,
      "rev_growth_yoy": 0.5575447570332481,
      "rev_growth_yoy_accel": 0.48540545355066106,
      "op_leverage_ratio": Infinity,
      "fcf_margin_change": -1.6495910149002397
    },
    {
      "date": "2023-03-31T00:00:00",
      "quarter_label": "2023-03 (Q1)",
      "revenue": 1107000,
      "gross_profit": null,
      "operating_income": -4684000,
      "net_income": -6196000,
      "opex": 5791000,
      "cogs": null,
      "rd": null,
      "sga": null,
      "fcf": -4728000,
      "ocf": -4553000,
      "capex": -175000,
      "gross_margin": null,
      "op_margin": -4.231255645889792,
      "fcf_margin": -4.2710027100271,
      "rev_growth_yoy": 1.7884130982367759,
      "rev_growth_yoy_accel": 1.2308683412035277,
      "op_leverage_ratio": 2.1965865298686476,
      "fcf_margin_change": 0.021279720186364592
    },
    {
      "date": "2023-06-30T00:00:00",
      "quarter_label": "2023-06 (Q2)",
      "revenue": 1728000,
      "gross_profit": null,
      "operating_income": -4246000,
      "net_income": 778000,
      "opex": 5974000,
      "cogs": null,
      "rd": null,
      "sga": null,
      "fcf": -1212000,
      "ocf": -1178000,
      "capex": -34000,
      "gross_margin": null,
      "op_margin": -2.457175925925926,
      "fcf_margin": -0.7013888888888888,
      "incr_op_margin_yoy": 0.6679302501895376,
      "rev_growth_yoy": 3.2249388753056234,
      "rev_growth_yoy_accel": 1.4365257770688475,
      "op_leverage_ratio": 17.75196588031454,
      "fcf_margin_change": 3.5696138211382116
    },
    {
      "date": "2023-09-30T00:00:00",
      "quarter_label": "2023-09 (Q3)",
      "revenue": 2502000,
      "gross_profit": null,
      "operating_income": -3399000,
      "net_income": -189000,
      "opex": 5901000,
      "cogs": null,
      "rd": null,
      "sga": null,
      "fcf": -920000,
      "ocf": -532000,
      "capex": -388000,
      "gross_margin": null,
      "op_margin": -1.3585131894484412,
      "fcf_margin": -0.3677058353317346,
      "incr_op_margin_yoy": 0.5528730082085949,
      "rev_growth_yoy": 4.805104408352668,
      "rev_growth_yoy_accel": 1.5801655330470448,
      "op_leverage_ratio": Infinity,
      "fcf_margin_change": 0.3336830535571542
    },
    {
      "date": "2023-12-31T00:00:00",
      "quarter_label": "2023-12 (Q4)",
      "revenue": 2238000,
      "gross_profit": null,
      "operating_income": -4663000,
      "net_income": -10571000,
      "opex": 6901000,
      "cogs": null,
      "rd": null,
      "sga": null,
      "fcf": -1642000,
      "ocf": -1472000,
      "capex": -170000,
      "gross_margin": null,
      "op_margin": -2.083556747095621,
      "fcf_margin": -0.7336907953529938,
      "incr_op_margin_yoy": -0.6457949662369552,
      "rev_growth_yoy": 2.6748768472906406,
      "rev_growth_yoy_accel": -2.1302275610620276,
      "fcf_margin_change": -0.36598496002125913
    },
    {
      "date": "2024-03-31T00:00:00",
      "quarter_label": "2024-03 (Q1)",
      "revenue": 2404000,
      "gross_profit": null,
      "operating_income": -5224000,
      "net_income": -18940000,
      "opex": 7628000,
      "cogs": null,
      "rd": null,
      "sga": null,
      "fcf": -4756000,
      "ocf": -4430000,
      "capex": -326000,
      "gross_margin": null,
      "op_margin": -2.173044925124792,
      "fcf_margin": -1.978369384359401,
      "incr_op_margin_yoy": -0.4163454124903624,
      "rev_growth_yoy": 1.1716350496838301,
      "rev_growth_yoy_accel": -1.5032417976068104,
      "op_leverage_ratio": 0.7040858597219712,
      "fcf_margin_change": -1.2446785890064072
    },
    {
      "date": "2024-06-30T00:00:00",
      "quarter_label": "2024-06 (Q2)",
      "revenue": 3618000,
      "gross_profit": null,
      "operating_income": -4958000,
      "net_income": 5761000,
      "opex": 8576000,
      "cogs": null,
      "rd": null,
      "sga": null,
      "fcf": -1404000,
      "ocf": -1042000,
      "capex": -362000,
      "gross_margin": null,
      "op_margin": -1.3703703703703705,
      "fcf_margin": -0.3880597014925373,
      "incr_op_margin_yoy": -0.37671957671957673,
      "rev_growth_yoy": 1.09375,
      "rev_growth_yoy_accel": -0.07788504968383014,
      "op_leverage_ratio": 4.063371876689343,
      "fcf_margin_change": 1.5903096828668637
    },
    {
      "date": "2024-09-30T00:00:00",
      "quarter_label": "2024-09 (Q3)",
      "revenue": 4097000,
      "gross_profit": null,
      "operating_income": -4864000,
      "net_income": -18554000,
      "opex": 8961000,
      "cogs": null,
      "rd": null,
      "sga": null,
      "fcf": -1802000,
      "ocf": -1163000,
      "capex": -639000,
      "gross_margin": null,
      "op_margin": -1.187210153771052,
      "fcf_margin": -0.43983402489626555,
      "incr_op_margin_yoy": -0.9184952978056427,
      "rev_growth_yoy": 0.6374900079936051,
      "rev_growth_yoy_accel": -0.4562599920063949,
      "op_leverage_ratio": 2.9491101491101492,
      "fcf_margin_change": -0.05177432340372823
    },
    {
      "date": "2024-12-31T00:00:00",
      "quarter_label": "2024-12 (Q4)",
      "revenue": 4642000,
      "gross_profit": null,
      "operating_income": -5368000,
      "net_income": -13499000,
      "opex": 10010000,
      "cogs": null,
      "rd": null,
      "sga": null,
      "fcf": -3395000,
      "ocf": -2460000,
      "capex": -935000,
      "gross_margin": null,
      "op_margin": -1.1563981042654028,
      "fcf_margin": -0.7313657906074967,
      "incr_op_margin_yoy": -0.293261231281198,
      "rev_growth_yoy": 1.0741733690795352,
      "rev_growth_yoy_accel": 0.4366833610859301,
      "op_leverage_ratio": 1.1363484592995456,
      "fcf_margin_change": -0.2915317657112312
    },
    {
      "date": "2025-03-31T00:00:00",
      "quarter_label": "2025-03 (Q1)",
      "revenue": 5593000,
      "gross_profit": null,
      "operating_income": -6823000,
      "net_income": -6376000,
      "opex": 12416000,
      "cogs": null,
      "rd": null,
      "sga": null,
      "fcf": -8525000,
      "ocf": -5050000,
      "capex": -3475000,
      "gross_margin": null,
      "op_margin": -1.2199177543357769,
      "fcf_margin": -1.5242267119613804,
      "incr_op_margin_yoy": -0.5014111006585137,
      "rev_growth_yoy": 1.326539101497504,
      "rev_growth_yoy_accel": 0.2523657324179689,
      "op_leverage_ratio": 0.852341894079966,
      "fcf_margin_change": -0.7928609213538836
    },
    {
      "date": "2025-06-30T00:00:00",
      "quarter_label": "2025-06 (Q2)",
      "revenue": 6588000,
      "gross_profit": null,
      "operating_income": -7528000,
      "net_income": 17453000,
      "opex": 14116000,
      "cogs": null,
      "rd": null,
      "sga": null,
      "fcf": -3690000,
      "ocf": -944000,
      "capex": -2746000,
      "gross_margin": null,
      "op_margin": -1.1426836672738312,
      "fcf_margin": -0.5601092896174863,
      "incr_op_margin_yoy": -0.8653198653198653,
      "rev_growth_yoy": 0.8208955223880597,
      "rev_growth_yoy_accel": -0.5056435791094444,
      "op_leverage_ratio": 1.2993048032729986,
      "fcf_margin_change": 0.9641174223438941
    },
    {
      "date": "2025-09-30T00:00:00",
      "quarter_label": "2025-09 (Q3)",
      "revenue": 7302000,
      "gross_profit": null,
      "operating_income": -7679000,
      "net_income": -1878000,
      "opex": 14981000,
      "cogs": null,
      "rd": null,
      "sga": null,
      "fcf": -2378000,
      "ocf": -906000,
      "capex": -1472000,
      "gross_margin": null,
      "op_margin": -1.0516296904957545,
      "fcf_margin": -0.3256642015886059,
      "incr_op_margin_yoy": -0.8783151326053042,
      "rev_growth_yoy": 0.7822797168659995,
      "rev_growth_yoy_accel": -0.03861580552206023,
      "op_leverage_ratio": 1.7686429346052204,
      "fcf_margin_change": 0.23444508802888042
    }
  ],
  "signals": [
    {
      "quarter": "2025-09 (Q3)",
      "signal": "FCF MARGIN EXPANSION",
      "detail": "FCF margin: -56.0% -> -32.6% (+23.4%)",
      "severity": "MEDIUM"
    },
    {
      "quarter": "2025-09 (Q3)",
      "signal": "OPERATING LEVERAGE",
      "detail": "Rev growth +10.8% vs OpEx growth +6.1% (leverage: 1.8x)",
      "severity": "MEDIUM"
    },
    {
      "quarter": "2025-06 (Q2)",
      "signal": "FCF MARGIN EXPANSION",
      "detail": "FCF margin: -152.4% -> -56.0% (+96.4%)",
      "severity": "MEDIUM"
    },
    {
      "quarter": "2025-06 (Q2)",
      "signal": "YoY REVENUE GROWTH DECELERATION",
      "detail": "YoY growth: +82.1% vs prior quarter YoY: +132.7% (decel: -50.6%)",
      "severity": "WARNING"
    },
    {
      "quarter": "2025-03 (Q1)",
      "signal": "YoY REVENUE GROWTH ACCELERATION",
      "detail": "YoY growth: +132.7% vs prior quarter YoY: +107.4% (accel: +25.2%)",
      "severity": "HIGH"
    },
    {
      "quarter": "2024-12 (Q4)",
      "signal": "YoY REVENUE GROWTH ACCELERATION",
      "detail": "YoY growth: +107.4% vs prior quarter YoY: +63.7% (accel: +43.7%)",
      "severity": "HIGH"
    },
    {
      "quarter": "2024-09 (Q3)",
      "signal": "OPERATING LEVERAGE",
      "detail": "Rev growth +13.2% vs OpEx growth +4.5% (leverage: 2.9x)",
      "severity": "MEDIUM"
    },
    {
      "quarter": "2024-09 (Q3)",
      "signal": "YoY REVENUE GROWTH DECELERATION",
      "detail": "YoY growth: +63.7% vs prior quarter YoY: +109.4% (decel: -45.6%)",
      "severity": "WARNING"
    },
    {
      "quarter": "2024-06 (Q2)",
      "signal": "FCF MARGIN EXPANSION",
      "detail": "FCF margin: -197.8% -> -38.8% (+159.0%)",
      "severity": "MEDIUM"
    },
    {
      "quarter": "2024-06 (Q2)",
      "signal": "OPERATING LEVERAGE",
      "detail": "Rev growth +50.5% vs OpEx growth +12.4% (leverage: 4.1x)",
      "severity": "MEDIUM"
    },
    {
      "quarter": "2024-06 (Q2)",
      "signal": "YoY REVENUE GROWTH DECELERATION",
      "detail": "YoY growth: +109.4% vs prior quarter YoY: +117.2% (decel: -7.8%)",
      "severity": "WARNING"
    },
    {
      "quarter": "2024-03 (Q1)",
      "signal": "YoY REVENUE GROWTH DECELERATION",
      "detail": "YoY growth: +117.2% vs prior quarter YoY: +267.5% (decel: -150.3%)",
      "severity": "WARNING"
    },
    {
      "quarter": "2023-12 (Q4)",
      "signal": "YoY REVENUE GROWTH DECELERATION",
      "detail": "YoY growth: +267.5% vs prior quarter YoY: +480.5% (decel: -213.0%)",
      "severity": "WARNING"
    },
    {
      "quarter": "2023-09 (Q3)",
      "signal": "FCF MARGIN EXPANSION",
      "detail": "FCF margin: -70.1% -> -36.8% (+33.4%)",
      "severity": "MEDIUM"
    },
    {
      "quarter": "2023-09 (Q3)",
      "signal": "YoY REVENUE GROWTH ACCELERATION",
      "detail": "YoY growth: +480.5% vs prior quarter YoY: +322.5% (accel: +158.0%)",
      "severity": "HIGH"
    },
    {
      "quarter": "2023-06 (Q2)",
      "signal": "FCF MARGIN EXPANSION",
      "detail": "FCF margin: -427.1% -> -70.1% (+357.0%)",
      "severity": "MEDIUM"
    },
    {
      "quarter": "2023-06 (Q2)",
      "signal": "OPERATING LEVERAGE",
      "detail": "Rev growth +56.1% vs OpEx growth +3.2% (leverage: 17.8x)",
      "severity": "MEDIUM"
    },
    {
      "quarter": "2023-06 (Q2)",
      "signal": "YoY REVENUE GROWTH ACCELERATION",
      "detail": "YoY growth: +322.5% vs prior quarter YoY: +178.8% (accel: +143.7%)",
      "severity": "HIGH"
    },
    {
      "quarter": "2023-03 (Q1)",
      "signal": "OPERATING LEVERAGE",
      "detail": "Rev growth +81.8% vs OpEx growth +37.2% (leverage: 2.2x)",
      "severity": "MEDIUM"
    },
    {
      "quarter": "2023-03 (Q1)",
      "signal": "YoY REVENUE GROWTH ACCELERATION",
      "detail": "YoY growth: +178.8% vs prior quarter YoY: +55.8% (accel: +123.1%)",
      "severity": "HIGH"
    },
    {
      "quarter": "2022-12 (Q4)",
      "signal": "YoY REVENUE GROWTH ACCELERATION",
      "detail": "YoY growth: +55.8% vs prior quarter YoY: +7.2% (accel: +48.5%)",
      "severity": "HIGH"
    },
    {
      "quarter": "2022-09 (Q3)",
      "signal": "FCF MARGIN EXPANSION",
      "detail": "FCF margin: -3574.1% -> -264.3% (+3309.8%)",
      "severity": "MEDIUM"
    },
    {
      "quarter": "2021-12 (Q4)",
      "signal": "FCF MARGIN EXPANSION",
      "detail": "FCF margin: -568.9% -> -486.2% (+82.7%)",
      "severity": "MEDIUM"
    },
    {
      "quarter": "2021-12 (Q4)",
      "signal": "OP MARGIN TURNED POSITIVE (QoQ)",
      "detail": "Op margin: -802.9% -> +33.4%",
      "severity": "HIGH"
    }
  ],
  "data_quality": {
    "n_quarters": 19,
    "coverage": {
      "revenue": [
        19,
        19
      ],
      "gross_profit": [
        0,
        19
      ],
      "op_income": [
        19,
        19
      ],
      "fcf": [
        19,
        19
      ]
    },
    "gaps": [],
    "warnings": [
      "gross_profit: no data"
    ]
  },
  "market_cap": null,
  "source": "SEC EDGAR",
  "last_updated": "2026-02-03T01:12:26.594395"
}