{
  "ticker": "SKYW",
  "name": "SKYWEST INC",
  "sector": "Industrials",
  "industry": "Airlines",
  "quarters": [
    {
      "date": "2021-03-31T00:00:00",
      "quarter_label": "2021-03 (Q1)",
      "revenue": 534555000,
      "gross_profit": 80842000,
      "operating_income": 80842000,
      "net_income": null,
      "opex": 453713000,
      "cogs": 453713000,
      "rd": null,
      "sga": null,
      "fcf": 227369000,
      "ocf": 231593000,
      "capex": -4224000,
      "gross_margin": 0.15123233343622267,
      "op_margin": 0.15123233343622267,
      "fcf_margin": 0.4253425746649082
    },
    {
      "date": "2021-06-30T00:00:00",
      "quarter_label": "2021-06 (Q2)",
      "revenue": 656990000,
      "gross_profit": 115023000,
      "operating_income": 115023000,
      "net_income": null,
      "opex": 541967000,
      "cogs": 541967000,
      "rd": null,
      "sga": null,
      "fcf": 262619000,
      "ocf": 267095000,
      "capex": -4476000,
      "gross_margin": 0.17507572413583158,
      "op_margin": 0.17507572413583158,
      "fcf_margin": 0.3997305895066896,
      "op_leverage_ratio": 1.1774975554165938,
      "fcf_margin_change": -0.02561198515821861
    },
    {
      "date": "2021-09-30T00:00:00",
      "quarter_label": "2021-09 (Q3)",
      "revenue": 744783000,
      "gross_profit": null,
      "operating_income": 47050000,
      "net_income": null,
      "opex": 697733000,
      "cogs": null,
      "rd": null,
      "sga": null,
      "fcf": 186494000,
      "ocf": 188267000,
      "capex": -1773000,
      "gross_margin": null,
      "op_margin": 0.06317276307327101,
      "fcf_margin": 0.2504004522122551,
      "op_leverage_ratio": 0.46494470520487735,
      "fcf_margin_change": -0.1493301372944345
    },
    {
      "date": "2021-12-31T00:00:00",
      "quarter_label": "2021-12 (Q4)",
      "revenue": 777163000,
      "gross_profit": null,
      "operating_income": 32952000,
      "net_income": null,
      "opex": 744211000,
      "cogs": null,
      "rd": null,
      "sga": null,
      "fcf": 137211000,
      "ocf": 144865000,
      "capex": -7654000,
      "gross_margin": null,
      "op_margin": 0.042400371608015304,
      "fcf_margin": 0.17655369594280737,
      "op_leverage_ratio": 0.6526628928027773,
      "fcf_margin_change": -0.07384675626944773
    },
    {
      "date": "2022-03-31T00:00:00",
      "quarter_label": "2022-03 (Q1)",
      "revenue": 735152000,
      "gross_profit": null,
      "operating_income": 52048000,
      "net_income": null,
      "opex": 683104000,
      "cogs": null,
      "rd": null,
      "sga": null,
      "fcf": 18272000,
      "ocf": 20508000,
      "capex": -2236000,
      "gross_margin": null,
      "op_margin": 0.07079896402376651,
      "fcf_margin": 0.02485472392103946,
      "incr_op_margin_yoy": -0.1435415285373161,
      "rev_growth_yoy": 0.37525979553086214,
      "fcf_margin_change": -0.1516989720217679
    },
    {
      "date": "2022-06-30T00:00:00",
      "quarter_label": "2022-06 (Q2)",
      "revenue": 799085000,
      "gross_profit": null,
      "operating_income": 88602000,
      "net_income": null,
      "opex": 710483000,
      "cogs": null,
      "rd": null,
      "sga": null,
      "fcf": 187482000,
      "ocf": 194771000,
      "capex": -7289000,
      "gross_margin": null,
      "op_margin": 0.11087931822021437,
      "fcf_margin": 0.23462084759443613,
      "incr_op_margin_yoy": -0.1859389844822126,
      "rev_growth_yoy": 0.21628183077367996,
      "rev_growth_yoy_accel": -0.15897796475718218,
      "op_leverage_ratio": 2.1697874222239135,
      "fcf_margin_change": 0.20976612367339667
    },
    {
      "date": "2022-09-30T00:00:00",
      "quarter_label": "2022-09 (Q3)",
      "revenue": 789443000,
      "gross_profit": null,
      "operating_income": 75576000,
      "net_income": null,
      "opex": 713867000,
      "cogs": null,
      "rd": null,
      "sga": null,
      "fcf": 126416000,
      "ocf": 128256000,
      "capex": -1840000,
      "gross_margin": null,
      "op_margin": 0.09573332083506979,
      "fcf_margin": 0.16013315717537555,
      "incr_op_margin_yoy": 0.6387371249440215,
      "rev_growth_yoy": 0.05996377468336415,
      "rev_growth_yoy_accel": -0.15631805609031582,
      "fcf_margin_change": -0.07448769041906059
    },
    {
      "date": "2022-12-31T00:00:00",
      "quarter_label": "2022-12 (Q4)",
      "revenue": 681245000,
      "gross_profit": null,
      "operating_income": -35064000,
      "net_income": null,
      "opex": 716309000,
      "cogs": null,
      "rd": null,
      "sga": null,
      "fcf": 135175000,
      "ocf": 136841000,
      "capex": -1666000,
      "gross_margin": null,
      "op_margin": -0.051470469508033086,
      "fcf_margin": 0.198423474667704,
      "incr_op_margin_yoy": 0.7091056944473404,
      "rev_growth_yoy": -0.12342069810322931,
      "rev_growth_yoy_accel": -0.18338447278659345,
      "fcf_margin_change": 0.038290317492328446
    },
    {
      "date": "2023-03-31T00:00:00",
      "quarter_label": "2023-03 (Q1)",
      "revenue": 691831000,
      "gross_profit": null,
      "operating_income": -4704000,
      "net_income": null,
      "opex": 696535000,
      "cogs": null,
      "rd": null,
      "sga": null,
      "fcf": 139884000,
      "ocf": 150203000,
      "capex": -10319000,
      "gross_margin": null,
      "op_margin": -0.006799348395778738,
      "fcf_margin": 0.20219388839181823,
      "incr_op_margin_yoy": 1.3100343944045614,
      "rev_growth_yoy": -0.05892794959409755,
      "rev_growth_yoy_accel": 0.06449274850913175,
      "op_leverage_ratio": null,
      "fcf_margin_change": 0.003770413724114241
    },
    {
      "date": "2023-06-30T00:00:00",
      "quarter_label": "2023-06 (Q2)",
      "revenue": 725643000,
      "gross_profit": null,
      "operating_income": 31860000,
      "net_income": null,
      "opex": 693783000,
      "cogs": null,
      "rd": null,
      "sga": null,
      "fcf": 181801000,
      "ocf": 182820000,
      "capex": -1019000,
      "gross_margin": null,
      "op_margin": 0.043905887605888844,
      "fcf_margin": 0.2505377988900878,
      "incr_op_margin_yoy": 0.7726096783856649,
      "rev_growth_yoy": -0.09190761933961969,
      "rev_growth_yoy_accel": -0.03297966974552214,
      "op_leverage_ratio": null,
      "fcf_margin_change": 0.04834391049826958
    },
    {
      "date": "2023-09-30T00:00:00",
      "quarter_label": "2023-09 (Q3)",
      "revenue": 766171000,
      "gross_profit": null,
      "operating_income": 49291000,
      "net_income": null,
      "opex": 716880000,
      "cogs": null,
      "rd": null,
      "sga": null,
      "fcf": 176244000,
      "ocf": 178884000,
      "capex": -2640000,
      "gross_margin": null,
      "op_margin": 0.06433420215591558,
      "fcf_margin": 0.23003219907827366,
      "incr_op_margin_yoy": 1.1294688896528016,
      "rev_growth_yoy": -0.029479012417615965,
      "rev_growth_yoy_accel": 0.06242860692200372,
      "op_leverage_ratio": 1.677645676369595,
      "fcf_margin_change": -0.020505599811814157
    },
    {
      "date": "2023-12-31T00:00:00",
      "quarter_label": "2023-12 (Q4)",
      "revenue": 751787000,
      "gross_profit": null,
      "operating_income": 27622000,
      "net_income": null,
      "opex": 724165000,
      "cogs": null,
      "rd": null,
      "sga": null,
      "fcf": 225147000,
      "ocf": 224427000,
      "capex": 720000,
      "gross_margin": null,
      "op_margin": 0.03674178989527619,
      "fcf_margin": 0.2994824331891879,
      "incr_op_margin_yoy": 0.8886337217544158,
      "rev_growth_yoy": 0.10354864989834787,
      "rev_growth_yoy_accel": 0.13302766231596383,
      "fcf_margin_change": 0.06945023411091422
    },
    {
      "date": "2024-03-31T00:00:00",
      "quarter_label": "2024-03 (Q1)",
      "revenue": 803614000,
      "gross_profit": null,
      "operating_income": 99506000,
      "net_income": 60298000,
      "opex": 704108000,
      "cogs": null,
      "rd": null,
      "sga": null,
      "fcf": 153398000,
      "ocf": 157648000,
      "capex": -4250000,
      "gross_margin": null,
      "op_margin": 0.1238231290146762,
      "fcf_margin": 0.19088517621644222,
      "incr_op_margin_yoy": 0.9322526681159031,
      "rev_growth_yoy": 0.1615755871014742,
      "rev_growth_yoy_accel": 0.058026937203126336,
      "op_leverage_ratio": null,
      "fcf_margin_change": -0.10859725697274566
    },
    {
      "date": "2024-06-30T00:00:00",
      "quarter_label": "2024-06 (Q2)",
      "revenue": 867118000,
      "gross_profit": null,
      "operating_income": 119640000,
      "net_income": 75578000,
      "opex": 747478000,
      "cogs": null,
      "rd": null,
      "sga": null,
      "fcf": 159384000,
      "ocf": 165314000,
      "capex": -5930000,
      "gross_margin": null,
      "op_margin": 0.13797430107551684,
      "fcf_margin": 0.18380889336860728,
      "incr_op_margin_yoy": 0.6204629793249691,
      "rev_growth_yoy": 0.19496501723299198,
      "rev_growth_yoy_accel": 0.03338943013151777,
      "op_leverage_ratio": 1.2829314276009223,
      "fcf_margin_change": -0.0070762828478349304
    },
    {
      "date": "2024-09-30T00:00:00",
      "quarter_label": "2024-09 (Q3)",
      "revenue": 912786000,
      "gross_profit": null,
      "operating_income": 131435000,
      "net_income": 89709000,
      "opex": 781351000,
      "cogs": null,
      "rd": null,
      "sga": null,
      "fcf": 172098000,
      "ocf": 183603000,
      "capex": -11505000,
      "gross_margin": null,
      "op_margin": 0.14399322513710772,
      "fcf_margin": 0.18854145440442777,
      "incr_op_margin_yoy": 0.5602700951471541,
      "rev_growth_yoy": 0.191360675358373,
      "rev_growth_yoy_accel": -0.0036043418746189715,
      "op_leverage_ratio": 1.162193771395604,
      "fcf_margin_change": 0.004732561035820482
    },
    {
      "date": "2024-12-31T00:00:00",
      "quarter_label": "2024-12 (Q4)",
      "revenue": 944402000,
      "gross_profit": null,
      "operating_income": 144076000,
      "net_income": 97377000,
      "opex": 800326000,
      "cogs": null,
      "rd": null,
      "sga": null,
      "fcf": 162687000,
      "ocf": 185897000,
      "capex": -23210000,
      "gross_margin": null,
      "op_margin": 0.15255791495570742,
      "fcf_margin": 0.1722645653016406,
      "incr_op_margin_yoy": 0.6045946577369363,
      "rev_growth_yoy": 0.25620953807394914,
      "rev_growth_yoy_accel": 0.06484886271557613,
      "op_leverage_ratio": 1.4262719469863083,
      "fcf_margin_change": -0.016276889102787157
    },
    {
      "date": "2025-03-31T00:00:00",
      "quarter_label": "2025-03 (Q1)",
      "revenue": 948455000,
      "gross_profit": null,
      "operating_income": 139377000,
      "net_income": 100551000,
      "opex": 809078000,
      "cogs": null,
      "rd": null,
      "sga": null,
      "fcf": 162570000,
      "ocf": 171023000,
      "capex": -8453000,
      "gross_margin": null,
      "op_margin": 0.14695162132099046,
      "fcf_margin": 0.17140507456864057,
      "incr_op_margin_yoy": 0.27527426626438645,
      "rev_growth_yoy": 0.18023702922049642,
      "rev_growth_yoy_accel": -0.07597250885345272,
      "fcf_margin_change": -0.0008594907330000401
    },
    {
      "date": "2025-06-30T00:00:00",
      "quarter_label": "2025-06 (Q2)",
      "revenue": 1035227000,
      "gross_profit": null,
      "operating_income": 170128000,
      "net_income": 120269000,
      "opex": 865099000,
      "cogs": null,
      "rd": null,
      "sga": null,
      "fcf": 251527000,
      "ocf": 257060000,
      "capex": -5533000,
      "gross_margin": null,
      "op_margin": 0.16433883583020922,
      "fcf_margin": 0.24296796741197824,
      "incr_op_margin_yoy": 0.30032895323867254,
      "rev_growth_yoy": 0.19387096104567084,
      "rev_growth_yoy_accel": 0.013633931825174417,
      "op_leverage_ratio": 1.32130297414782,
      "fcf_margin_change": 0.07156289284333767
    },
    {
      "date": "2025-09-30T00:00:00",
      "quarter_label": "2025-09 (Q3)",
      "revenue": 1050029000,
      "gross_profit": null,
      "operating_income": 174143000,
      "net_income": 116358000,
      "opex": 875886000,
      "cogs": null,
      "rd": null,
      "sga": null,
      "fcf": 269929000,
      "ocf": 280777000,
      "capex": -10848000,
      "gross_margin": null,
      "op_margin": 0.16584589568478586,
      "fcf_margin": 0.2570681381180901,
      "incr_op_margin_yoy": 0.31118526992269185,
      "rev_growth_yoy": 0.1503561623425425,
      "rev_growth_yoy_accel": -0.04351479870312833,
      "op_leverage_ratio": 1.1467003385594923,
      "fcf_margin_change": 0.014100170706111859
    },
    {
      "date": "2025-12-31T00:00:00",
      "quarter_label": "2025-12 (Q4)",
      "revenue": 1024491000,
      "gross_profit": null,
      "operating_income": 134198000,
      "net_income": 91156000,
      "opex": 890293000,
      "cogs": null,
      "rd": null,
      "sga": null,
      "fcf": 224315000,
      "ocf": 231504000,
      "capex": -7189000,
      "gross_margin": null,
      "op_margin": 0.13098992572897175,
      "fcf_margin": 0.2189526311114495,
      "incr_op_margin_yoy": -0.12333778671228258,
      "rev_growth_yoy": 0.08480392883539001,
      "rev_growth_yoy_accel": -0.0655522335071525,
      "fcf_margin_change": -0.0381155070066406
    }
  ],
  "signals": [
    {
      "quarter": "2025-12 (Q4)",
      "signal": "YoY REVENUE GROWTH DECELERATION",
      "detail": "YoY growth: +8.5% vs prior quarter YoY: +15.0% (decel: -6.6%)",
      "severity": "WARNING"
    },
    {
      "quarter": "2025-09 (Q3)",
      "signal": "INCREMENTAL MARGIN (YoY)",
      "detail": "YoY Incr OPM: +31.1% vs year-ago OPM: +14.4%",
      "severity": "MEDIUM"
    },
    {
      "quarter": "2025-06 (Q2)",
      "signal": "FCF MARGIN EXPANSION",
      "detail": "FCF margin: +17.1% -> +24.3% (+7.2%)",
      "severity": "MEDIUM"
    },
    {
      "quarter": "2025-06 (Q2)",
      "signal": "INCREMENTAL MARGIN (YoY)",
      "detail": "YoY Incr OPM: +30.0% vs year-ago OPM: +13.8%",
      "severity": "MEDIUM"
    },
    {
      "quarter": "2025-03 (Q1)",
      "signal": "YoY REVENUE GROWTH DECELERATION",
      "detail": "YoY growth: +18.0% vs prior quarter YoY: +25.6% (decel: -7.6%)",
      "severity": "WARNING"
    },
    {
      "quarter": "2025-03 (Q1)",
      "signal": "INCREMENTAL MARGIN (YoY)",
      "detail": "YoY Incr OPM: +27.5% vs year-ago OPM: +12.4%",
      "severity": "MEDIUM"
    },
    {
      "quarter": "2024-12 (Q4)",
      "signal": "YoY REVENUE GROWTH ACCELERATION",
      "detail": "YoY growth: +25.6% vs prior quarter YoY: +19.1% (accel: +6.5%)",
      "severity": "MEDIUM"
    },
    {
      "quarter": "2024-12 (Q4)",
      "signal": "INCREMENTAL MARGIN (YoY)",
      "detail": "YoY Incr OPM: +60.5% vs year-ago OPM: +3.7%",
      "severity": "HIGH"
    },
    {
      "quarter": "2024-09 (Q3)",
      "signal": "INCREMENTAL MARGIN (YoY)",
      "detail": "YoY Incr OPM: +56.0% vs year-ago OPM: +6.4%",
      "severity": "HIGH"
    },
    {
      "quarter": "2024-06 (Q2)",
      "signal": "INCREMENTAL MARGIN (YoY)",
      "detail": "YoY Incr OPM: +62.0% vs year-ago OPM: +4.4%",
      "severity": "HIGH"
    },
    {
      "quarter": "2024-03 (Q1)",
      "signal": "YoY REVENUE GROWTH ACCELERATION",
      "detail": "YoY growth: +16.2% vs prior quarter YoY: +10.4% (accel: +5.8%)",
      "severity": "MEDIUM"
    },
    {
      "quarter": "2024-03 (Q1)",
      "signal": "OP MARGIN TURNED POSITIVE (YoY)",
      "detail": "Op margin: -0.7% (year-ago) -> +12.4%",
      "severity": "HIGH"
    },
    {
      "quarter": "2023-12 (Q4)",
      "signal": "FCF MARGIN EXPANSION",
      "detail": "FCF margin: +23.0% -> +29.9% (+6.9%)",
      "severity": "MEDIUM"
    },
    {
      "quarter": "2023-12 (Q4)",
      "signal": "YoY REVENUE GROWTH ACCELERATION",
      "detail": "YoY growth: +10.4% vs prior quarter YoY: -2.9% (accel: +13.3%)",
      "severity": "MEDIUM"
    },
    {
      "quarter": "2023-12 (Q4)",
      "signal": "OP MARGIN TURNED POSITIVE (YoY)",
      "detail": "Op margin: -5.1% (year-ago) -> +3.7%",
      "severity": "HIGH"
    },
    {
      "quarter": "2023-09 (Q3)",
      "signal": "OPERATING LEVERAGE",
      "detail": "Rev growth +5.6% vs OpEx growth +3.3% (leverage: 1.7x)",
      "severity": "MEDIUM"
    },
    {
      "quarter": "2023-09 (Q3)",
      "signal": "YoY REVENUE GROWTH ACCELERATION",
      "detail": "YoY growth: -2.9% vs prior quarter YoY: -9.2% (accel: +6.2%)",
      "severity": "MEDIUM"
    },
    {
      "quarter": "2023-09 (Q3)",
      "signal": "INCREMENTAL MARGIN (YoY)",
      "detail": "YoY Incr OPM: +112.9% vs year-ago OPM: +9.6%",
      "severity": "HIGH"
    },
    {
      "quarter": "2023-06 (Q2)",
      "signal": "INCREMENTAL MARGIN (YoY)",
      "detail": "YoY Incr OPM: +77.3% vs year-ago OPM: +11.1%",
      "severity": "HIGH"
    },
    {
      "quarter": "2023-06 (Q2)",
      "signal": "OP MARGIN TURNED POSITIVE (QoQ)",
      "detail": "Op margin: -0.7% -> +4.4%",
      "severity": "HIGH"
    },
    {
      "quarter": "2023-03 (Q1)",
      "signal": "YoY REVENUE GROWTH ACCELERATION",
      "detail": "YoY growth: -5.9% vs prior quarter YoY: -12.3% (accel: +6.4%)",
      "severity": "MEDIUM"
    },
    {
      "quarter": "2022-12 (Q4)",
      "signal": "YoY REVENUE GROWTH DECELERATION",
      "detail": "YoY growth: -12.3% vs prior quarter YoY: +6.0% (decel: -18.3%)",
      "severity": "WARNING"
    },
    {
      "quarter": "2022-09 (Q3)",
      "signal": "YoY REVENUE GROWTH DECELERATION",
      "detail": "YoY growth: +6.0% vs prior quarter YoY: +21.6% (decel: -15.6%)",
      "severity": "WARNING"
    },
    {
      "quarter": "2022-09 (Q3)",
      "signal": "INCREMENTAL MARGIN (YoY)",
      "detail": "YoY Incr OPM: +63.9% vs year-ago OPM: +6.3%",
      "severity": "HIGH"
    },
    {
      "quarter": "2022-06 (Q2)",
      "signal": "FCF MARGIN EXPANSION",
      "detail": "FCF margin: +2.5% -> +23.5% (+21.0%)",
      "severity": "MEDIUM"
    },
    {
      "quarter": "2022-06 (Q2)",
      "signal": "OPERATING LEVERAGE",
      "detail": "Rev growth +8.7% vs OpEx growth +4.0% (leverage: 2.2x)",
      "severity": "MEDIUM"
    },
    {
      "quarter": "2022-06 (Q2)",
      "signal": "YoY REVENUE GROWTH DECELERATION",
      "detail": "YoY growth: +21.6% vs prior quarter YoY: +37.5% (decel: -15.9%)",
      "severity": "WARNING"
    }
  ],
  "data_quality": {
    "n_quarters": 20,
    "coverage": {
      "revenue": [
        20,
        20
      ],
      "gross_profit": [
        2,
        20
      ],
      "op_income": [
        20,
        20
      ],
      "fcf": [
        20,
        20
      ]
    },
    "gaps": [],
    "warnings": [
      "gross_profit: 2/20Q"
    ]
  },
  "market_cap": null,
  "source": "SEC EDGAR",
  "last_updated": "2026-02-24T10:34:00.834543"
}