{
  "ticker": "SKYX",
  "name": "SKYX PLATFORMS CORP.",
  "quarters": [
    {
      "date": "2018-03-31T00:00:00",
      "quarter_label": "2018-03 (Q1)",
      "revenue": 3138060,
      "gross_profit": 708759,
      "operating_income": null,
      "net_income": null,
      "opex": 2474222,
      "cogs": 2429301,
      "rd": null,
      "sga": null,
      "fcf": null,
      "ocf": null,
      "capex": null,
      "gross_margin": 0.22585897019177453,
      "op_margin": null,
      "fcf_margin": null
    },
    {
      "date": "2018-06-30T00:00:00",
      "quarter_label": "2018-06 (Q2)",
      "revenue": 2262841,
      "gross_profit": 387475,
      "operating_income": null,
      "net_income": null,
      "opex": 2855750,
      "cogs": 1875366,
      "rd": null,
      "sga": null,
      "fcf": null,
      "ocf": null,
      "capex": null,
      "gross_margin": 0.17123386044357514,
      "op_margin": null,
      "fcf_margin": null
    },
    {
      "date": "2018-09-30T00:00:00",
      "quarter_label": "2018-09 (Q3)",
      "revenue": 1011811,
      "gross_profit": 82988,
      "operating_income": null,
      "net_income": null,
      "opex": 2754512,
      "cogs": 928823,
      "rd": null,
      "sga": null,
      "fcf": -5489531,
      "ocf": -5489531,
      "capex": null,
      "gross_margin": 0.08201927039733706,
      "op_margin": null,
      "fcf_margin": -5.4254509982595565
    },
    {
      "date": "2021-03-31T00:00:00",
      "quarter_label": "2021-03 (Q1)",
      "revenue": 100185,
      "gross_profit": 17677,
      "operating_income": -850003,
      "net_income": -986939,
      "opex": 867680,
      "cogs": 82508,
      "rd": null,
      "sga": 867680,
      "fcf": -764095,
      "ocf": -764095,
      "capex": null,
      "gross_margin": 0.17644357937815042,
      "op_margin": -8.484333982133053,
      "fcf_margin": -7.626840345361082,
      "fcf_margin_change": -2.201389347101525
    },
    {
      "date": "2021-12-31T00:00:00",
      "quarter_label": "2021-12 (Q4)",
      "revenue": -57076,
      "gross_profit": -63029,
      "operating_income": -1946840,
      "net_income": -2081769,
      "opex": 1883811,
      "cogs": 5953,
      "rd": null,
      "sga": 1883811,
      "fcf": -1794662,
      "ocf": -1794662,
      "capex": null,
      "gross_margin": 1.1042995304506273,
      "op_margin": 34.109608241642725,
      "fcf_margin": 31.443373747284323,
      "fcf_margin_change": 39.0702140926454
    },
    {
      "date": "2022-03-31T00:00:00",
      "quarter_label": "2022-03 (Q1)",
      "revenue": 6971,
      "gross_profit": -24166,
      "operating_income": -11946109,
      "net_income": -11858364,
      "opex": 11921943,
      "cogs": 31137,
      "rd": null,
      "sga": 11921943,
      "fcf": -3549520,
      "ocf": -3358486,
      "capex": -191034,
      "gross_margin": -3.466647539807775,
      "op_margin": -1713.686558599914,
      "fcf_margin": -509.18376129680104,
      "rev_growth_yoy": -0.9304187253580876,
      "fcf_margin_change": -540.6271350440853
    },
    {
      "date": "2022-06-30T00:00:00",
      "quarter_label": "2022-06 (Q2)",
      "revenue": 7389,
      "gross_profit": 1267,
      "operating_income": -4563820,
      "net_income": -4645737,
      "opex": 4565087,
      "cogs": 6122,
      "rd": null,
      "sga": 4565087,
      "fcf": -2916532,
      "ocf": -2844818,
      "capex": -71714,
      "gross_margin": 0.1714711056976587,
      "op_margin": -617.6505616456895,
      "fcf_margin": -394.7126810123156,
      "op_leverage_ratio": Infinity,
      "fcf_margin_change": 114.47108028448542
    },
    {
      "date": "2022-09-30T00:00:00",
      "quarter_label": "2022-09 (Q3)",
      "revenue": 8556,
      "gross_profit": 2642,
      "operating_income": -5606477,
      "net_income": -5658666,
      "opex": 5609119,
      "cogs": 5914,
      "rd": null,
      "sga": 5609119,
      "fcf": -3518842,
      "ocf": -3523683,
      "capex": 4841,
      "gross_margin": 0.3087891538101917,
      "op_margin": -655.268466573165,
      "fcf_margin": -411.27185600748015,
      "op_leverage_ratio": 0.6905902426562298,
      "fcf_margin_change": -16.55917499516454
    },
    {
      "date": "2022-12-31T00:00:00",
      "quarter_label": "2022-12 (Q4)",
      "revenue": 9106,
      "gross_profit": 7869,
      "operating_income": -4508775,
      "net_income": -4873174,
      "opex": 4516644,
      "cogs": 1237,
      "rd": null,
      "sga": 4268429,
      "fcf": -4166241,
      "ocf": -4111459,
      "capex": -54782,
      "gross_margin": 0.8641555018669009,
      "op_margin": -495.14331210191085,
      "fcf_margin": -457.52701515484296,
      "op_leverage_ratio": Infinity,
      "fcf_margin_change": -46.255159147362804
    },
    {
      "date": "2023-03-31T00:00:00",
      "quarter_label": "2023-03 (Q1)",
      "revenue": 10025,
      "gross_profit": 8557,
      "operating_income": -7239648,
      "net_income": -7970269,
      "opex": 7248205,
      "cogs": 1468,
      "rd": null,
      "sga": 7248205,
      "fcf": -4119295,
      "ocf": -4118989,
      "capex": -306,
      "gross_margin": 0.85356608478803,
      "op_margin": -722.1594014962593,
      "fcf_margin": -410.90224438902743,
      "rev_growth_yoy": 0.43810070291206427,
      "op_leverage_ratio": 0.16687559337970917,
      "fcf_margin_change": 46.624770765815526
    },
    {
      "date": "2023-06-30T00:00:00",
      "quarter_label": "2023-06 (Q2)",
      "revenue": 14984055,
      "gross_profit": 4695412,
      "operating_income": -12251340,
      "net_income": -12268215,
      "opex": 16946752,
      "cogs": 10288643,
      "rd": null,
      "sga": 16946752,
      "fcf": -2525086,
      "ocf": -2525086,
      "capex": null,
      "gross_margin": 0.3133605689514621,
      "op_margin": -0.8176251355190568,
      "fcf_margin": -0.16851820151487698,
      "incr_op_margin_yoy": -0.5132998225372724,
      "rev_growth_yoy": 2026.8867235079172,
      "rev_growth_yoy_accel": 2026.448622805005,
      "op_leverage_ratio": 1116.2927670451697,
      "fcf_margin_change": 410.73372618751256
    },
    {
      "date": "2023-09-30T00:00:00",
      "quarter_label": "2023-09 (Q3)",
      "revenue": 21617579,
      "gross_profit": 6700086,
      "operating_income": -6521603,
      "net_income": -7183776,
      "opex": 13221689,
      "cogs": 14917493,
      "rd": null,
      "sga": null,
      "fcf": -3448288,
      "ocf": -3448288,
      "capex": null,
      "gross_margin": 0.3099369267946239,
      "op_margin": -0.30168054433847563,
      "fcf_margin": -0.15951314437199465,
      "incr_op_margin_yoy": -0.04234925382790328,
      "rev_growth_yoy": 2525.5987611033192,
      "rev_growth_yoy_accel": 498.7120375954021,
      "op_leverage_ratio": Infinity,
      "fcf_margin_change": 0.009005057142882328
    },
    {
      "date": "2023-12-31T00:00:00",
      "quarter_label": "2023-12 (Q4)",
      "revenue": 22174103,
      "gross_profit": 6631794,
      "operating_income": -11812615,
      "net_income": -12320396,
      "opex": 18444409,
      "cogs": 15542309,
      "rd": null,
      "sga": null,
      "fcf": -2905710,
      "ocf": -2905710,
      "capex": null,
      "gross_margin": 0.29907834377787457,
      "op_margin": -0.5327212108647642,
      "fcf_margin": -0.13104070094740697,
      "incr_op_margin_yoy": -0.3295213619925146,
      "rev_growth_yoy": 2434.1090489786952,
      "rev_growth_yoy_accel": -91.48971212462402,
      "op_leverage_ratio": 0.06517289870122793,
      "fcf_margin_change": 0.028472443424587685
    },
    {
      "date": "2024-03-31T00:00:00",
      "quarter_label": "2024-03 (Q1)",
      "revenue": 18977821,
      "gross_profit": 5578050,
      "operating_income": -8888347,
      "net_income": -9676201,
      "opex": 14466397,
      "cogs": 13399771,
      "rd": null,
      "sga": null,
      "fcf": -6162843,
      "ocf": -6109196,
      "capex": -53647,
      "gross_margin": 0.29392468186943066,
      "op_margin": -0.46835445439178713,
      "fcf_margin": -0.32473923112669256,
      "incr_op_margin_yoy": -0.0869209580280176,
      "rev_growth_yoy": 1892.049476309227,
      "rev_growth_yoy_accel": -542.0595726694683,
      "fcf_margin_change": -0.1936985301792856
    },
    {
      "date": "2024-06-30T00:00:00",
      "quarter_label": "2024-06 (Q2)",
      "revenue": 21446148,
      "gross_profit": 6576627,
      "operating_income": -6235299,
      "net_income": -7462949,
      "opex": 12811926,
      "cogs": 14869521,
      "rd": null,
      "sga": null,
      "fcf": -4513453,
      "ocf": -4287823,
      "capex": -225630,
      "gross_margin": 0.3066577270659514,
      "op_margin": -0.2907421416657201,
      "fcf_margin": -0.21045518290743867,
      "incr_op_margin_yoy": 0.9309740667613419,
      "rev_growth_yoy": 0.43126463430626755,
      "rev_growth_yoy_accel": -1891.6182116749208,
      "op_leverage_ratio": Infinity,
      "fcf_margin_change": 0.11428404821925389
    },
    {
      "date": "2024-09-30T00:00:00",
      "quarter_label": "2024-09 (Q3)",
      "revenue": 22168919,
      "gross_profit": 6841600,
      "operating_income": -7605435,
      "net_income": -8621306,
      "opex": 14447035,
      "cogs": 15327319,
      "rd": null,
      "sga": null,
      "fcf": -2811166,
      "ocf": -2554429,
      "capex": -256737,
      "gross_margin": 0.30861225123335967,
      "op_margin": -0.3430674720765591,
      "fcf_margin": -0.12680663409884804,
      "rev_growth_yoy": 0.025504243560298772,
      "rev_growth_yoy_accel": -0.40576039074596876,
      "op_leverage_ratio": 0.26407004091045855,
      "fcf_margin_change": 0.08364854880859063
    },
    {
      "date": "2024-12-31T00:00:00",
      "quarter_label": "2024-12 (Q4)",
      "revenue": 23683988,
      "gross_profit": null,
      "operating_income": -9383154,
      "net_income": -10007688,
      "opex": 76663753,
      "cogs": null,
      "rd": null,
      "sga": null,
      "fcf": -5308922,
      "ocf": -5308922,
      "capex": null,
      "gross_margin": null,
      "op_margin": -0.39618133567708275,
      "fcf_margin": -0.22415659052014383,
      "incr_op_margin_yoy": 1.6090371120979412,
      "rev_growth_yoy": 0.06809226961740009,
      "rev_growth_yoy_accel": 0.04258802605710131,
      "op_leverage_ratio": 0.01586936403034688,
      "fcf_margin_change": -0.09734995642129579
    },
    {
      "date": "2025-03-31T00:00:00",
      "quarter_label": "2025-03 (Q1)",
      "revenue": 20113938,
      "gross_profit": 5711450,
      "operating_income": -7713025,
      "net_income": -9052128,
      "opex": 27826963,
      "cogs": 14402488,
      "rd": null,
      "sga": null,
      "fcf": -4324675,
      "ocf": -4324675,
      "capex": null,
      "gross_margin": 0.28395483768519125,
      "op_margin": -0.38346667867823797,
      "fcf_margin": -0.21500886599133398,
      "incr_op_margin_yoy": 1.0345078895923572,
      "rev_growth_yoy": 0.0598655135381454,
      "rev_growth_yoy_accel": -0.008226756079254688,
      "fcf_margin_change": 0.009147724528809853
    },
    {
      "date": "2025-06-30T00:00:00",
      "quarter_label": "2025-06 (Q2)",
      "revenue": 23061655,
      "gross_profit": 6997169,
      "operating_income": -7521113,
      "net_income": -8826929,
      "opex": 30582768,
      "cogs": 16064486,
      "rd": null,
      "sga": null,
      "fcf": -1985103,
      "ocf": -1985103,
      "capex": null,
      "gross_margin": 0.30341139870490647,
      "op_margin": -0.3261306701535514,
      "fcf_margin": -0.08607808069282105,
      "incr_op_margin_yoy": -0.7959197948384006,
      "rev_growth_yoy": 0.075328539185685,
      "rev_growth_yoy_accel": 0.015463025647539597,
      "op_leverage_ratio": 1.4798101635178758,
      "fcf_margin_change": 0.12893078529851293
    },
    {
      "date": "2025-09-30T00:00:00",
      "quarter_label": "2025-09 (Q3)",
      "revenue": 23891537,
      "gross_profit": 7568260,
      "operating_income": -6763618,
      "net_income": -7615926,
      "opex": 30655155,
      "cogs": 16323277,
      "rd": null,
      "sga": null,
      "fcf": -4986496,
      "ocf": -4986496,
      "capex": null,
      "gross_margin": 0.3167757687586194,
      "op_margin": -0.283096813737852,
      "fcf_margin": -0.20871390568132975,
      "incr_op_margin_yoy": 0.48868466485314793,
      "rev_growth_yoy": 0.07770419477828396,
      "rev_growth_yoy_accel": 0.0023756555925989603,
      "op_leverage_ratio": 15.203447757309592,
      "fcf_margin_change": -0.1226358249885087
    }
  ],
  "signals": [
    {
      "quarter": "2025-09 (Q3)",
      "signal": "OPERATING LEVERAGE",
      "detail": "Rev growth +3.6% vs OpEx growth +0.2% (leverage: 15.2x)",
      "severity": "MEDIUM"
    },
    {
      "quarter": "2025-06 (Q2)",
      "signal": "FCF MARGIN EXPANSION",
      "detail": "FCF margin: -21.5% -> -8.6% (+12.9%)",
      "severity": "MEDIUM"
    },
    {
      "quarter": "2024-09 (Q3)",
      "signal": "FCF MARGIN EXPANSION",
      "detail": "FCF margin: -21.0% -> -12.7% (+8.4%)",
      "severity": "MEDIUM"
    },
    {
      "quarter": "2024-09 (Q3)",
      "signal": "YoY REVENUE GROWTH DECELERATION",
      "detail": "YoY growth: +2.6% vs prior quarter YoY: +43.1% (decel: -40.6%)",
      "severity": "WARNING"
    },
    {
      "quarter": "2024-06 (Q2)",
      "signal": "FCF MARGIN EXPANSION",
      "detail": "FCF margin: -32.5% -> -21.0% (+11.4%)",
      "severity": "MEDIUM"
    },
    {
      "quarter": "2024-06 (Q2)",
      "signal": "YoY REVENUE GROWTH DECELERATION",
      "detail": "YoY growth: +43.1% vs prior quarter YoY: +189204.9% (decel: -189161.8%)",
      "severity": "WARNING"
    },
    {
      "quarter": "2024-03 (Q1)",
      "signal": "YoY REVENUE GROWTH DECELERATION",
      "detail": "YoY growth: +189204.9% vs prior quarter YoY: +243410.9% (decel: -54206.0%)",
      "severity": "WARNING"
    },
    {
      "quarter": "2023-12 (Q4)",
      "signal": "YoY REVENUE GROWTH DECELERATION",
      "detail": "YoY growth: +243410.9% vs prior quarter YoY: +252559.9% (decel: -9149.0%)",
      "severity": "WARNING"
    },
    {
      "quarter": "2023-09 (Q3)",
      "signal": "YoY REVENUE GROWTH ACCELERATION",
      "detail": "YoY growth: +252559.9% vs prior quarter YoY: +202688.7% (accel: +49871.2%)",
      "severity": "HIGH"
    },
    {
      "quarter": "2023-06 (Q2)",
      "signal": "FCF MARGIN EXPANSION",
      "detail": "FCF margin: -41090.2% -> -16.9% (+41073.4%)",
      "severity": "MEDIUM"
    },
    {
      "quarter": "2023-06 (Q2)",
      "signal": "OPERATING LEVERAGE",
      "detail": "Rev growth +149366.9% vs OpEx growth +133.8% (leverage: 1116.3x)",
      "severity": "MEDIUM"
    },
    {
      "quarter": "2023-06 (Q2)",
      "signal": "YoY REVENUE GROWTH ACCELERATION",
      "detail": "YoY growth: +202688.7% vs prior quarter YoY: +43.8% (accel: +202644.9%)",
      "severity": "HIGH"
    },
    {
      "quarter": "2023-03 (Q1)",
      "signal": "FCF MARGIN EXPANSION",
      "detail": "FCF margin: -45752.7% -> -41090.2% (+4662.5%)",
      "severity": "MEDIUM"
    },
    {
      "quarter": "2022-06 (Q2)",
      "signal": "FCF MARGIN EXPANSION",
      "detail": "FCF margin: -50918.4% -> -39471.3% (+11447.1%)",
      "severity": "MEDIUM"
    },
    {
      "quarter": "2022-06 (Q2)",
      "signal": "GROSS MARGIN INFLECTION",
      "detail": "GM: +110.4% -> -346.7% -> +17.1% (reversal +363.8%)",
      "severity": "HIGH"
    },
    {
      "quarter": "2021-12 (Q4)",
      "signal": "FCF TURNED POSITIVE",
      "detail": "FCF margin: -762.7% -> +3144.3%",
      "severity": "HIGH"
    },
    {
      "quarter": "2021-12 (Q4)",
      "signal": "OP MARGIN TURNED POSITIVE (QoQ)",
      "detail": "Op margin: -848.4% -> +3411.0%",
      "severity": "HIGH"
    },
    {
      "quarter": "2021-03 (Q1)",
      "signal": "GROSS MARGIN INFLECTION",
      "detail": "GM: +17.1% -> +8.2% -> +17.6% (reversal +9.4%)",
      "severity": "HIGH"
    }
  ],
  "data_quality": {
    "n_quarters": 20,
    "coverage": {
      "revenue": [
        20,
        20
      ],
      "gross_profit": [
        19,
        20
      ],
      "op_income": [
        17,
        20
      ],
      "fcf": [
        18,
        20
      ]
    },
    "gaps": [
      [
        "2018-09 (Q3)",
        "2021-03 (Q1)",
        913
      ],
      [
        "2021-03 (Q1)",
        "2021-12 (Q4)",
        275
      ]
    ],
    "warnings": [
      "gap: 9Q missing between 2018-09 (Q3) and 2021-03 (Q1)",
      "gap: 2Q missing between 2021-03 (Q1) and 2021-12 (Q4)"
    ]
  },
  "market_cap": null,
  "source": "SEC EDGAR",
  "last_updated": "2026-02-02T22:42:48.007106"
}