{
  "ticker": "SLB",
  "name": "SLB LIMITED/NV",
  "quarters": [
    {
      "date": "2021-03-31T00:00:00",
      "quarter_label": "2021-03 (Q1)",
      "revenue": 5223000000,
      "gross_profit": null,
      "operating_income": 664000000,
      "net_income": 299000000,
      "opex": null,
      "cogs": null,
      "rd": 135000000,
      "sga": null,
      "fcf": 251000000,
      "ocf": 429000000,
      "capex": -178000000,
      "gross_margin": null,
      "op_margin": 0.12713000191460846,
      "fcf_margin": 0.04805667241049205
    },
    {
      "date": "2021-06-30T00:00:00",
      "quarter_label": "2021-06 (Q2)",
      "revenue": 5634000000,
      "gross_profit": null,
      "operating_income": 807000000,
      "net_income": 431000000,
      "opex": null,
      "cogs": null,
      "rd": 134000000,
      "sga": null,
      "fcf": 977000000,
      "ocf": 1220000000,
      "capex": -243000000,
      "gross_margin": null,
      "op_margin": 0.14323748668796593,
      "fcf_margin": 0.173411430599929,
      "fcf_margin_change": 0.12535475818943695
    },
    {
      "date": "2021-09-30T00:00:00",
      "quarter_label": "2021-09 (Q3)",
      "revenue": 5847000000,
      "gross_profit": null,
      "operating_income": 908000000,
      "net_income": 550000000,
      "opex": null,
      "cogs": null,
      "rd": 140000000,
      "sga": null,
      "fcf": 797000000,
      "ocf": 1070000000,
      "capex": -273000000,
      "gross_margin": null,
      "op_margin": 0.15529331280998804,
      "fcf_margin": 0.13630921840259963,
      "fcf_margin_change": -0.03710221219732937
    },
    {
      "date": "2021-12-31T00:00:00",
      "quarter_label": "2021-12 (Q4)",
      "revenue": 6225000000,
      "gross_profit": null,
      "operating_income": 986000000,
      "net_income": 601000000,
      "opex": null,
      "cogs": null,
      "rd": 145000000,
      "sga": null,
      "fcf": 1485000000,
      "ocf": 1932000000,
      "capex": -447000000,
      "gross_margin": null,
      "op_margin": 0.15839357429718876,
      "fcf_margin": 0.2385542168674699,
      "fcf_margin_change": 0.10224499846487026
    },
    {
      "date": "2022-03-31T00:00:00",
      "quarter_label": "2022-03 (Q1)",
      "revenue": 5962000000,
      "gross_profit": null,
      "operating_income": 894000000,
      "net_income": 510000000,
      "opex": null,
      "cogs": null,
      "rd": 141000000,
      "sga": null,
      "fcf": -173000000,
      "ocf": 131000000,
      "capex": -304000000,
      "gross_margin": null,
      "op_margin": 0.14994968131499498,
      "fcf_margin": -0.02901710835290171,
      "incr_op_margin_yoy": 0.3112313937753721,
      "rev_growth_yoy": 0.141489565383879,
      "fcf_margin_change": -0.2675713252203716
    },
    {
      "date": "2022-06-30T00:00:00",
      "quarter_label": "2022-06 (Q2)",
      "revenue": 6773000000,
      "gross_profit": null,
      "operating_income": 1159000000,
      "net_income": 959000000,
      "opex": null,
      "cogs": null,
      "rd": 154000000,
      "sga": null,
      "fcf": 48000000,
      "ocf": 408000000,
      "capex": -360000000,
      "gross_margin": null,
      "op_margin": 0.17112062601505978,
      "fcf_margin": 0.007086962941089621,
      "incr_op_margin_yoy": 0.3090430201931519,
      "rev_growth_yoy": 0.20216542421015266,
      "rev_growth_yoy_accel": 0.06067585882627366,
      "fcf_margin_change": 0.03610407129399133
    },
    {
      "date": "2022-09-30T00:00:00",
      "quarter_label": "2022-09 (Q3)",
      "revenue": 7477000000,
      "gross_profit": null,
      "operating_income": 1400000000,
      "net_income": 907000000,
      "opex": null,
      "cogs": null,
      "rd": 160000000,
      "sga": null,
      "fcf": 1185000000,
      "ocf": 1567000000,
      "capex": -382000000,
      "gross_margin": null,
      "op_margin": 0.18724087200748962,
      "fcf_margin": 0.15848602380633944,
      "incr_op_margin_yoy": 0.301840490797546,
      "rev_growth_yoy": 0.2787754403967847,
      "rev_growth_yoy_accel": 0.07661001618663205,
      "fcf_margin_change": 0.15139906086524982
    },
    {
      "date": "2022-12-31T00:00:00",
      "quarter_label": "2022-12 (Q4)",
      "revenue": 7878000000,
      "gross_profit": null,
      "operating_income": 1557000000,
      "net_income": 1064000000,
      "opex": null,
      "cogs": null,
      "rd": 178000000,
      "sga": null,
      "fcf": 1042000000,
      "ocf": 1614000000,
      "capex": -572000000,
      "gross_margin": null,
      "op_margin": 0.19763899466869764,
      "fcf_margin": 0.13226707286113226,
      "incr_op_margin_yoy": 0.3454325468844525,
      "rev_growth_yoy": 0.2655421686746988,
      "rev_growth_yoy_accel": -0.013233271722085882,
      "fcf_margin_change": -0.02621895094520718
    },
    {
      "date": "2023-03-31T00:00:00",
      "quarter_label": "2023-03 (Q1)",
      "revenue": 7736000000,
      "gross_profit": null,
      "operating_income": 1391000000,
      "net_income": 934000000,
      "opex": null,
      "cogs": null,
      "rd": 174000000,
      "sga": null,
      "fcf": -80000000,
      "ocf": 330000000,
      "capex": -410000000,
      "gross_margin": null,
      "op_margin": 0.17980868665977248,
      "fcf_margin": -0.010341261633919338,
      "incr_op_margin_yoy": 0.2801578354002255,
      "rev_growth_yoy": 0.2975511573297551,
      "rev_growth_yoy_accel": 0.0320089886550563,
      "fcf_margin_change": -0.14260833449505161
    },
    {
      "date": "2023-06-30T00:00:00",
      "quarter_label": "2023-06 (Q2)",
      "revenue": 8099000000,
      "gross_profit": null,
      "operating_income": 1581000000,
      "net_income": 1033000000,
      "opex": null,
      "cogs": null,
      "rd": 163000000,
      "sga": null,
      "fcf": 1137000000,
      "ocf": 1608000000,
      "capex": -471000000,
      "gross_margin": null,
      "op_margin": 0.19520928509692553,
      "fcf_margin": 0.140387702185455,
      "incr_op_margin_yoy": 0.31825037707390647,
      "rev_growth_yoy": 0.19577735124760076,
      "rev_growth_yoy_accel": -0.10177380608215436,
      "fcf_margin_change": 0.15072896381937434
    },
    {
      "date": "2023-09-30T00:00:00",
      "quarter_label": "2023-09 (Q3)",
      "revenue": 8310000000,
      "gross_profit": null,
      "operating_income": 1683000000,
      "net_income": 1123000000,
      "opex": null,
      "cogs": null,
      "rd": 186000000,
      "sga": null,
      "fcf": 1213000000,
      "ocf": 1677000000,
      "capex": -464000000,
      "gross_margin": null,
      "op_margin": 0.20252707581227436,
      "fcf_margin": 0.14596871239470519,
      "incr_op_margin_yoy": 0.3397358943577431,
      "rev_growth_yoy": 0.11140831884445633,
      "rev_growth_yoy_accel": -0.08436903240314443,
      "fcf_margin_change": 0.005581010209250198
    },
    {
      "date": "2023-12-31T00:00:00",
      "quarter_label": "2023-12 (Q4)",
      "revenue": 8990000000,
      "gross_profit": null,
      "operating_income": 1868000000,
      "net_income": 1112000000,
      "opex": null,
      "cogs": null,
      "rd": 187000000,
      "sga": null,
      "fcf": 2428000000,
      "ocf": 3022000000,
      "capex": -594000000,
      "gross_margin": null,
      "op_margin": 0.20778642936596217,
      "fcf_margin": 0.2700778642936596,
      "incr_op_margin_yoy": 0.27967625899280574,
      "rev_growth_yoy": 0.14115257679614115,
      "rev_growth_yoy_accel": 0.029744257951684824,
      "fcf_margin_change": 0.12410915189895441
    },
    {
      "date": "2024-03-31T00:00:00",
      "quarter_label": "2024-03 (Q1)",
      "revenue": 8707000000,
      "gross_profit": null,
      "operating_income": 1649000000,
      "net_income": 1068000000,
      "opex": null,
      "cogs": null,
      "rd": 182000000,
      "sga": null,
      "fcf": -72000000,
      "ocf": 327000000,
      "capex": -399000000,
      "gross_margin": null,
      "op_margin": 0.1893878488572413,
      "fcf_margin": -0.008269208682669118,
      "incr_op_margin_yoy": 0.26570545829042225,
      "rev_growth_yoy": 0.12551706308169597,
      "rev_growth_yoy_accel": -0.015635513714445187,
      "fcf_margin_change": -0.2783470729763287
    },
    {
      "date": "2024-06-30T00:00:00",
      "quarter_label": "2024-06 (Q2)",
      "revenue": 9139000000,
      "gross_profit": null,
      "operating_income": null,
      "net_income": 1112000000,
      "opex": null,
      "cogs": null,
      "rd": 188000000,
      "sga": null,
      "fcf": 973000000,
      "ocf": 1436000000,
      "capex": -463000000,
      "gross_margin": null,
      "op_margin": null,
      "fcf_margin": 0.106466790677317,
      "rev_growth_yoy": 0.12841091492776885,
      "rev_growth_yoy_accel": 0.0028938518460728813,
      "fcf_margin_change": 0.11473599935998612
    },
    {
      "date": "2024-09-30T00:00:00",
      "quarter_label": "2024-09 (Q3)",
      "revenue": 9159000000,
      "gross_profit": null,
      "operating_income": null,
      "net_income": 1186000000,
      "opex": null,
      "cogs": null,
      "rd": 187000000,
      "sga": null,
      "fcf": 1989000000,
      "ocf": 2449000000,
      "capex": -460000000,
      "gross_margin": null,
      "op_margin": null,
      "fcf_margin": 0.21716344579102523,
      "rev_growth_yoy": 0.10216606498194945,
      "rev_growth_yoy_accel": -0.026244849945819396,
      "fcf_margin_change": 0.11069665511370823
    },
    {
      "date": "2024-12-31T00:00:00",
      "quarter_label": "2024-12 (Q4)",
      "revenue": 9284000000,
      "gross_profit": null,
      "operating_income": null,
      "net_income": 1095000000,
      "opex": null,
      "cogs": null,
      "rd": 192000000,
      "sga": null,
      "fcf": 1781000000,
      "ocf": 2390000000,
      "capex": -609000000,
      "gross_margin": null,
      "op_margin": null,
      "fcf_margin": 0.19183541576906507,
      "rev_growth_yoy": 0.03270300333704116,
      "rev_growth_yoy_accel": -0.06946306164490829,
      "fcf_margin_change": -0.025328030021960157
    },
    {
      "date": "2025-03-31T00:00:00",
      "quarter_label": "2025-03 (Q1)",
      "revenue": 8490000000,
      "gross_profit": null,
      "operating_income": null,
      "net_income": 797000000,
      "opex": null,
      "cogs": null,
      "rd": 172000000,
      "sga": null,
      "fcf": 262000000,
      "ocf": 660000000,
      "capex": -398000000,
      "gross_margin": null,
      "op_margin": null,
      "fcf_margin": 0.030859835100117784,
      "rev_growth_yoy": -0.024922476168599977,
      "rev_growth_yoy_accel": -0.05762547950564113,
      "fcf_margin_change": -0.1609755806689473
    },
    {
      "date": "2025-06-30T00:00:00",
      "quarter_label": "2025-06 (Q2)",
      "revenue": 8546000000,
      "gross_profit": null,
      "operating_income": null,
      "net_income": 1014000000,
      "opex": null,
      "cogs": null,
      "rd": 180000000,
      "sga": null,
      "fcf": 771000000,
      "ocf": 1142000000,
      "capex": -371000000,
      "gross_margin": null,
      "op_margin": null,
      "fcf_margin": 0.0902176456821905,
      "rev_growth_yoy": -0.06488674909727542,
      "rev_growth_yoy_accel": -0.03996427292867544,
      "fcf_margin_change": 0.05935781058207271
    },
    {
      "date": "2025-09-30T00:00:00",
      "quarter_label": "2025-09 (Q3)",
      "revenue": 8928000000,
      "gross_profit": null,
      "operating_income": null,
      "net_income": 739000000,
      "opex": null,
      "cogs": null,
      "rd": 170000000,
      "sga": null,
      "fcf": 1273000000,
      "ocf": 1682000000,
      "capex": -409000000,
      "gross_margin": null,
      "op_margin": null,
      "fcf_margin": 0.14258512544802868,
      "rev_growth_yoy": -0.02522109400589584,
      "rev_growth_yoy_accel": 0.03966565509137958,
      "fcf_margin_change": 0.05236747976583818
    },
    {
      "date": "2025-12-31T00:00:00",
      "quarter_label": "2025-12 (Q4)",
      "revenue": 9745000000,
      "gross_profit": null,
      "operating_income": null,
      "net_income": 824000000,
      "opex": null,
      "cogs": null,
      "rd": 187000000,
      "sga": null,
      "fcf": 2489000000,
      "ocf": 3005000000,
      "capex": -516000000,
      "gross_margin": null,
      "op_margin": null,
      "fcf_margin": 0.2554130323242689,
      "rev_growth_yoy": 0.0496553209823352,
      "rev_growth_yoy_accel": 0.07487641498823104,
      "fcf_margin_change": 0.1128279068762402
    }
  ],
  "signals": [
    {
      "quarter": "2025-12 (Q4)",
      "signal": "FCF MARGIN EXPANSION",
      "detail": "FCF margin: +14.3% -> +25.5% (+11.3%)",
      "severity": "MEDIUM"
    },
    {
      "quarter": "2025-12 (Q4)",
      "signal": "YoY REVENUE GROWTH ACCELERATION",
      "detail": "YoY growth: +5.0% vs prior quarter YoY: -2.5% (accel: +7.5%)",
      "severity": "MEDIUM"
    },
    {
      "quarter": "2025-09 (Q3)",
      "signal": "FCF MARGIN EXPANSION",
      "detail": "FCF margin: +9.0% -> +14.3% (+5.2%)",
      "severity": "MEDIUM"
    },
    {
      "quarter": "2025-06 (Q2)",
      "signal": "FCF MARGIN EXPANSION",
      "detail": "FCF margin: +3.1% -> +9.0% (+5.9%)",
      "severity": "MEDIUM"
    },
    {
      "quarter": "2025-03 (Q1)",
      "signal": "YoY REVENUE GROWTH DECELERATION",
      "detail": "YoY growth: -2.5% vs prior quarter YoY: +3.3% (decel: -5.8%)",
      "severity": "WARNING"
    },
    {
      "quarter": "2024-12 (Q4)",
      "signal": "YoY REVENUE GROWTH DECELERATION",
      "detail": "YoY growth: +3.3% vs prior quarter YoY: +10.2% (decel: -6.9%)",
      "severity": "WARNING"
    },
    {
      "quarter": "2024-09 (Q3)",
      "signal": "FCF MARGIN EXPANSION",
      "detail": "FCF margin: +10.6% -> +21.7% (+11.1%)",
      "severity": "MEDIUM"
    },
    {
      "quarter": "2024-06 (Q2)",
      "signal": "FCF TURNED POSITIVE",
      "detail": "FCF margin: -0.8% -> +10.6%",
      "severity": "HIGH"
    },
    {
      "quarter": "2023-12 (Q4)",
      "signal": "FCF MARGIN EXPANSION",
      "detail": "FCF margin: +14.6% -> +27.0% (+12.4%)",
      "severity": "MEDIUM"
    },
    {
      "quarter": "2023-09 (Q3)",
      "signal": "YoY REVENUE GROWTH DECELERATION",
      "detail": "YoY growth: +11.1% vs prior quarter YoY: +19.6% (decel: -8.4%)",
      "severity": "WARNING"
    },
    {
      "quarter": "2023-09 (Q3)",
      "signal": "INCREMENTAL MARGIN (YoY)",
      "detail": "YoY Incr OPM: +34.0% vs year-ago OPM: +18.7%",
      "severity": "MEDIUM"
    },
    {
      "quarter": "2023-06 (Q2)",
      "signal": "FCF TURNED POSITIVE",
      "detail": "FCF margin: -1.0% -> +14.0%",
      "severity": "HIGH"
    },
    {
      "quarter": "2023-06 (Q2)",
      "signal": "YoY REVENUE GROWTH DECELERATION",
      "detail": "YoY growth: +19.6% vs prior quarter YoY: +29.8% (decel: -10.2%)",
      "severity": "WARNING"
    },
    {
      "quarter": "2023-06 (Q2)",
      "signal": "INCREMENTAL MARGIN (YoY)",
      "detail": "YoY Incr OPM: +31.8% vs year-ago OPM: +17.1%",
      "severity": "MEDIUM"
    },
    {
      "quarter": "2023-03 (Q1)",
      "signal": "INCREMENTAL MARGIN (YoY)",
      "detail": "YoY Incr OPM: +28.0% vs year-ago OPM: +15.0%",
      "severity": "MEDIUM"
    },
    {
      "quarter": "2022-12 (Q4)",
      "signal": "INCREMENTAL MARGIN (YoY)",
      "detail": "YoY Incr OPM: +34.5% vs year-ago OPM: +15.8%",
      "severity": "MEDIUM"
    },
    {
      "quarter": "2022-09 (Q3)",
      "signal": "FCF MARGIN EXPANSION",
      "detail": "FCF margin: +0.7% -> +15.8% (+15.1%)",
      "severity": "MEDIUM"
    },
    {
      "quarter": "2022-09 (Q3)",
      "signal": "YoY REVENUE GROWTH ACCELERATION",
      "detail": "YoY growth: +27.9% vs prior quarter YoY: +20.2% (accel: +7.7%)",
      "severity": "MEDIUM"
    },
    {
      "quarter": "2022-09 (Q3)",
      "signal": "INCREMENTAL MARGIN (YoY)",
      "detail": "YoY Incr OPM: +30.2% vs year-ago OPM: +15.5%",
      "severity": "MEDIUM"
    },
    {
      "quarter": "2022-06 (Q2)",
      "signal": "FCF TURNED POSITIVE",
      "detail": "FCF margin: -2.9% -> +0.7%",
      "severity": "HIGH"
    },
    {
      "quarter": "2022-06 (Q2)",
      "signal": "YoY REVENUE GROWTH ACCELERATION",
      "detail": "YoY growth: +20.2% vs prior quarter YoY: +14.1% (accel: +6.1%)",
      "severity": "MEDIUM"
    },
    {
      "quarter": "2022-06 (Q2)",
      "signal": "INCREMENTAL MARGIN (YoY)",
      "detail": "YoY Incr OPM: +30.9% vs year-ago OPM: +14.3%",
      "severity": "MEDIUM"
    },
    {
      "quarter": "2022-03 (Q1)",
      "signal": "INCREMENTAL MARGIN (YoY)",
      "detail": "YoY Incr OPM: +31.1% vs year-ago OPM: +12.7%",
      "severity": "MEDIUM"
    },
    {
      "quarter": "2021-12 (Q4)",
      "signal": "FCF MARGIN EXPANSION",
      "detail": "FCF margin: +13.6% -> +23.9% (+10.2%)",
      "severity": "MEDIUM"
    },
    {
      "quarter": "2021-06 (Q2)",
      "signal": "FCF MARGIN EXPANSION",
      "detail": "FCF margin: +4.8% -> +17.3% (+12.5%)",
      "severity": "MEDIUM"
    }
  ],
  "data_quality": {
    "n_quarters": 20,
    "coverage": {
      "revenue": [
        20,
        20
      ],
      "gross_profit": [
        0,
        20
      ],
      "op_income": [
        13,
        20
      ],
      "fcf": [
        20,
        20
      ]
    },
    "gaps": [],
    "warnings": [
      "gross_profit: no data",
      "op_income: 13/20Q"
    ]
  },
  "market_cap": null,
  "source": "SEC EDGAR",
  "last_updated": "2026-02-02T19:54:01.475719"
}