{
  "ticker": "SLG-PI",
  "name": "SL GREEN REALTY CORP",
  "quarters": [
    {
      "date": "2020-12-31T00:00:00",
      "quarter_label": "2020-12 (Q4)",
      "revenue": 234898000,
      "gross_profit": null,
      "operating_income": null,
      "net_income": 174738000,
      "opex": null,
      "cogs": null,
      "rd": null,
      "sga": 25144000,
      "fcf": 226293000,
      "ocf": 226293000,
      "capex": null,
      "gross_margin": null,
      "op_margin": null,
      "fcf_margin": 0.9633670784766154
    },
    {
      "date": "2021-03-31T00:00:00",
      "quarter_label": "2021-03 (Q1)",
      "revenue": 226102000,
      "gross_profit": null,
      "operating_income": null,
      "net_income": -3726000,
      "opex": 42284000,
      "cogs": null,
      "rd": null,
      "sga": 22885000,
      "fcf": 18602000,
      "ocf": 18602000,
      "capex": null,
      "gross_margin": null,
      "op_margin": null,
      "fcf_margin": 0.08227260263067111,
      "fcf_margin_change": -0.8810944758459442
    },
    {
      "date": "2021-06-30T00:00:00",
      "quarter_label": "2021-06 (Q2)",
      "revenue": 218107000,
      "gross_profit": null,
      "operating_income": null,
      "net_income": 109069000,
      "opex": 43883000,
      "cogs": null,
      "rd": null,
      "sga": 22064000,
      "fcf": 84662000,
      "ocf": 84662000,
      "capex": null,
      "gross_margin": null,
      "op_margin": null,
      "fcf_margin": 0.38816727569495707,
      "fcf_margin_change": 0.30589467306428597
    },
    {
      "date": "2021-09-30T00:00:00",
      "quarter_label": "2021-09 (Q3)",
      "revenue": 205201000,
      "gross_profit": null,
      "operating_income": null,
      "net_income": 391943000,
      "opex": 40684000,
      "cogs": null,
      "rd": null,
      "sga": 23477000,
      "fcf": 87748000,
      "ocf": 87748000,
      "capex": null,
      "gross_margin": null,
      "op_margin": null,
      "fcf_margin": 0.42761974844177175,
      "fcf_margin_change": 0.03945247274681468
    },
    {
      "date": "2021-12-31T00:00:00",
      "quarter_label": "2021-12 (Q4)",
      "revenue": 194581000,
      "gross_profit": null,
      "operating_income": null,
      "net_income": -47532000,
      "opex": null,
      "cogs": null,
      "rd": null,
      "sga": 26486000,
      "fcf": 64967000,
      "ocf": 64967000,
      "capex": null,
      "gross_margin": null,
      "op_margin": null,
      "fcf_margin": 0.33388151977839564,
      "rev_growth_yoy": -0.17163619954192882,
      "fcf_margin_change": -0.09373822866337611
    },
    {
      "date": "2022-03-31T00:00:00",
      "quarter_label": "2022-03 (Q1)",
      "revenue": 187964000,
      "gross_profit": null,
      "operating_income": null,
      "net_income": 11489000,
      "opex": null,
      "cogs": null,
      "rd": null,
      "sga": 24776000,
      "fcf": 81402000,
      "ocf": 81402000,
      "capex": null,
      "gross_margin": null,
      "op_margin": null,
      "fcf_margin": 0.43307229043859463,
      "rev_growth_yoy": -0.1686760842451637,
      "rev_growth_yoy_accel": 0.0029601152967651256,
      "fcf_margin_change": 0.09919077066019899
    },
    {
      "date": "2022-06-30T00:00:00",
      "quarter_label": "2022-06 (Q2)",
      "revenue": 201445000,
      "gross_profit": null,
      "operating_income": null,
      "net_income": -40139000,
      "opex": null,
      "cogs": null,
      "rd": null,
      "sga": 23522000,
      "fcf": 101033000,
      "ocf": 101033000,
      "capex": null,
      "gross_margin": null,
      "op_margin": null,
      "fcf_margin": 0.5015413636476458,
      "rev_growth_yoy": -0.07639369667181704,
      "rev_growth_yoy_accel": 0.09228238757334666,
      "fcf_margin_change": 0.06846907320905116
    },
    {
      "date": "2022-09-30T00:00:00",
      "quarter_label": "2022-09 (Q3)",
      "revenue": 212456000,
      "gross_profit": null,
      "operating_income": null,
      "net_income": 11115000,
      "opex": null,
      "cogs": null,
      "rd": null,
      "sga": 21276000,
      "fcf": 67193000,
      "ocf": 67193000,
      "capex": null,
      "gross_margin": null,
      "op_margin": null,
      "fcf_margin": 0.3162678389878375,
      "rev_growth_yoy": 0.035355578189190114,
      "rev_growth_yoy_accel": 0.11174927486100716,
      "fcf_margin_change": -0.1852735246598083
    },
    {
      "date": "2022-12-31T00:00:00",
      "quarter_label": "2022-12 (Q4)",
      "revenue": 224874000,
      "gross_profit": null,
      "operating_income": null,
      "net_income": -60539000,
      "opex": null,
      "cogs": null,
      "rd": null,
      "sga": 24224000,
      "fcf": 26460000,
      "ocf": 26460000,
      "capex": null,
      "gross_margin": null,
      "op_margin": null,
      "fcf_margin": 0.11766589290002401,
      "rev_growth_yoy": 0.15568323731505132,
      "rev_growth_yoy_accel": 0.12032765912586121,
      "fcf_margin_change": -0.1986019460878135
    },
    {
      "date": "2023-03-31T00:00:00",
      "quarter_label": "2023-03 (Q1)",
      "revenue": 223575000,
      "gross_profit": null,
      "operating_income": null,
      "net_income": -35993000,
      "opex": null,
      "cogs": null,
      "rd": null,
      "sga": 23285000,
      "fcf": 42349000,
      "ocf": 42349000,
      "capex": null,
      "gross_margin": null,
      "op_margin": null,
      "fcf_margin": 0.18941742144694174,
      "rev_growth_yoy": 0.1894564916686174,
      "rev_growth_yoy_accel": 0.03377325435356607,
      "fcf_margin_change": 0.07175152854691773
    },
    {
      "date": "2023-06-30T00:00:00",
      "quarter_label": "2023-06 (Q2)",
      "revenue": 221070000,
      "gross_profit": null,
      "operating_income": null,
      "net_income": -356457000,
      "opex": null,
      "cogs": null,
      "rd": null,
      "sga": 22974000,
      "fcf": 61643000,
      "ocf": 61643000,
      "capex": null,
      "gross_margin": null,
      "op_margin": null,
      "fcf_margin": 0.2788392816754874,
      "rev_growth_yoy": 0.09742113231899525,
      "rev_growth_yoy_accel": -0.09203535934962213,
      "fcf_margin_change": 0.08942186022854565
    },
    {
      "date": "2023-09-30T00:00:00",
      "quarter_label": "2023-09 (Q3)",
      "revenue": 173220000,
      "gross_profit": null,
      "operating_income": null,
      "net_income": -20229000,
      "opex": null,
      "cogs": null,
      "rd": null,
      "sga": 22873000,
      "fcf": 77346000,
      "ocf": 77346000,
      "capex": null,
      "gross_margin": null,
      "op_margin": null,
      "fcf_margin": 0.44651887772774507,
      "rev_growth_yoy": -0.18467823925895244,
      "rev_growth_yoy_accel": -0.2820993715779477,
      "fcf_margin_change": 0.16767959605225768
    },
    {
      "date": "2023-12-31T00:00:00",
      "quarter_label": "2023-12 (Q4)",
      "revenue": 295845000,
      "gross_profit": null,
      "operating_income": null,
      "net_income": -151880000,
      "opex": null,
      "cogs": null,
      "rd": null,
      "sga": 42257000,
      "fcf": 48165000,
      "ocf": 48165000,
      "capex": null,
      "gross_margin": null,
      "op_margin": null,
      "fcf_margin": 0.16280484713278912,
      "rev_growth_yoy": 0.31560340457322766,
      "rev_growth_yoy_accel": 0.5002816438321801,
      "fcf_margin_change": -0.2837140305949559
    },
    {
      "date": "2024-03-31T00:00:00",
      "quarter_label": "2024-03 (Q1)",
      "revenue": 187882000,
      "gross_profit": null,
      "operating_income": 257724000,
      "net_income": 16879000,
      "opex": null,
      "cogs": null,
      "rd": null,
      "sga": 21313000,
      "fcf": -24677000,
      "ocf": -24677000,
      "capex": null,
      "gross_margin": null,
      "op_margin": 1.3717333219786887,
      "fcf_margin": -0.13134307703771517,
      "rev_growth_yoy": -0.15964665101196465,
      "rev_growth_yoy_accel": -0.4752500555851923,
      "fcf_margin_change": -0.2941479241705043
    },
    {
      "date": "2024-06-30T00:00:00",
      "quarter_label": "2024-06 (Q2)",
      "revenue": 222820000,
      "gross_profit": null,
      "operating_income": 176461000,
      "net_income": 1577000,
      "opex": null,
      "cogs": null,
      "rd": null,
      "sga": 20032000,
      "fcf": 79374000,
      "ocf": 79374000,
      "capex": null,
      "gross_margin": null,
      "op_margin": 0.7919441701822099,
      "fcf_margin": 0.3562247554079526,
      "rev_growth_yoy": 0.007916044691726602,
      "rev_growth_yoy_accel": 0.16756269570369126,
      "fcf_margin_change": 0.4875678324456678
    },
    {
      "date": "2024-09-30T00:00:00",
      "quarter_label": "2024-09 (Q3)",
      "revenue": 229691000,
      "gross_profit": null,
      "operating_income": 149439000,
      "net_income": -9541000,
      "opex": null,
      "cogs": null,
      "rd": null,
      "sga": 21015000,
      "fcf": 16723000,
      "ocf": 16723000,
      "capex": null,
      "gross_margin": null,
      "op_margin": 0.6506088614704102,
      "fcf_margin": 0.07280650961509158,
      "rev_growth_yoy": 0.32600738944694607,
      "rev_growth_yoy_accel": 0.3180913447552195,
      "fcf_margin_change": -0.283418245792861
    },
    {
      "date": "2024-12-31T00:00:00",
      "quarter_label": "2024-12 (Q4)",
      "revenue": 245879000,
      "gross_profit": null,
      "operating_income": 147005000,
      "net_income": 13095000,
      "opex": null,
      "cogs": null,
      "rd": null,
      "sga": 22827000,
      "fcf": 58175000,
      "ocf": 58175000,
      "capex": null,
      "gross_margin": null,
      "op_margin": 0.5978753777264427,
      "fcf_margin": 0.23660011631737562,
      "rev_growth_yoy": -0.1688924943805033,
      "rev_growth_yoy_accel": -0.49489988382744937,
      "fcf_margin_change": 0.16379360670228404
    },
    {
      "date": "2025-03-31T00:00:00",
      "quarter_label": "2025-03 (Q1)",
      "revenue": 239846000,
      "gross_profit": null,
      "operating_income": 136016000,
      "net_income": -17337000,
      "opex": null,
      "cogs": null,
      "rd": null,
      "sga": 21724000,
      "fcf": 6710000,
      "ocf": 6710000,
      "capex": null,
      "gross_margin": null,
      "op_margin": 0.5670972207166265,
      "fcf_margin": 0.02797628478273559,
      "incr_op_margin_yoy": -2.3421599568932336,
      "rev_growth_yoy": 0.27657785205607777,
      "rev_growth_yoy_accel": 0.44547034643658107,
      "fcf_margin_change": -0.20862383153464004
    },
    {
      "date": "2025-06-30T00:00:00",
      "quarter_label": "2025-06 (Q2)",
      "revenue": 241916000,
      "gross_profit": null,
      "operating_income": 129280000,
      "net_income": -7355000,
      "opex": null,
      "cogs": null,
      "rd": null,
      "sga": 21579000,
      "fcf": 54488000,
      "ocf": 54488000,
      "capex": null,
      "gross_margin": null,
      "op_margin": 0.5344003703764943,
      "fcf_margin": 0.22523520560855834,
      "incr_op_margin_yoy": -2.47072685379137,
      "rev_growth_yoy": 0.08570146306435689,
      "rev_growth_yoy_accel": -0.19087638899172088,
      "fcf_margin_change": 0.19725892082582275
    },
    {
      "date": "2025-09-30T00:00:00",
      "quarter_label": "2025-09 (Q3)",
      "revenue": 244817000,
      "gross_profit": null,
      "operating_income": 209254000,
      "net_income": 28612000,
      "opex": null,
      "cogs": null,
      "rd": null,
      "sga": 23701000,
      "fcf": -6778000,
      "ocf": -6778000,
      "capex": null,
      "gross_margin": null,
      "op_margin": 0.8547363949398938,
      "fcf_margin": -0.027685985858825164,
      "incr_op_margin_yoy": 3.954449292608753,
      "rev_growth_yoy": 0.06585369039274504,
      "rev_growth_yoy_accel": -0.01984777267161185,
      "fcf_margin_change": -0.2529211914673835
    }
  ],
  "signals": [
    {
      "quarter": "2025-09 (Q3)",
      "signal": "INCREMENTAL MARGIN (YoY)",
      "detail": "YoY Incr OPM: +395.4% vs year-ago OPM: +65.1%",
      "severity": "HIGH"
    },
    {
      "quarter": "2025-06 (Q2)",
      "signal": "FCF MARGIN EXPANSION",
      "detail": "FCF margin: +2.8% -> +22.5% (+19.7%)",
      "severity": "MEDIUM"
    },
    {
      "quarter": "2025-06 (Q2)",
      "signal": "YoY REVENUE GROWTH DECELERATION",
      "detail": "YoY growth: +8.6% vs prior quarter YoY: +27.7% (decel: -19.1%)",
      "severity": "WARNING"
    },
    {
      "quarter": "2025-03 (Q1)",
      "signal": "YoY REVENUE GROWTH ACCELERATION",
      "detail": "YoY growth: +27.7% vs prior quarter YoY: -16.9% (accel: +44.5%)",
      "severity": "HIGH"
    },
    {
      "quarter": "2024-12 (Q4)",
      "signal": "FCF MARGIN EXPANSION",
      "detail": "FCF margin: +7.3% -> +23.7% (+16.4%)",
      "severity": "MEDIUM"
    },
    {
      "quarter": "2024-12 (Q4)",
      "signal": "YoY REVENUE GROWTH DECELERATION",
      "detail": "YoY growth: -16.9% vs prior quarter YoY: +32.6% (decel: -49.5%)",
      "severity": "WARNING"
    },
    {
      "quarter": "2024-09 (Q3)",
      "signal": "YoY REVENUE GROWTH ACCELERATION",
      "detail": "YoY growth: +32.6% vs prior quarter YoY: +0.8% (accel: +31.8%)",
      "severity": "HIGH"
    },
    {
      "quarter": "2024-06 (Q2)",
      "signal": "FCF TURNED POSITIVE",
      "detail": "FCF margin: -13.1% -> +35.6%",
      "severity": "HIGH"
    },
    {
      "quarter": "2024-06 (Q2)",
      "signal": "YoY REVENUE GROWTH ACCELERATION",
      "detail": "YoY growth: +0.8% vs prior quarter YoY: -16.0% (accel: +16.8%)",
      "severity": "HIGH"
    },
    {
      "quarter": "2024-03 (Q1)",
      "signal": "YoY REVENUE GROWTH DECELERATION",
      "detail": "YoY growth: -16.0% vs prior quarter YoY: +31.6% (decel: -47.5%)",
      "severity": "WARNING"
    },
    {
      "quarter": "2023-12 (Q4)",
      "signal": "YoY REVENUE GROWTH ACCELERATION",
      "detail": "YoY growth: +31.6% vs prior quarter YoY: -18.5% (accel: +50.0%)",
      "severity": "HIGH"
    },
    {
      "quarter": "2023-09 (Q3)",
      "signal": "FCF MARGIN EXPANSION",
      "detail": "FCF margin: +27.9% -> +44.7% (+16.8%)",
      "severity": "MEDIUM"
    },
    {
      "quarter": "2023-09 (Q3)",
      "signal": "YoY REVENUE GROWTH DECELERATION",
      "detail": "YoY growth: -18.5% vs prior quarter YoY: +9.7% (decel: -28.2%)",
      "severity": "WARNING"
    },
    {
      "quarter": "2023-06 (Q2)",
      "signal": "FCF MARGIN EXPANSION",
      "detail": "FCF margin: +18.9% -> +27.9% (+8.9%)",
      "severity": "MEDIUM"
    },
    {
      "quarter": "2023-06 (Q2)",
      "signal": "YoY REVENUE GROWTH DECELERATION",
      "detail": "YoY growth: +9.7% vs prior quarter YoY: +18.9% (decel: -9.2%)",
      "severity": "WARNING"
    },
    {
      "quarter": "2023-03 (Q1)",
      "signal": "FCF MARGIN EXPANSION",
      "detail": "FCF margin: +11.8% -> +18.9% (+7.2%)",
      "severity": "MEDIUM"
    },
    {
      "quarter": "2022-12 (Q4)",
      "signal": "YoY REVENUE GROWTH ACCELERATION",
      "detail": "YoY growth: +15.6% vs prior quarter YoY: +3.5% (accel: +12.0%)",
      "severity": "MEDIUM"
    },
    {
      "quarter": "2022-09 (Q3)",
      "signal": "YoY REVENUE GROWTH ACCELERATION",
      "detail": "YoY growth: +3.5% vs prior quarter YoY: -7.6% (accel: +11.2%)",
      "severity": "MEDIUM"
    },
    {
      "quarter": "2022-06 (Q2)",
      "signal": "FCF MARGIN EXPANSION",
      "detail": "FCF margin: +43.3% -> +50.2% (+6.8%)",
      "severity": "MEDIUM"
    },
    {
      "quarter": "2022-06 (Q2)",
      "signal": "YoY REVENUE GROWTH ACCELERATION",
      "detail": "YoY growth: -7.6% vs prior quarter YoY: -16.9% (accel: +9.2%)",
      "severity": "MEDIUM"
    },
    {
      "quarter": "2022-03 (Q1)",
      "signal": "FCF MARGIN EXPANSION",
      "detail": "FCF margin: +33.4% -> +43.3% (+9.9%)",
      "severity": "MEDIUM"
    },
    {
      "quarter": "2021-06 (Q2)",
      "signal": "FCF MARGIN EXPANSION",
      "detail": "FCF margin: +8.2% -> +38.8% (+30.6%)",
      "severity": "MEDIUM"
    }
  ],
  "data_quality": {
    "n_quarters": 20,
    "coverage": {
      "revenue": [
        20,
        20
      ],
      "gross_profit": [
        0,
        20
      ],
      "op_income": [
        7,
        20
      ],
      "fcf": [
        20,
        20
      ]
    },
    "gaps": [],
    "warnings": [
      "gross_profit: no data",
      "op_income: 7/20Q"
    ]
  },
  "market_cap": null,
  "source": "SEC EDGAR",
  "last_updated": "2026-02-03T00:55:17.701847"
}