{
  "ticker": "SLGL",
  "name": "SOL-GEL TECHNOLOGIES LTD.",
  "quarters": [
    {
      "date": "2018-06-30T00:00:00",
      "quarter_label": "2018-06 (Q2)",
      "revenue": 49000,
      "gross_profit": null,
      "operating_income": -7286000,
      "net_income": -6907000,
      "opex": null,
      "cogs": null,
      "rd": 5817000,
      "sga": null,
      "fcf": null,
      "ocf": null,
      "capex": null,
      "gross_margin": null,
      "op_margin": -148.69387755102042,
      "fcf_margin": null
    },
    {
      "date": "2019-06-30T00:00:00",
      "quarter_label": "2019-06 (Q2)",
      "revenue": 7793000,
      "gross_profit": null,
      "operating_income": -5285000,
      "net_income": -4926000,
      "opex": null,
      "cogs": null,
      "rd": 11440000,
      "sga": null,
      "fcf": null,
      "ocf": null,
      "capex": null,
      "gross_margin": null,
      "op_margin": -0.6781727191068908,
      "fcf_margin": null,
      "incr_op_margin_yoy": 0.2583935950413223,
      "rev_growth_yoy": 158.0408163265306
    },
    {
      "date": "2020-06-30T00:00:00",
      "quarter_label": "2020-06 (Q2)",
      "revenue": 1133000,
      "gross_profit": null,
      "operating_income": -7551000,
      "net_income": -7070000,
      "opex": null,
      "cogs": null,
      "rd": 6451000,
      "sga": null,
      "fcf": null,
      "ocf": null,
      "capex": null,
      "gross_margin": null,
      "op_margin": -6.664607237422771,
      "fcf_margin": null,
      "incr_op_margin_yoy": 0.34024024024024024,
      "rev_growth_yoy": -0.8546131143333761,
      "rev_growth_yoy_accel": -158.89542944086398
    },
    {
      "date": "2021-06-30T00:00:00",
      "quarter_label": "2021-06 (Q2)",
      "revenue": 928000,
      "gross_profit": null,
      "operating_income": -8042000,
      "net_income": -8033000,
      "opex": null,
      "cogs": null,
      "rd": 6933000,
      "sga": null,
      "fcf": null,
      "ocf": null,
      "capex": null,
      "gross_margin": null,
      "op_margin": -8.66594827586207,
      "fcf_margin": null,
      "rev_growth_yoy": -0.18093556928508384,
      "rev_growth_yoy_accel": 0.6736775450482922
    },
    {
      "date": "2022-06-30T00:00:00",
      "quarter_label": "2022-06 (Q2)",
      "revenue": 3518000,
      "gross_profit": null,
      "operating_income": -463000,
      "net_income": -134000,
      "opex": null,
      "cogs": null,
      "rd": 2380000,
      "sga": null,
      "fcf": null,
      "ocf": null,
      "capex": null,
      "gross_margin": null,
      "op_margin": -0.13160886867538374,
      "fcf_margin": null,
      "incr_op_margin_yoy": 2.9262548262548265,
      "rev_growth_yoy": 2.790948275862069,
      "rev_growth_yoy_accel": 2.9718838451471528
    },
    {
      "date": "2023-06-30T00:00:00",
      "quarter_label": "2023-06 (Q2)",
      "revenue": 594000,
      "gross_profit": null,
      "operating_income": -6527000,
      "net_income": -5970000,
      "opex": null,
      "cogs": null,
      "rd": 5312000,
      "sga": null,
      "fcf": null,
      "ocf": null,
      "capex": null,
      "gross_margin": null,
      "op_margin": -10.988215488215488,
      "fcf_margin": null,
      "incr_op_margin_yoy": 2.073871409028728,
      "rev_growth_yoy": -0.8311540648095509,
      "rev_growth_yoy_accel": -3.6221023406716197
    },
    {
      "date": "2024-06-30T00:00:00",
      "quarter_label": "2024-06 (Q2)",
      "revenue": 5433000,
      "gross_profit": null,
      "operating_income": 1624000,
      "net_income": 1976000,
      "opex": null,
      "cogs": null,
      "rd": 2438000,
      "sga": null,
      "fcf": null,
      "ocf": null,
      "capex": null,
      "gross_margin": null,
      "op_margin": 0.2989140438063685,
      "fcf_margin": null,
      "incr_op_margin_yoy": 1.6844389336639802,
      "rev_growth_yoy": 8.146464646464647,
      "rev_growth_yoy_accel": 8.977618711274198
    },
    {
      "date": "2025-06-30T00:00:00",
      "quarter_label": "2025-06 (Q2)",
      "revenue": 17261000,
      "gross_profit": null,
      "operating_income": 11230000,
      "net_income": 11610000,
      "opex": null,
      "cogs": null,
      "rd": 4646000,
      "sga": null,
      "fcf": null,
      "ocf": null,
      "capex": null,
      "gross_margin": null,
      "op_margin": 0.6505996176351312,
      "fcf_margin": null,
      "incr_op_margin_yoy": 0.8121406831247886,
      "rev_growth_yoy": 2.177066077673477,
      "rev_growth_yoy_accel": -5.969398568791171
    }
  ],
  "signals": [
    {
      "quarter": "2025-06 (Q2)",
      "signal": "YoY REVENUE GROWTH DECELERATION",
      "detail": "YoY growth: +217.7% vs prior quarter YoY: +814.6% (decel: -596.9%)",
      "severity": "WARNING"
    },
    {
      "quarter": "2025-06 (Q2)",
      "signal": "INCREMENTAL MARGIN (YoY)",
      "detail": "YoY Incr OPM: +81.2% vs year-ago OPM: +29.9%",
      "severity": "HIGH"
    },
    {
      "quarter": "2024-06 (Q2)",
      "signal": "YoY REVENUE GROWTH ACCELERATION",
      "detail": "YoY growth: +814.6% vs prior quarter YoY: -83.1% (accel: +897.8%)",
      "severity": "HIGH"
    },
    {
      "quarter": "2024-06 (Q2)",
      "signal": "OP MARGIN TURNED POSITIVE (YoY)",
      "detail": "Op margin: -1098.8% (year-ago) -> +29.9%",
      "severity": "HIGH"
    },
    {
      "quarter": "2024-06 (Q2)",
      "signal": "OP MARGIN TURNED POSITIVE (QoQ)",
      "detail": "Op margin: -1098.8% -> +29.9%",
      "severity": "HIGH"
    },
    {
      "quarter": "2023-06 (Q2)",
      "signal": "YoY REVENUE GROWTH DECELERATION",
      "detail": "YoY growth: -83.1% vs prior quarter YoY: +279.1% (decel: -362.2%)",
      "severity": "WARNING"
    },
    {
      "quarter": "2022-06 (Q2)",
      "signal": "YoY REVENUE GROWTH ACCELERATION",
      "detail": "YoY growth: +279.1% vs prior quarter YoY: -18.1% (accel: +297.2%)",
      "severity": "HIGH"
    },
    {
      "quarter": "2021-06 (Q2)",
      "signal": "YoY REVENUE GROWTH ACCELERATION",
      "detail": "YoY growth: -18.1% vs prior quarter YoY: -85.5% (accel: +67.4%)",
      "severity": "HIGH"
    },
    {
      "quarter": "2020-06 (Q2)",
      "signal": "YoY REVENUE GROWTH DECELERATION",
      "detail": "YoY growth: -85.5% vs prior quarter YoY: +15804.1% (decel: -15889.5%)",
      "severity": "WARNING"
    }
  ],
  "data_quality": {
    "n_quarters": 8,
    "coverage": {
      "revenue": [
        8,
        8
      ],
      "gross_profit": [
        0,
        8
      ],
      "op_income": [
        8,
        8
      ],
      "fcf": [
        0,
        8
      ]
    },
    "gaps": [
      [
        "2018-06 (Q2)",
        "2019-06 (Q2)",
        365
      ],
      [
        "2019-06 (Q2)",
        "2020-06 (Q2)",
        366
      ],
      [
        "2020-06 (Q2)",
        "2021-06 (Q2)",
        365
      ],
      [
        "2021-06 (Q2)",
        "2022-06 (Q2)",
        365
      ],
      [
        "2022-06 (Q2)",
        "2023-06 (Q2)",
        365
      ],
      [
        "2023-06 (Q2)",
        "2024-06 (Q2)",
        366
      ],
      [
        "2024-06 (Q2)",
        "2025-06 (Q2)",
        365
      ]
    ],
    "warnings": [
      "gross_profit: no data",
      "fcf: no data",
      "gap: 3Q missing between 2018-06 (Q2) and 2019-06 (Q2)",
      "gap: 3Q missing between 2019-06 (Q2) and 2020-06 (Q2)",
      "gap: 3Q missing between 2020-06 (Q2) and 2021-06 (Q2)",
      "gap: 3Q missing between 2021-06 (Q2) and 2022-06 (Q2)",
      "gap: 3Q missing between 2022-06 (Q2) and 2023-06 (Q2)",
      "gap: 3Q missing between 2023-06 (Q2) and 2024-06 (Q2)",
      "gap: 3Q missing between 2024-06 (Q2) and 2025-06 (Q2)"
    ]
  },
  "market_cap": null,
  "source": "SEC EDGAR",
  "last_updated": "2026-02-02T23:07:03.577329"
}