{
  "ticker": "SLGN",
  "name": "SILGAN HOLDINGS INC",
  "quarters": [
    {
      "date": "2020-12-31T00:00:00",
      "quarter_label": "2020-12 (Q4)",
      "revenue": 1226590000,
      "gross_profit": 199855000,
      "operating_income": null,
      "net_income": 60099000,
      "opex": null,
      "cogs": 1026735000,
      "rd": null,
      "sga": 95665000,
      "fcf": 425027000,
      "ocf": 484041000,
      "capex": -59014000,
      "gross_margin": 0.16293545520508076,
      "op_margin": null,
      "fcf_margin": 0.3465110591151077
    },
    {
      "date": "2021-03-31T00:00:00",
      "quarter_label": "2021-03 (Q1)",
      "revenue": 1238110000,
      "gross_profit": 221466000,
      "operating_income": null,
      "net_income": 73281000,
      "opex": null,
      "cogs": 1016644000,
      "rd": null,
      "sga": 97379000,
      "fcf": -240912000,
      "ocf": -172148000,
      "capex": -68764000,
      "gross_margin": 0.17887425188391984,
      "op_margin": null,
      "fcf_margin": -0.1945804492331053,
      "fcf_margin_change": -0.5410915083482131
    },
    {
      "date": "2021-06-30T00:00:00",
      "quarter_label": "2021-06 (Q2)",
      "revenue": 1348661000,
      "gross_profit": 234884000,
      "operating_income": null,
      "net_income": 94476000,
      "opex": null,
      "cogs": 1113777000,
      "rd": null,
      "sga": 94394000,
      "fcf": -92005000,
      "ocf": -37165000,
      "capex": -54840000,
      "gross_margin": 0.1741608899493646,
      "op_margin": null,
      "fcf_margin": -0.06821951550463756,
      "fcf_margin_change": 0.12636093372846774
    },
    {
      "date": "2021-09-30T00:00:00",
      "quarter_label": "2021-09 (Q3)",
      "revenue": 1651070000,
      "gross_profit": 248234000,
      "operating_income": null,
      "net_income": 106292000,
      "opex": null,
      "cogs": 1402836000,
      "rd": null,
      "sga": 90299000,
      "fcf": 154145000,
      "ocf": 203535000,
      "capex": -49390000,
      "gross_margin": 0.15034735050603548,
      "op_margin": null,
      "fcf_margin": 0.09336066914182924,
      "fcf_margin_change": 0.16158018464646678
    },
    {
      "date": "2021-12-31T00:00:00",
      "quarter_label": "2021-12 (Q4)",
      "revenue": 1439264000,
      "gross_profit": 213832000,
      "operating_income": null,
      "net_income": 85032000,
      "opex": null,
      "cogs": 1225432000,
      "rd": null,
      "sga": 96033000,
      "fcf": 503349000,
      "ocf": 562619000,
      "capex": -59270000,
      "gross_margin": 0.1485703804166574,
      "op_margin": null,
      "fcf_margin": 0.3497266658514352,
      "rev_growth_yoy": 0.17338638012701882,
      "fcf_margin_change": 0.25636599670960597
    },
    {
      "date": "2022-03-31T00:00:00",
      "quarter_label": "2022-03 (Q1)",
      "revenue": 1441886000,
      "gross_profit": 233453000,
      "operating_income": null,
      "net_income": 84875000,
      "opex": null,
      "cogs": 1208433000,
      "rd": null,
      "sga": 100011000,
      "fcf": -335892000,
      "ocf": -267401000,
      "capex": -68491000,
      "gross_margin": 0.16190808427295916,
      "op_margin": null,
      "fcf_margin": -0.23295322931216475,
      "rev_growth_yoy": 0.164586345316652,
      "rev_growth_yoy_accel": -0.008800034810366814,
      "fcf_margin_change": -0.5826798951636
    },
    {
      "date": "2022-06-30T00:00:00",
      "quarter_label": "2022-06 (Q2)",
      "revenue": 1543781000,
      "gross_profit": 273926000,
      "operating_income": null,
      "net_income": 92675000,
      "opex": null,
      "cogs": 1269855000,
      "rd": null,
      "sga": 123830000,
      "fcf": -134401000,
      "ocf": -84535000,
      "capex": -49866000,
      "gross_margin": 0.1774383801847542,
      "op_margin": null,
      "fcf_margin": -0.08705962827629049,
      "rev_growth_yoy": 0.14467683131639456,
      "rev_growth_yoy_accel": -0.01990951400025745,
      "fcf_margin_change": 0.14589360103587426
    },
    {
      "date": "2022-09-30T00:00:00",
      "quarter_label": "2022-09 (Q3)",
      "revenue": 1970445000,
      "gross_profit": 307765000,
      "operating_income": null,
      "net_income": 138703000,
      "opex": null,
      "cogs": 1662680000,
      "rd": null,
      "sga": 96680000,
      "fcf": 190500000,
      "ocf": 234414000,
      "capex": -43914000,
      "gross_margin": 0.15619060669036688,
      "op_margin": null,
      "fcf_margin": 0.09667866903161469,
      "rev_growth_yoy": 0.19343516628610538,
      "rev_growth_yoy_accel": 0.048758334969710826,
      "fcf_margin_change": 0.1837382973079052
    },
    {
      "date": "2022-12-31T00:00:00",
      "quarter_label": "2022-12 (Q4)",
      "revenue": 1455387000,
      "gross_profit": 232665000,
      "operating_income": null,
      "net_income": 24595000,
      "opex": null,
      "cogs": 1222722000,
      "rd": null,
      "sga": 96494000,
      "fcf": 812444000,
      "ocf": 865934000,
      "capex": -53490000,
      "gross_margin": 0.15986469578194665,
      "op_margin": null,
      "fcf_margin": 0.5582322777378114,
      "rev_growth_yoy": 0.011202253373946683,
      "rev_growth_yoy_accel": -0.1822329129121587,
      "fcf_margin_change": 0.46155360870619666
    },
    {
      "date": "2023-03-31T00:00:00",
      "quarter_label": "2023-03 (Q1)",
      "revenue": 1418281000,
      "gross_profit": 237965000,
      "operating_income": null,
      "net_income": 72029000,
      "opex": null,
      "cogs": 1180316000,
      "rd": null,
      "sga": 101330000,
      "fcf": -699645000,
      "ocf": -631774000,
      "capex": -67871000,
      "gross_margin": 0.1677840992017802,
      "op_margin": null,
      "fcf_margin": -0.49330492335439874,
      "rev_growth_yoy": -0.01637091975371146,
      "rev_growth_yoy_accel": -0.02757317312765814,
      "fcf_margin_change": -1.0515372010922102
    },
    {
      "date": "2023-06-30T00:00:00",
      "quarter_label": "2023-06 (Q2)",
      "revenue": 1426727000,
      "gross_profit": 250126000,
      "operating_income": null,
      "net_income": 78890000,
      "opex": null,
      "cogs": 1176601000,
      "rd": null,
      "sga": 102171000,
      "fcf": -230307000,
      "ocf": -179974000,
      "capex": -50333000,
      "gross_margin": 0.17531454861371518,
      "op_margin": null,
      "fcf_margin": -0.16142331364024093,
      "rev_growth_yoy": -0.07582293084317011,
      "rev_growth_yoy_accel": -0.059452011089458655,
      "fcf_margin_change": 0.3318816097141578
    },
    {
      "date": "2023-09-30T00:00:00",
      "quarter_label": "2023-09 (Q3)",
      "revenue": 1803101000,
      "gross_profit": 285918000,
      "operating_income": null,
      "net_income": 110617000,
      "opex": null,
      "cogs": 1517183000,
      "rd": null,
      "sga": 84320000,
      "fcf": 160457000,
      "ocf": 215706000,
      "capex": -55249000,
      "gross_margin": 0.15857015219890622,
      "op_margin": null,
      "fcf_margin": 0.0889894686986475,
      "rev_growth_yoy": -0.08492700887363007,
      "rev_growth_yoy_accel": -0.009104078030459956,
      "fcf_margin_change": 0.2504127823388884
    },
    {
      "date": "2023-12-31T00:00:00",
      "quarter_label": "2023-12 (Q4)",
      "revenue": 1340096000,
      "gross_profit": 218549000,
      "operating_income": null,
      "net_income": 64429000,
      "opex": null,
      "cogs": 1121547000,
      "rd": null,
      "sga": 96556000,
      "fcf": 1025281000,
      "ocf": 1078638000,
      "capex": -53357000,
      "gross_margin": 0.1630845849849563,
      "op_margin": null,
      "fcf_margin": 0.7650802629065381,
      "rev_growth_yoy": -0.07921673067026158,
      "rev_growth_yoy_accel": 0.005710278203368488,
      "fcf_margin_change": 0.6760907942078905
    },
    {
      "date": "2024-03-31T00:00:00",
      "quarter_label": "2024-03 (Q1)",
      "revenue": 1317038000,
      "gross_profit": 223479000,
      "operating_income": null,
      "net_income": 55164000,
      "opex": null,
      "cogs": 1093559000,
      "rd": null,
      "sga": 100476000,
      "fcf": -623068000,
      "ocf": -547810000,
      "capex": -75258000,
      "gross_margin": 0.1696830311653878,
      "op_margin": null,
      "fcf_margin": -0.4730827812105649,
      "rev_growth_yoy": -0.07138430254653344,
      "rev_growth_yoy_accel": 0.007832428123728141,
      "fcf_margin_change": -1.238163044117103
    },
    {
      "date": "2024-06-30T00:00:00",
      "quarter_label": "2024-06 (Q2)",
      "revenue": 1381365000,
      "gross_profit": 256004000,
      "operating_income": null,
      "net_income": 76097000,
      "opex": null,
      "cogs": 1125361000,
      "rd": null,
      "sga": 107701000,
      "fcf": -35287000,
      "ocf": 20897000,
      "capex": -56184000,
      "gross_margin": 0.18532683251711168,
      "op_margin": null,
      "fcf_margin": -0.025545022495864596,
      "rev_growth_yoy": -0.03179444981415506,
      "rev_growth_yoy_accel": 0.03958985273237838,
      "fcf_margin_change": 0.4475377587147003
    },
    {
      "date": "2024-09-30T00:00:00",
      "quarter_label": "2024-09 (Q3)",
      "revenue": 1745124000,
      "gross_profit": 293293000,
      "operating_income": null,
      "net_income": 100053000,
      "opex": null,
      "cogs": 1451831000,
      "rd": null,
      "sga": 106405000,
      "fcf": 252432000,
      "ocf": 313025000,
      "capex": -60593000,
      "gross_margin": 0.1680642750887616,
      "op_margin": null,
      "fcf_margin": 0.1446498930735008,
      "rev_growth_yoy": -0.0321540501613609,
      "rev_growth_yoy_accel": -0.00035960034720584205,
      "fcf_margin_change": 0.1701949155693654
    },
    {
      "date": "2024-12-31T00:00:00",
      "quarter_label": "2024-12 (Q4)",
      "revenue": 1411167000,
      "gross_profit": 238999000,
      "operating_income": null,
      "net_income": 45064000,
      "opex": null,
      "cogs": 1172168000,
      "rd": null,
      "sga": 123808000,
      "fcf": 865010000,
      "ocf": 935761000,
      "capex": -70751000,
      "gross_margin": 0.16936266225046362,
      "op_margin": null,
      "fcf_margin": 0.6129749349297425,
      "rev_growth_yoy": 0.053034260232102774,
      "rev_growth_yoy_accel": 0.08518831039346367,
      "fcf_margin_change": 0.46832504185624174
    },
    {
      "date": "2025-03-31T00:00:00",
      "quarter_label": "2025-03 (Q1)",
      "revenue": 1466661000,
      "gross_profit": 270403000,
      "operating_income": null,
      "net_income": 67962000,
      "opex": null,
      "cogs": 1196258000,
      "rd": null,
      "sga": 129087000,
      "fcf": -766325000,
      "ocf": -683401000,
      "capex": -82924000,
      "gross_margin": 0.18436639414288647,
      "op_margin": null,
      "fcf_margin": -0.5224963369176654,
      "rev_growth_yoy": 0.11360568184061508,
      "rev_growth_yoy_accel": 0.0605714216085123,
      "fcf_margin_change": -1.135471271847408
    },
    {
      "date": "2025-06-30T00:00:00",
      "quarter_label": "2025-06 (Q2)",
      "revenue": 1539161000,
      "gross_profit": 299091000,
      "operating_income": null,
      "net_income": 88944000,
      "opex": null,
      "cogs": 1240070000,
      "rd": null,
      "sga": 121836000,
      "fcf": -294219000,
      "ocf": -221450000,
      "capex": -72769000,
      "gross_margin": 0.19432080204734917,
      "op_margin": null,
      "fcf_margin": -0.19115544117866812,
      "rev_growth_yoy": 0.11423193725047326,
      "rev_growth_yoy_accel": 0.0006262554098581813,
      "fcf_margin_change": 0.3313408957389973
    },
    {
      "date": "2025-09-30T00:00:00",
      "quarter_label": "2025-09 (Q3)",
      "revenue": 2008739000,
      "gross_profit": 327250000,
      "operating_income": null,
      "net_income": 113293000,
      "opex": null,
      "cogs": 1681489000,
      "rd": null,
      "sga": 122210000,
      "fcf": 260788000,
      "ocf": 340886000,
      "capex": -80098000,
      "gross_margin": 0.16291315098676334,
      "op_margin": null,
      "fcf_margin": 0.12982672213761967,
      "rev_growth_yoy": 0.151058033698465,
      "rev_growth_yoy_accel": 0.03682609644799173,
      "fcf_margin_change": 0.3209821633162878
    }
  ],
  "signals": [
    {
      "quarter": "2025-09 (Q3)",
      "signal": "FCF TURNED POSITIVE",
      "detail": "FCF margin: -19.1% -> +13.0%",
      "severity": "HIGH"
    },
    {
      "quarter": "2025-06 (Q2)",
      "signal": "FCF MARGIN EXPANSION",
      "detail": "FCF margin: -52.2% -> -19.1% (+33.1%)",
      "severity": "MEDIUM"
    },
    {
      "quarter": "2025-03 (Q1)",
      "signal": "YoY REVENUE GROWTH ACCELERATION",
      "detail": "YoY growth: +11.4% vs prior quarter YoY: +5.3% (accel: +6.1%)",
      "severity": "MEDIUM"
    },
    {
      "quarter": "2024-12 (Q4)",
      "signal": "FCF MARGIN EXPANSION",
      "detail": "FCF margin: +14.5% -> +61.3% (+46.8%)",
      "severity": "MEDIUM"
    },
    {
      "quarter": "2024-12 (Q4)",
      "signal": "YoY REVENUE GROWTH ACCELERATION",
      "detail": "YoY growth: +5.3% vs prior quarter YoY: -3.2% (accel: +8.5%)",
      "severity": "MEDIUM"
    },
    {
      "quarter": "2024-09 (Q3)",
      "signal": "FCF TURNED POSITIVE",
      "detail": "FCF margin: -2.6% -> +14.5%",
      "severity": "HIGH"
    },
    {
      "quarter": "2024-06 (Q2)",
      "signal": "FCF MARGIN EXPANSION",
      "detail": "FCF margin: -47.3% -> -2.6% (+44.8%)",
      "severity": "MEDIUM"
    },
    {
      "quarter": "2023-12 (Q4)",
      "signal": "FCF MARGIN EXPANSION",
      "detail": "FCF margin: +8.9% -> +76.5% (+67.6%)",
      "severity": "MEDIUM"
    },
    {
      "quarter": "2023-09 (Q3)",
      "signal": "FCF TURNED POSITIVE",
      "detail": "FCF margin: -16.1% -> +8.9%",
      "severity": "HIGH"
    },
    {
      "quarter": "2023-06 (Q2)",
      "signal": "FCF MARGIN EXPANSION",
      "detail": "FCF margin: -49.3% -> -16.1% (+33.2%)",
      "severity": "MEDIUM"
    },
    {
      "quarter": "2023-06 (Q2)",
      "signal": "YoY REVENUE GROWTH DECELERATION",
      "detail": "YoY growth: -7.6% vs prior quarter YoY: -1.6% (decel: -5.9%)",
      "severity": "WARNING"
    },
    {
      "quarter": "2022-12 (Q4)",
      "signal": "FCF MARGIN EXPANSION",
      "detail": "FCF margin: +9.7% -> +55.8% (+46.2%)",
      "severity": "MEDIUM"
    },
    {
      "quarter": "2022-12 (Q4)",
      "signal": "YoY REVENUE GROWTH DECELERATION",
      "detail": "YoY growth: +1.1% vs prior quarter YoY: +19.3% (decel: -18.2%)",
      "severity": "WARNING"
    },
    {
      "quarter": "2022-09 (Q3)",
      "signal": "FCF TURNED POSITIVE",
      "detail": "FCF margin: -8.7% -> +9.7%",
      "severity": "HIGH"
    },
    {
      "quarter": "2022-06 (Q2)",
      "signal": "FCF MARGIN EXPANSION",
      "detail": "FCF margin: -23.3% -> -8.7% (+14.6%)",
      "severity": "MEDIUM"
    },
    {
      "quarter": "2021-12 (Q4)",
      "signal": "FCF MARGIN EXPANSION",
      "detail": "FCF margin: +9.3% -> +35.0% (+25.6%)",
      "severity": "MEDIUM"
    },
    {
      "quarter": "2021-09 (Q3)",
      "signal": "FCF TURNED POSITIVE",
      "detail": "FCF margin: -6.8% -> +9.3%",
      "severity": "HIGH"
    },
    {
      "quarter": "2021-06 (Q2)",
      "signal": "FCF MARGIN EXPANSION",
      "detail": "FCF margin: -19.5% -> -6.8% (+12.6%)",
      "severity": "MEDIUM"
    }
  ],
  "data_quality": {
    "n_quarters": 20,
    "coverage": {
      "revenue": [
        20,
        20
      ],
      "gross_profit": [
        20,
        20
      ],
      "op_income": [
        0,
        20
      ],
      "fcf": [
        20,
        20
      ]
    },
    "gaps": [],
    "warnings": [
      "op_income: no data"
    ]
  },
  "market_cap": null,
  "source": "SEC EDGAR",
  "last_updated": "2026-02-02T21:08:31.930037"
}