{
  "ticker": "SLNG",
  "name": "Stabilis Solutions, Inc.",
  "quarters": [
    {
      "date": "2020-12-31T00:00:00",
      "quarter_label": "2020-12 (Q4)",
      "revenue": 13690000,
      "gross_profit": null,
      "operating_income": null,
      "net_income": -110000,
      "opex": 14918000,
      "cogs": null,
      "rd": null,
      "sga": 2872000,
      "fcf": -1572000,
      "ocf": -1131000,
      "capex": -441000,
      "gross_margin": null,
      "op_margin": null,
      "fcf_margin": -0.11482834185536889
    },
    {
      "date": "2021-03-31T00:00:00",
      "quarter_label": "2021-03 (Q1)",
      "revenue": 17664000,
      "gross_profit": null,
      "operating_income": null,
      "net_income": 175000,
      "opex": 17663000,
      "cogs": null,
      "rd": null,
      "sga": 3225000,
      "fcf": 2265000,
      "ocf": 2563000,
      "capex": -298000,
      "gross_margin": null,
      "op_margin": null,
      "fcf_margin": 0.12822690217391305,
      "op_leverage_ratio": 1.5775846382492373,
      "fcf_margin_change": 0.24305524402928194
    },
    {
      "date": "2021-06-30T00:00:00",
      "quarter_label": "2021-06 (Q2)",
      "revenue": 16052000,
      "gross_profit": null,
      "operating_income": null,
      "net_income": -1004000,
      "opex": 18146000,
      "cogs": null,
      "rd": null,
      "sga": 3815000,
      "fcf": -5571000,
      "ocf": 48000,
      "capex": -5619000,
      "gross_margin": null,
      "op_margin": null,
      "fcf_margin": -0.3470595564415649,
      "fcf_margin_change": -0.4752864586154779
    },
    {
      "date": "2021-09-30T00:00:00",
      "quarter_label": "2021-09 (Q3)",
      "revenue": 19704000,
      "gross_profit": 5335000,
      "operating_income": null,
      "net_income": -4625000,
      "opex": 24302000,
      "cogs": 14369000,
      "rd": null,
      "sga": 6155000,
      "fcf": 1987000,
      "ocf": 2818000,
      "capex": -831000,
      "gross_margin": 0.27075720665854647,
      "op_margin": null,
      "fcf_margin": 0.10084246853430776,
      "op_leverage_ratio": 0.6706314452039968,
      "fcf_margin_change": 0.4479020249758726
    },
    {
      "date": "2021-12-31T00:00:00",
      "quarter_label": "2021-12 (Q4)",
      "revenue": 23745000,
      "gross_profit": 5830000,
      "operating_income": null,
      "net_income": -2344000,
      "opex": 26101000,
      "cogs": 17915000,
      "rd": null,
      "sga": 4125000,
      "fcf": -2009000,
      "ocf": -1132000,
      "capex": -877000,
      "gross_margin": 0.24552537376289746,
      "op_margin": null,
      "fcf_margin": -0.08460728574436724,
      "rev_growth_yoy": 0.7344777209642075,
      "op_leverage_ratio": 2.770418028963174,
      "fcf_margin_change": -0.185449754278675
    },
    {
      "date": "2022-03-31T00:00:00",
      "quarter_label": "2022-03 (Q1)",
      "revenue": 23033000,
      "gross_profit": 7529000,
      "operating_income": null,
      "net_income": -406000,
      "opex": 23425000,
      "cogs": 15504000,
      "rd": null,
      "sga": 3566000,
      "fcf": 2465000,
      "ocf": 3155000,
      "capex": -690000,
      "gross_margin": 0.32687882603221463,
      "op_margin": null,
      "fcf_margin": 0.1070203620891764,
      "rev_growth_yoy": 0.30395153985507245,
      "rev_growth_yoy_accel": -0.43052618110913504,
      "fcf_margin_change": 0.19162764783354364
    },
    {
      "date": "2022-06-30T00:00:00",
      "quarter_label": "2022-06 (Q2)",
      "revenue": 25784000,
      "gross_profit": 6247000,
      "operating_income": null,
      "net_income": -2168000,
      "opex": 28204000,
      "cogs": 19537000,
      "rd": null,
      "sga": 3516000,
      "fcf": 1099000,
      "ocf": 1432000,
      "capex": -333000,
      "gross_margin": 0.24228203537077259,
      "op_margin": null,
      "fcf_margin": 0.04262333229910022,
      "rev_growth_yoy": 0.6062795913281834,
      "rev_growth_yoy_accel": 0.302328051473111,
      "op_leverage_ratio": 0.5854403500706116,
      "fcf_margin_change": -0.06439702979007618
    },
    {
      "date": "2022-09-30T00:00:00",
      "quarter_label": "2022-09 (Q3)",
      "revenue": 25819000,
      "gross_profit": 5915000,
      "operating_income": null,
      "net_income": -277000,
      "opex": 24797000,
      "cogs": 19904000,
      "rd": null,
      "sga": 3658000,
      "fcf": 6228000,
      "ocf": 6951000,
      "capex": -723000,
      "gross_margin": 0.22909485262790968,
      "op_margin": null,
      "fcf_margin": 0.24121770788953872,
      "rev_growth_yoy": 0.31034307754770607,
      "rev_growth_yoy_accel": -0.29593651378047736,
      "fcf_margin_change": 0.19859437559043852
    },
    {
      "date": "2022-12-31T00:00:00",
      "quarter_label": "2022-12 (Q4)",
      "revenue": 29587000,
      "gross_profit": 6838000,
      "operating_income": null,
      "net_income": -335000,
      "opex": 29277000,
      "cogs": 22749000,
      "rd": null,
      "sga": 3548000,
      "fcf": 973000,
      "ocf": 3159000,
      "capex": -2186000,
      "gross_margin": 0.23111501673032075,
      "op_margin": null,
      "fcf_margin": 0.03288606482576807,
      "rev_growth_yoy": 0.246030743314382,
      "rev_growth_yoy_accel": -0.06431233423332408,
      "op_leverage_ratio": 0.8077790857231386,
      "fcf_margin_change": -0.20833164306377067
    },
    {
      "date": "2023-03-31T00:00:00",
      "quarter_label": "2023-03 (Q1)",
      "revenue": 26842000,
      "gross_profit": 6572000,
      "operating_income": null,
      "net_income": 1084000,
      "opex": 25829000,
      "cogs": 20270000,
      "rd": null,
      "sga": 3379000,
      "fcf": -3634000,
      "ocf": 93000,
      "capex": -3727000,
      "gross_margin": 0.24484017584382683,
      "op_margin": null,
      "fcf_margin": -0.1353848446464496,
      "rev_growth_yoy": 0.1653714236096036,
      "rev_growth_yoy_accel": -0.08065931970477838,
      "fcf_margin_change": -0.16827090947221768
    },
    {
      "date": "2023-06-30T00:00:00",
      "quarter_label": "2023-06 (Q2)",
      "revenue": 12907000,
      "gross_profit": 2322000,
      "operating_income": null,
      "net_income": -2174000,
      "opex": 15396000,
      "cogs": 10585000,
      "rd": null,
      "sga": 3043000,
      "fcf": 2325000,
      "ocf": 3809000,
      "capex": -1484000,
      "gross_margin": 0.17990237855427288,
      "op_margin": null,
      "fcf_margin": 0.1801348105679089,
      "rev_growth_yoy": -0.49941824387216877,
      "rev_growth_yoy_accel": -0.6647896674817724,
      "fcf_margin_change": 0.3155196552143585
    },
    {
      "date": "2023-09-30T00:00:00",
      "quarter_label": "2023-09 (Q3)",
      "revenue": 15316000,
      "gross_profit": 3260000,
      "operating_income": null,
      "net_income": -207000,
      "opex": 15792000,
      "cogs": 12056000,
      "rd": null,
      "sga": 3002000,
      "fcf": -2293000,
      "ocf": 1478000,
      "capex": -3771000,
      "gross_margin": 0.2128493079132933,
      "op_margin": null,
      "fcf_margin": -0.1497127187255158,
      "rev_growth_yoy": -0.40679344668654865,
      "rev_growth_yoy_accel": 0.09262479718562011,
      "op_leverage_ratio": 7.2564499883784,
      "fcf_margin_change": -0.3298475292934247
    },
    {
      "date": "2023-12-31T00:00:00",
      "quarter_label": "2023-12 (Q4)",
      "revenue": 18049000,
      "gross_profit": 6041000,
      "operating_income": null,
      "net_income": 1422000,
      "opex": 16909000,
      "cogs": 12008000,
      "rd": null,
      "sga": 3469000,
      "fcf": 62000,
      "ocf": 1332000,
      "capex": -1270000,
      "gross_margin": 0.33469998337858053,
      "op_margin": null,
      "fcf_margin": 0.0034350933569726855,
      "rev_growth_yoy": -0.3899685672761686,
      "rev_growth_yoy_accel": 0.016824879410380078,
      "op_leverage_ratio": 2.5227733596945328,
      "fcf_margin_change": 0.15314781208248848
    },
    {
      "date": "2024-03-31T00:00:00",
      "quarter_label": "2024-03 (Q1)",
      "revenue": 19770000,
      "gross_profit": 6256000,
      "operating_income": null,
      "net_income": 1469000,
      "opex": 18391000,
      "cogs": 13514000,
      "rd": null,
      "sga": 3456000,
      "fcf": 3056000,
      "ocf": 3929000,
      "capex": -873000,
      "gross_margin": 0.31643904906423875,
      "op_margin": null,
      "fcf_margin": 0.15457764289327264,
      "rev_growth_yoy": -0.26346769987333285,
      "rev_growth_yoy_accel": 0.12650086740283573,
      "op_leverage_ratio": 1.0879212152194182,
      "fcf_margin_change": 0.15114254953629996
    },
    {
      "date": "2024-06-30T00:00:00",
      "quarter_label": "2024-06 (Q2)",
      "revenue": 18598000,
      "gross_profit": 5048000,
      "operating_income": null,
      "net_income": 27000,
      "opex": 18495000,
      "cogs": 13550000,
      "rd": null,
      "sga": 3331000,
      "fcf": 3662000,
      "ocf": 5038000,
      "capex": -1376000,
      "gross_margin": 0.2714270351650715,
      "op_margin": null,
      "fcf_margin": 0.19690289278417034,
      "rev_growth_yoy": 0.44092352986751376,
      "rev_growth_yoy_accel": 0.7043912297408466,
      "fcf_margin_change": 0.0423252498908977
    },
    {
      "date": "2024-09-30T00:00:00",
      "quarter_label": "2024-09 (Q3)",
      "revenue": 17627000,
      "gross_profit": 4989000,
      "operating_income": null,
      "net_income": 997000,
      "opex": 17360000,
      "cogs": 12638000,
      "rd": null,
      "sga": 3035000,
      "fcf": 1243000,
      "ocf": 2555000,
      "capex": -1312000,
      "gross_margin": 0.28303171271345096,
      "op_margin": null,
      "fcf_margin": 0.07051682078629376,
      "rev_growth_yoy": 0.15088796030295115,
      "rev_growth_yoy_accel": -0.2900355695645626,
      "fcf_margin_change": -0.12638607199787658
    },
    {
      "date": "2024-12-31T00:00:00",
      "quarter_label": "2024-12 (Q4)",
      "revenue": 17298000,
      "gross_profit": 4931000,
      "operating_income": null,
      "net_income": 2106000,
      "opex": 15661000,
      "cogs": 12367000,
      "rd": null,
      "sga": 1941000,
      "fcf": -3414000,
      "ocf": 2171000,
      "capex": -5585000,
      "gross_margin": 0.285061856862065,
      "op_margin": null,
      "fcf_margin": -0.1973638570933056,
      "rev_growth_yoy": -0.04160895340462076,
      "rev_growth_yoy_accel": -0.1924969137075719,
      "fcf_margin_change": -0.26788067787959935
    },
    {
      "date": "2025-03-31T00:00:00",
      "quarter_label": "2025-03 (Q1)",
      "revenue": 17338000,
      "gross_profit": 4550000,
      "operating_income": null,
      "net_income": -1598000,
      "opex": 19401000,
      "cogs": 12788000,
      "rd": null,
      "sga": 4933000,
      "fcf": 538000,
      "ocf": 1025000,
      "capex": -487000,
      "gross_margin": 0.2624293459453224,
      "op_margin": null,
      "fcf_margin": 0.03103010727880955,
      "rev_growth_yoy": -0.12301466868993424,
      "rev_growth_yoy_accel": -0.08140571528531348,
      "fcf_margin_change": 0.22839396437211515
    },
    {
      "date": "2025-06-30T00:00:00",
      "quarter_label": "2025-06 (Q2)",
      "revenue": 17309000,
      "gross_profit": 4585000,
      "operating_income": null,
      "net_income": -613000,
      "opex": 17775000,
      "cogs": 12724000,
      "rd": null,
      "sga": 3131000,
      "fcf": 3880000,
      "ocf": 4515000,
      "capex": -635000,
      "gross_margin": 0.26489109711710673,
      "op_margin": null,
      "fcf_margin": 0.22416084118088855,
      "rev_growth_yoy": -0.06930852779868803,
      "rev_growth_yoy_accel": 0.053706140891246215,
      "fcf_margin_change": 0.193130733902079
    },
    {
      "date": "2025-09-30T00:00:00",
      "quarter_label": "2025-09 (Q3)",
      "revenue": 20325000,
      "gross_profit": 5602000,
      "operating_income": null,
      "net_income": 1119000,
      "opex": 19532000,
      "cogs": 14723000,
      "rd": null,
      "sga": 2783000,
      "fcf": -1483000,
      "ocf": 2394000,
      "capex": -3877000,
      "gross_margin": 0.27562115621156213,
      "op_margin": null,
      "fcf_margin": -0.07296432964329644,
      "rev_growth_yoy": 0.15306064560049923,
      "rev_growth_yoy_accel": 0.22236917339918727,
      "op_leverage_ratio": 1.7627763172938185,
      "fcf_margin_change": -0.297125170824185
    }
  ],
  "signals": [
    {
      "quarter": "2025-09 (Q3)",
      "signal": "OPERATING LEVERAGE",
      "detail": "Rev growth +17.4% vs OpEx growth +9.9% (leverage: 1.8x)",
      "severity": "MEDIUM"
    },
    {
      "quarter": "2025-09 (Q3)",
      "signal": "YoY REVENUE GROWTH ACCELERATION",
      "detail": "YoY growth: +15.3% vs prior quarter YoY: -6.9% (accel: +22.2%)",
      "severity": "HIGH"
    },
    {
      "quarter": "2025-06 (Q2)",
      "signal": "FCF MARGIN EXPANSION",
      "detail": "FCF margin: +3.1% -> +22.4% (+19.3%)",
      "severity": "MEDIUM"
    },
    {
      "quarter": "2025-06 (Q2)",
      "signal": "YoY REVENUE GROWTH ACCELERATION",
      "detail": "YoY growth: -6.9% vs prior quarter YoY: -12.3% (accel: +5.4%)",
      "severity": "MEDIUM"
    },
    {
      "quarter": "2025-03 (Q1)",
      "signal": "FCF TURNED POSITIVE",
      "detail": "FCF margin: -19.7% -> +3.1%",
      "severity": "HIGH"
    },
    {
      "quarter": "2025-03 (Q1)",
      "signal": "YoY REVENUE GROWTH DECELERATION",
      "detail": "YoY growth: -12.3% vs prior quarter YoY: -4.2% (decel: -8.1%)",
      "severity": "WARNING"
    },
    {
      "quarter": "2024-12 (Q4)",
      "signal": "YoY REVENUE GROWTH DECELERATION",
      "detail": "YoY growth: -4.2% vs prior quarter YoY: +15.1% (decel: -19.2%)",
      "severity": "WARNING"
    },
    {
      "quarter": "2024-09 (Q3)",
      "signal": "YoY REVENUE GROWTH DECELERATION",
      "detail": "YoY growth: +15.1% vs prior quarter YoY: +44.1% (decel: -29.0%)",
      "severity": "WARNING"
    },
    {
      "quarter": "2024-06 (Q2)",
      "signal": "YoY REVENUE GROWTH ACCELERATION",
      "detail": "YoY growth: +44.1% vs prior quarter YoY: -26.3% (accel: +70.4%)",
      "severity": "HIGH"
    },
    {
      "quarter": "2024-03 (Q1)",
      "signal": "FCF MARGIN EXPANSION",
      "detail": "FCF margin: +0.3% -> +15.5% (+15.1%)",
      "severity": "MEDIUM"
    },
    {
      "quarter": "2024-03 (Q1)",
      "signal": "YoY REVENUE GROWTH ACCELERATION",
      "detail": "YoY growth: -26.3% vs prior quarter YoY: -39.0% (accel: +12.7%)",
      "severity": "MEDIUM"
    },
    {
      "quarter": "2023-12 (Q4)",
      "signal": "FCF TURNED POSITIVE",
      "detail": "FCF margin: -15.0% -> +0.3%",
      "severity": "HIGH"
    },
    {
      "quarter": "2023-12 (Q4)",
      "signal": "OPERATING LEVERAGE",
      "detail": "Rev growth +17.8% vs OpEx growth +7.1% (leverage: 2.5x)",
      "severity": "MEDIUM"
    },
    {
      "quarter": "2023-09 (Q3)",
      "signal": "OPERATING LEVERAGE",
      "detail": "Rev growth +18.7% vs OpEx growth +2.6% (leverage: 7.3x)",
      "severity": "MEDIUM"
    },
    {
      "quarter": "2023-09 (Q3)",
      "signal": "GROSS MARGIN INFLECTION",
      "detail": "GM: +24.5% -> +18.0% -> +21.3% (reversal +3.3%)",
      "severity": "MEDIUM"
    },
    {
      "quarter": "2023-09 (Q3)",
      "signal": "YoY REVENUE GROWTH ACCELERATION",
      "detail": "YoY growth: -40.7% vs prior quarter YoY: -49.9% (accel: +9.3%)",
      "severity": "MEDIUM"
    },
    {
      "quarter": "2023-06 (Q2)",
      "signal": "FCF TURNED POSITIVE",
      "detail": "FCF margin: -13.5% -> +18.0%",
      "severity": "HIGH"
    },
    {
      "quarter": "2023-06 (Q2)",
      "signal": "YoY REVENUE GROWTH DECELERATION",
      "detail": "YoY growth: -49.9% vs prior quarter YoY: +16.5% (decel: -66.5%)",
      "severity": "WARNING"
    },
    {
      "quarter": "2023-03 (Q1)",
      "signal": "YoY REVENUE GROWTH DECELERATION",
      "detail": "YoY growth: +16.5% vs prior quarter YoY: +24.6% (decel: -8.1%)",
      "severity": "WARNING"
    },
    {
      "quarter": "2022-12 (Q4)",
      "signal": "YoY REVENUE GROWTH DECELERATION",
      "detail": "YoY growth: +24.6% vs prior quarter YoY: +31.0% (decel: -6.4%)",
      "severity": "WARNING"
    },
    {
      "quarter": "2022-09 (Q3)",
      "signal": "FCF MARGIN EXPANSION",
      "detail": "FCF margin: +4.3% -> +24.1% (+19.9%)",
      "severity": "MEDIUM"
    },
    {
      "quarter": "2022-09 (Q3)",
      "signal": "YoY REVENUE GROWTH DECELERATION",
      "detail": "YoY growth: +31.0% vs prior quarter YoY: +60.6% (decel: -29.6%)",
      "severity": "WARNING"
    },
    {
      "quarter": "2022-06 (Q2)",
      "signal": "YoY REVENUE GROWTH ACCELERATION",
      "detail": "YoY growth: +60.6% vs prior quarter YoY: +30.4% (accel: +30.2%)",
      "severity": "HIGH"
    },
    {
      "quarter": "2022-03 (Q1)",
      "signal": "FCF TURNED POSITIVE",
      "detail": "FCF margin: -8.5% -> +10.7%",
      "severity": "HIGH"
    },
    {
      "quarter": "2022-03 (Q1)",
      "signal": "GROSS MARGIN INFLECTION",
      "detail": "GM: +27.1% -> +24.6% -> +32.7% (reversal +8.1%)",
      "severity": "HIGH"
    },
    {
      "quarter": "2022-03 (Q1)",
      "signal": "YoY REVENUE GROWTH DECELERATION",
      "detail": "YoY growth: +30.4% vs prior quarter YoY: +73.4% (decel: -43.1%)",
      "severity": "WARNING"
    },
    {
      "quarter": "2021-12 (Q4)",
      "signal": "OPERATING LEVERAGE",
      "detail": "Rev growth +20.5% vs OpEx growth +7.4% (leverage: 2.8x)",
      "severity": "MEDIUM"
    },
    {
      "quarter": "2021-09 (Q3)",
      "signal": "FCF TURNED POSITIVE",
      "detail": "FCF margin: -34.7% -> +10.1%",
      "severity": "HIGH"
    },
    {
      "quarter": "2021-03 (Q1)",
      "signal": "FCF TURNED POSITIVE",
      "detail": "FCF margin: -11.5% -> +12.8%",
      "severity": "HIGH"
    },
    {
      "quarter": "2021-03 (Q1)",
      "signal": "OPERATING LEVERAGE",
      "detail": "Rev growth +29.0% vs OpEx growth +18.4% (leverage: 1.6x)",
      "severity": "MEDIUM"
    }
  ],
  "data_quality": {
    "n_quarters": 20,
    "coverage": {
      "revenue": [
        20,
        20
      ],
      "gross_profit": [
        17,
        20
      ],
      "op_income": [
        0,
        20
      ],
      "fcf": [
        20,
        20
      ]
    },
    "gaps": [],
    "warnings": [
      "op_income: no data"
    ]
  },
  "market_cap": null,
  "source": "SEC EDGAR",
  "last_updated": "2026-02-02T23:19:49.963417"
}