{
  "ticker": "SLNO",
  "name": "SOLENO THERAPEUTICS INC",
  "quarters": [
    {
      "date": "2013-12-31T00:00:00",
      "quarter_label": "2013-12 (Q4)",
      "revenue": 0,
      "gross_profit": null,
      "operating_income": null,
      "net_income": null,
      "opex": null,
      "cogs": null,
      "rd": null,
      "sga": null,
      "fcf": null,
      "ocf": null,
      "capex": null,
      "gross_margin": null,
      "op_margin": null,
      "fcf_margin": null
    },
    {
      "date": "2015-03-31T00:00:00",
      "quarter_label": "2015-03 (Q1)",
      "revenue": 22000,
      "gross_profit": 4000,
      "operating_income": null,
      "net_income": null,
      "opex": null,
      "cogs": 18000,
      "rd": null,
      "sga": null,
      "fcf": null,
      "ocf": null,
      "capex": null,
      "gross_margin": 0.18181818181818182,
      "op_margin": null,
      "fcf_margin": null
    },
    {
      "date": "2015-06-30T00:00:00",
      "quarter_label": "2015-06 (Q2)",
      "revenue": 97000,
      "gross_profit": 75000,
      "operating_income": null,
      "net_income": null,
      "opex": null,
      "cogs": 22000,
      "rd": null,
      "sga": null,
      "fcf": null,
      "ocf": null,
      "capex": null,
      "gross_margin": 0.7731958762886598,
      "op_margin": null,
      "fcf_margin": null
    },
    {
      "date": "2015-09-30T00:00:00",
      "quarter_label": "2015-09 (Q3)",
      "revenue": 247000,
      "gross_profit": 191000,
      "operating_income": null,
      "net_income": null,
      "opex": null,
      "cogs": 56000,
      "rd": null,
      "sga": null,
      "fcf": null,
      "ocf": null,
      "capex": null,
      "gross_margin": 0.7732793522267206,
      "op_margin": null,
      "fcf_margin": null
    },
    {
      "date": "2015-12-31T00:00:00",
      "quarter_label": "2015-12 (Q4)",
      "revenue": 241472,
      "gross_profit": -15211,
      "operating_income": null,
      "net_income": null,
      "opex": null,
      "cogs": 256683,
      "rd": null,
      "sga": null,
      "fcf": null,
      "ocf": null,
      "capex": null,
      "gross_margin": -0.0629928107606679,
      "op_margin": null,
      "fcf_margin": null
    },
    {
      "date": "2016-03-31T00:00:00",
      "quarter_label": "2016-03 (Q1)",
      "revenue": 447000,
      "gross_profit": -14000,
      "operating_income": null,
      "net_income": null,
      "opex": null,
      "cogs": 461000,
      "rd": null,
      "sga": null,
      "fcf": null,
      "ocf": null,
      "capex": null,
      "gross_margin": -0.03131991051454139,
      "op_margin": null,
      "fcf_margin": null,
      "rev_growth_yoy": 19.318181818181817
    },
    {
      "date": "2016-06-30T00:00:00",
      "quarter_label": "2016-06 (Q2)",
      "revenue": 2000,
      "gross_profit": -37000,
      "operating_income": null,
      "net_income": null,
      "opex": null,
      "cogs": 428000,
      "rd": null,
      "sga": null,
      "fcf": null,
      "ocf": null,
      "capex": null,
      "gross_margin": -18.5,
      "op_margin": null,
      "fcf_margin": null,
      "rev_growth_yoy": -0.979381443298969,
      "rev_growth_yoy_accel": -20.297563261480786
    },
    {
      "date": "2016-09-30T00:00:00",
      "quarter_label": "2016-09 (Q3)",
      "revenue": 329000,
      "gross_profit": -70000,
      "operating_income": null,
      "net_income": null,
      "opex": null,
      "cogs": 399000,
      "rd": null,
      "sga": null,
      "fcf": null,
      "ocf": null,
      "capex": null,
      "gross_margin": -0.2127659574468085,
      "op_margin": null,
      "fcf_margin": null,
      "rev_growth_yoy": 0.3319838056680162,
      "rev_growth_yoy_accel": 1.3113652489669851
    },
    {
      "date": "2016-12-31T00:00:00",
      "quarter_label": "2016-12 (Q4)",
      "revenue": 283788,
      "gross_profit": 61482,
      "operating_income": null,
      "net_income": null,
      "opex": null,
      "cogs": 222306,
      "rd": null,
      "sga": null,
      "fcf": null,
      "ocf": null,
      "capex": null,
      "gross_margin": 0.2166476383779441,
      "op_margin": null,
      "fcf_margin": null,
      "rev_growth_yoy": 0.17524184998674794,
      "rev_growth_yoy_accel": -0.15674195568126828
    },
    {
      "date": "2017-03-31T00:00:00",
      "quarter_label": "2017-03 (Q1)",
      "revenue": 265000,
      "gross_profit": 56000,
      "operating_income": null,
      "net_income": null,
      "opex": null,
      "cogs": 209000,
      "rd": null,
      "sga": null,
      "fcf": null,
      "ocf": null,
      "capex": null,
      "gross_margin": 0.21132075471698114,
      "op_margin": null,
      "fcf_margin": null,
      "rev_growth_yoy": -0.407158836689038,
      "rev_growth_yoy_accel": -0.5824006866757859
    },
    {
      "date": "2017-06-30T00:00:00",
      "quarter_label": "2017-06 (Q2)",
      "revenue": 1000,
      "gross_profit": -41000,
      "operating_income": null,
      "net_income": null,
      "opex": null,
      "cogs": 42000,
      "rd": null,
      "sga": null,
      "fcf": null,
      "ocf": null,
      "capex": null,
      "gross_margin": -41.0,
      "op_margin": null,
      "fcf_margin": null,
      "rev_growth_yoy": -0.5,
      "rev_growth_yoy_accel": -0.09284116331096198
    },
    {
      "date": "2025-06-30T00:00:00",
      "quarter_label": "2025-06 (Q2)",
      "revenue": 32657000,
      "gross_profit": 31961000,
      "operating_income": -6525000,
      "net_income": -4708000,
      "opex": 39182000,
      "cogs": 696000,
      "rd": 9147000,
      "sga": 28238000,
      "fcf": -12617000,
      "ocf": -12608000,
      "capex": -9000,
      "gross_margin": 0.9786875708117708,
      "op_margin": -0.19980402363964847,
      "fcf_margin": -0.38634902164926355
    },
    {
      "date": "2025-09-30T00:00:00",
      "quarter_label": "2025-09 (Q3)",
      "revenue": 66018000,
      "gross_profit": 64877000,
      "operating_income": 22105000,
      "net_income": 26013000,
      "opex": 43913000,
      "cogs": 1141000,
      "rd": 8405000,
      "sga": 33753000,
      "fcf": 43453000,
      "ocf": 43454000,
      "capex": -1000,
      "gross_margin": 0.9827168348026296,
      "op_margin": 0.33483292435396406,
      "fcf_margin": 0.6581992789845194,
      "op_leverage_ratio": 8.460507721970474,
      "fcf_margin_change": 1.044548300633783
    }
  ],
  "signals": [
    {
      "quarter": "2025-09 (Q3)",
      "signal": "FCF TURNED POSITIVE",
      "detail": "FCF margin: -38.6% -> +65.8%",
      "severity": "HIGH"
    },
    {
      "quarter": "2025-09 (Q3)",
      "signal": "OPERATING LEVERAGE",
      "detail": "Rev growth +102.2% vs OpEx growth +12.1% (leverage: 8.5x)",
      "severity": "MEDIUM"
    },
    {
      "quarter": "2025-09 (Q3)",
      "signal": "OP MARGIN TURNED POSITIVE (QoQ)",
      "detail": "Op margin: -20.0% -> +33.5%",
      "severity": "HIGH"
    },
    {
      "quarter": "2025-06 (Q2)",
      "signal": "GROSS MARGIN INFLECTION",
      "detail": "GM: +21.1% -> -4100.0% -> +97.9% (reversal +4197.9%)",
      "severity": "HIGH"
    },
    {
      "quarter": "2017-06 (Q2)",
      "signal": "YoY REVENUE GROWTH DECELERATION",
      "detail": "YoY growth: -50.0% vs prior quarter YoY: -40.7% (decel: -9.3%)",
      "severity": "WARNING"
    },
    {
      "quarter": "2017-03 (Q1)",
      "signal": "YoY REVENUE GROWTH DECELERATION",
      "detail": "YoY growth: -40.7% vs prior quarter YoY: +17.5% (decel: -58.2%)",
      "severity": "WARNING"
    },
    {
      "quarter": "2016-12 (Q4)",
      "signal": "YoY REVENUE GROWTH DECELERATION",
      "detail": "YoY growth: +17.5% vs prior quarter YoY: +33.2% (decel: -15.7%)",
      "severity": "WARNING"
    },
    {
      "quarter": "2016-09 (Q3)",
      "signal": "GROSS MARGIN INFLECTION",
      "detail": "GM: -3.1% -> -1850.0% -> -21.3% (reversal +1828.7%)",
      "severity": "HIGH"
    },
    {
      "quarter": "2016-09 (Q3)",
      "signal": "YoY REVENUE GROWTH ACCELERATION",
      "detail": "YoY growth: +33.2% vs prior quarter YoY: -97.9% (accel: +131.1%)",
      "severity": "HIGH"
    },
    {
      "quarter": "2016-06 (Q2)",
      "signal": "YoY REVENUE GROWTH DECELERATION",
      "detail": "YoY growth: -97.9% vs prior quarter YoY: +1931.8% (decel: -2029.8%)",
      "severity": "WARNING"
    },
    {
      "quarter": "2016-03 (Q1)",
      "signal": "GROSS MARGIN INFLECTION",
      "detail": "GM: +77.3% -> -6.3% -> -3.1% (reversal +3.2%)",
      "severity": "MEDIUM"
    }
  ],
  "data_quality": {
    "n_quarters": 13,
    "coverage": {
      "revenue": [
        13,
        13
      ],
      "gross_profit": [
        12,
        13
      ],
      "op_income": [
        2,
        13
      ],
      "fcf": [
        2,
        13
      ]
    },
    "gaps": [
      [
        "2013-12 (Q4)",
        "2015-03 (Q1)",
        455
      ],
      [
        "2017-06 (Q2)",
        "2025-06 (Q2)",
        2922
      ]
    ],
    "warnings": [
      "op_income: 2/13Q",
      "fcf: 2/13Q",
      "gap: 4Q missing between 2013-12 (Q4) and 2015-03 (Q1)",
      "gap: 31Q missing between 2017-06 (Q2) and 2025-06 (Q2)"
    ]
  },
  "market_cap": null,
  "source": "SEC EDGAR",
  "last_updated": "2026-02-02T21:31:46.105617"
}