{
  "ticker": "SLVM",
  "name": "SYLVAMO CORPORATION",
  "sector": "Basic Materials",
  "industry": "Paper & Paper Products",
  "quarters": [
    {
      "date": "2021-03-31T00:00:00",
      "quarter_label": "2021-03 (Q1)",
      "revenue": 778000000,
      "gross_profit": 253000000,
      "operating_income": null,
      "net_income": 62000000,
      "opex": null,
      "cogs": 525000000,
      "rd": null,
      "sga": 41000000,
      "fcf": 65000000,
      "ocf": 82000000,
      "capex": -17000000,
      "gross_margin": 0.32519280205655526,
      "op_margin": null,
      "fcf_margin": 0.08354755784061697
    },
    {
      "date": "2021-06-30T00:00:00",
      "quarter_label": "2021-06 (Q2)",
      "revenue": 695000000,
      "gross_profit": 287000000,
      "operating_income": null,
      "net_income": 115000000,
      "opex": null,
      "cogs": 408000000,
      "rd": null,
      "sga": 57000000,
      "fcf": 140000000,
      "ocf": 140000000,
      "capex": null,
      "gross_margin": 0.41294964028776976,
      "op_margin": null,
      "fcf_margin": 0.2014388489208633,
      "fcf_margin_change": 0.11789129108024633
    },
    {
      "date": "2021-09-30T00:00:00",
      "quarter_label": "2021-09 (Q3)",
      "revenue": 908000000,
      "gross_profit": 321000000,
      "operating_income": null,
      "net_income": 92000000,
      "opex": null,
      "cogs": 587000000,
      "rd": null,
      "sga": 47000000,
      "fcf": 157000000,
      "ocf": 157000000,
      "capex": null,
      "gross_margin": 0.3535242290748899,
      "op_margin": null,
      "fcf_margin": 0.17290748898678415,
      "fcf_margin_change": -0.028531359934079153
    },
    {
      "date": "2021-12-31T00:00:00",
      "quarter_label": "2021-12 (Q4)",
      "revenue": 972000000,
      "gross_profit": 311000000,
      "operating_income": null,
      "net_income": 62000000,
      "opex": null,
      "cogs": 661000000,
      "rd": null,
      "sga": 67000000,
      "fcf": 155000000,
      "ocf": 170000000,
      "capex": -15000000,
      "gross_margin": 0.31995884773662553,
      "op_margin": null,
      "fcf_margin": 0.15946502057613168,
      "fcf_margin_change": -0.01344246841065247
    },
    {
      "date": "2022-03-31T00:00:00",
      "quarter_label": "2022-03 (Q1)",
      "revenue": 977000000,
      "gross_profit": 328000000,
      "operating_income": null,
      "net_income": 26000000,
      "opex": null,
      "cogs": 649000000,
      "rd": null,
      "sga": 67000000,
      "fcf": 73000000,
      "ocf": 92000000,
      "capex": -19000000,
      "gross_margin": 0.33572159672466734,
      "op_margin": null,
      "fcf_margin": 0.07471852610030706,
      "rev_growth_yoy": 0.25578406169665807,
      "fcf_margin_change": -0.08474649447582462
    },
    {
      "date": "2022-06-30T00:00:00",
      "quarter_label": "2022-06 (Q2)",
      "revenue": 912000000,
      "gross_profit": 350000000,
      "operating_income": null,
      "net_income": -59000000,
      "opex": null,
      "cogs": 562000000,
      "rd": null,
      "sga": 81000000,
      "fcf": 83000000,
      "ocf": 83000000,
      "capex": null,
      "gross_margin": 0.38377192982456143,
      "op_margin": null,
      "fcf_margin": 0.09100877192982457,
      "rev_growth_yoy": 0.3122302158273381,
      "rev_growth_yoy_accel": 0.05644615413068005,
      "fcf_margin_change": 0.016290245829517505
    },
    {
      "date": "2022-09-30T00:00:00",
      "quarter_label": "2022-09 (Q3)",
      "revenue": 968000000,
      "gross_profit": 281000000,
      "operating_income": null,
      "net_income": 57000000,
      "opex": null,
      "cogs": 687000000,
      "rd": null,
      "sga": 80000000,
      "fcf": 121000000,
      "ocf": 121000000,
      "capex": null,
      "gross_margin": 0.2902892561983471,
      "op_margin": null,
      "fcf_margin": 0.125,
      "rev_growth_yoy": 0.06607929515418502,
      "rev_growth_yoy_accel": -0.24615092067315308,
      "fcf_margin_change": 0.03399122807017543
    },
    {
      "date": "2022-12-31T00:00:00",
      "quarter_label": "2022-12 (Q4)",
      "revenue": 927000000,
      "gross_profit": 273000000,
      "operating_income": null,
      "net_income": 94000000,
      "opex": null,
      "cogs": 654000000,
      "rd": null,
      "sga": 98000000,
      "fcf": 142000000,
      "ocf": 142000000,
      "capex": null,
      "gross_margin": 0.29449838187702265,
      "op_margin": null,
      "fcf_margin": 0.15318230852211434,
      "rev_growth_yoy": -0.046296296296296294,
      "rev_growth_yoy_accel": -0.11237559145048132,
      "fcf_margin_change": 0.02818230852211434
    },
    {
      "date": "2023-03-31T00:00:00",
      "quarter_label": "2023-03 (Q1)",
      "revenue": 959000000,
      "gross_profit": 271000000,
      "operating_income": null,
      "net_income": 97000000,
      "opex": null,
      "cogs": 688000000,
      "rd": null,
      "sga": 82000000,
      "fcf": 63000000,
      "ocf": 63000000,
      "capex": null,
      "gross_margin": 0.28258602711157454,
      "op_margin": null,
      "fcf_margin": 0.06569343065693431,
      "rev_growth_yoy": -0.01842374616171955,
      "rev_growth_yoy_accel": 0.027872550134576745,
      "fcf_margin_change": -0.08748887786518003
    },
    {
      "date": "2023-06-30T00:00:00",
      "quarter_label": "2023-06 (Q2)",
      "revenue": 919000000,
      "gross_profit": 198000000,
      "operating_income": null,
      "net_income": 49000000,
      "opex": null,
      "cogs": 721000000,
      "rd": null,
      "sga": 76000000,
      "fcf": 77000000,
      "ocf": 77000000,
      "capex": null,
      "gross_margin": 0.21545157780195864,
      "op_margin": null,
      "fcf_margin": 0.08378672470076169,
      "rev_growth_yoy": 0.007675438596491228,
      "rev_growth_yoy_accel": 0.026099184758210776,
      "fcf_margin_change": 0.018093294043827382
    },
    {
      "date": "2023-09-30T00:00:00",
      "quarter_label": "2023-09 (Q3)",
      "revenue": 897000000,
      "gross_profit": 232000000,
      "operating_income": null,
      "net_income": 58000000,
      "opex": null,
      "cogs": 665000000,
      "rd": null,
      "sga": 89000000,
      "fcf": 197000000,
      "ocf": 197000000,
      "capex": null,
      "gross_margin": 0.25863991081382387,
      "op_margin": null,
      "fcf_margin": 0.21962095875139354,
      "rev_growth_yoy": -0.07334710743801653,
      "rev_growth_yoy_accel": -0.08102254603450776,
      "fcf_margin_change": 0.13583423405063183
    },
    {
      "date": "2023-12-31T00:00:00",
      "quarter_label": "2023-12 (Q4)",
      "revenue": 964000000,
      "gross_profit": 210000000,
      "operating_income": null,
      "net_income": 49000000,
      "opex": null,
      "cogs": 754000000,
      "rd": null,
      "sga": 95000000,
      "fcf": 167000000,
      "ocf": 167000000,
      "capex": null,
      "gross_margin": 0.21784232365145229,
      "op_margin": null,
      "fcf_margin": 0.17323651452282157,
      "rev_growth_yoy": 0.039913700107874865,
      "rev_growth_yoy_accel": 0.1132608075458914,
      "fcf_margin_change": -0.046384444228571964
    },
    {
      "date": "2024-03-31T00:00:00",
      "quarter_label": "2024-03 (Q1)",
      "revenue": 905000000,
      "gross_profit": 189000000,
      "operating_income": 72000000,
      "net_income": 43000000,
      "opex": 117000000,
      "cogs": 716000000,
      "rd": null,
      "sga": 74000000,
      "fcf": 27000000,
      "ocf": 27000000,
      "capex": null,
      "gross_margin": 0.20883977900552486,
      "op_margin": 0.07955801104972375,
      "fcf_margin": 0.02983425414364641,
      "rev_growth_yoy": -0.056308654848800835,
      "rev_growth_yoy_accel": -0.09622235495667569,
      "fcf_margin_change": -0.14340226037917517
    },
    {
      "date": "2024-06-30T00:00:00",
      "quarter_label": "2024-06 (Q2)",
      "revenue": 933000000,
      "gross_profit": 249000000,
      "operating_income": 122000000,
      "net_income": 83000000,
      "opex": 127000000,
      "cogs": 684000000,
      "rd": null,
      "sga": 82000000,
      "fcf": 115000000,
      "ocf": 115000000,
      "capex": null,
      "gross_margin": 0.26688102893890675,
      "op_margin": 0.1307609860664523,
      "fcf_margin": 0.1232583065380493,
      "rev_growth_yoy": 0.015233949945593036,
      "rev_growth_yoy_accel": 0.07154260479439387,
      "op_leverage_ratio": 0.3619889502762431,
      "fcf_margin_change": 0.09342405239440289
    },
    {
      "date": "2024-09-30T00:00:00",
      "quarter_label": "2024-09 (Q3)",
      "revenue": 965000000,
      "gross_profit": 265000000,
      "operating_income": 150000000,
      "net_income": 95000000,
      "opex": 115000000,
      "cogs": 700000000,
      "rd": null,
      "sga": 74000000,
      "fcf": 163000000,
      "ocf": 163000000,
      "capex": null,
      "gross_margin": 0.27461139896373055,
      "op_margin": 0.15544041450777202,
      "fcf_margin": 0.1689119170984456,
      "rev_growth_yoy": 0.0758082497212932,
      "rev_growth_yoy_accel": 0.06057429977570016,
      "op_leverage_ratio": null,
      "fcf_margin_change": 0.04565361056039631
    },
    {
      "date": "2024-12-31T00:00:00",
      "quarter_label": "2024-12 (Q4)",
      "revenue": 970000000,
      "gross_profit": 237000000,
      "operating_income": 109000000,
      "net_income": 81000000,
      "opex": 128000000,
      "cogs": 733000000,
      "rd": null,
      "sga": 81000000,
      "fcf": 164000000,
      "ocf": 164000000,
      "capex": null,
      "gross_margin": 0.2443298969072165,
      "op_margin": 0.11237113402061856,
      "fcf_margin": 0.16907216494845362,
      "rev_growth_yoy": 0.006224066390041493,
      "rev_growth_yoy_accel": -0.0695841833312517,
      "fcf_margin_change": 0.00016024785000801067
    },
    {
      "date": "2025-03-31T00:00:00",
      "quarter_label": "2025-03 (Q1)",
      "revenue": 821000000,
      "gross_profit": 159000000,
      "operating_income": 44000000,
      "net_income": 27000000,
      "opex": 115000000,
      "cogs": 662000000,
      "rd": null,
      "sga": 73000000,
      "fcf": 23000000,
      "ocf": 23000000,
      "capex": null,
      "gross_margin": 0.19366626065773446,
      "op_margin": 0.0535931790499391,
      "fcf_margin": 0.028014616321559074,
      "incr_op_margin_yoy": 0.3333333333333333,
      "rev_growth_yoy": -0.09281767955801105,
      "rev_growth_yoy_accel": -0.09904174594805255,
      "fcf_margin_change": -0.14105754862689454
    },
    {
      "date": "2025-06-30T00:00:00",
      "quarter_label": "2025-06 (Q2)",
      "revenue": 794000000,
      "gross_profit": 154000000,
      "operating_income": 30000000,
      "net_income": 15000000,
      "opex": 124000000,
      "cogs": 640000000,
      "rd": null,
      "sga": 72000000,
      "fcf": 64000000,
      "ocf": 64000000,
      "capex": null,
      "gross_margin": 0.19395465994962216,
      "op_margin": 0.037783375314861464,
      "fcf_margin": 0.08060453400503778,
      "incr_op_margin_yoy": 0.6618705035971223,
      "rev_growth_yoy": -0.1489817792068596,
      "rev_growth_yoy_accel": -0.05616409964884854,
      "fcf_margin_change": 0.052589917683478704
    },
    {
      "date": "2025-09-30T00:00:00",
      "quarter_label": "2025-09 (Q3)",
      "revenue": 846000000,
      "gross_profit": 222000000,
      "operating_income": 98000000,
      "net_income": 57000000,
      "opex": 124000000,
      "cogs": 624000000,
      "rd": null,
      "sga": 68000000,
      "fcf": 87000000,
      "ocf": 87000000,
      "capex": null,
      "gross_margin": 0.2624113475177305,
      "op_margin": 0.11583924349881797,
      "fcf_margin": 0.10283687943262411,
      "incr_op_margin_yoy": 0.4369747899159664,
      "rev_growth_yoy": -0.12331606217616581,
      "rev_growth_yoy_accel": 0.025665717030693785,
      "op_leverage_ratio": null,
      "fcf_margin_change": 0.022232345427586328
    },
    {
      "date": "2025-12-31T00:00:00",
      "quarter_label": "2025-12 (Q4)",
      "revenue": 890000000,
      "gross_profit": 200000000,
      "operating_income": 79000000,
      "net_income": 33000000,
      "opex": 121000000,
      "cogs": 690000000,
      "rd": null,
      "sga": 68000000,
      "fcf": 94000000,
      "ocf": 94000000,
      "capex": null,
      "gross_margin": 0.2247191011235955,
      "op_margin": 0.08876404494382023,
      "fcf_margin": 0.10561797752808989,
      "incr_op_margin_yoy": 0.375,
      "rev_growth_yoy": -0.08247422680412371,
      "rev_growth_yoy_accel": 0.0408418353720421,
      "op_leverage_ratio": null,
      "fcf_margin_change": 0.002781098095465784
    }
  ],
  "signals": [
    {
      "quarter": "2025-12 (Q4)",
      "signal": "INCREMENTAL MARGIN (YoY)",
      "detail": "YoY Incr OPM: +37.5% vs year-ago OPM: +11.2%",
      "severity": "HIGH"
    },
    {
      "quarter": "2025-09 (Q3)",
      "signal": "INCREMENTAL MARGIN (YoY)",
      "detail": "YoY Incr OPM: +43.7% vs year-ago OPM: +15.5%",
      "severity": "HIGH"
    },
    {
      "quarter": "2025-06 (Q2)",
      "signal": "FCF MARGIN EXPANSION",
      "detail": "FCF margin: +2.8% -> +8.1% (+5.3%)",
      "severity": "MEDIUM"
    },
    {
      "quarter": "2025-06 (Q2)",
      "signal": "YoY REVENUE GROWTH DECELERATION",
      "detail": "YoY growth: -14.9% vs prior quarter YoY: -9.3% (decel: -5.6%)",
      "severity": "WARNING"
    },
    {
      "quarter": "2025-06 (Q2)",
      "signal": "INCREMENTAL MARGIN (YoY)",
      "detail": "YoY Incr OPM: +66.2% vs year-ago OPM: +13.1%",
      "severity": "HIGH"
    },
    {
      "quarter": "2025-03 (Q1)",
      "signal": "YoY REVENUE GROWTH DECELERATION",
      "detail": "YoY growth: -9.3% vs prior quarter YoY: +0.6% (decel: -9.9%)",
      "severity": "WARNING"
    },
    {
      "quarter": "2025-03 (Q1)",
      "signal": "INCREMENTAL MARGIN (YoY)",
      "detail": "YoY Incr OPM: +33.3% vs year-ago OPM: +8.0%",
      "severity": "HIGH"
    },
    {
      "quarter": "2024-12 (Q4)",
      "signal": "YoY REVENUE GROWTH DECELERATION",
      "detail": "YoY growth: +0.6% vs prior quarter YoY: +7.6% (decel: -7.0%)",
      "severity": "WARNING"
    },
    {
      "quarter": "2024-09 (Q3)",
      "signal": "YoY REVENUE GROWTH ACCELERATION",
      "detail": "YoY growth: +7.6% vs prior quarter YoY: +1.5% (accel: +6.1%)",
      "severity": "MEDIUM"
    },
    {
      "quarter": "2024-06 (Q2)",
      "signal": "FCF MARGIN EXPANSION",
      "detail": "FCF margin: +3.0% -> +12.3% (+9.3%)",
      "severity": "MEDIUM"
    },
    {
      "quarter": "2024-06 (Q2)",
      "signal": "GROSS MARGIN INFLECTION",
      "detail": "GM: +21.8% -> +20.9% -> +26.7% (reversal +5.8%)",
      "severity": "HIGH"
    },
    {
      "quarter": "2024-06 (Q2)",
      "signal": "YoY REVENUE GROWTH ACCELERATION",
      "detail": "YoY growth: +1.5% vs prior quarter YoY: -5.6% (accel: +7.2%)",
      "severity": "MEDIUM"
    },
    {
      "quarter": "2024-03 (Q1)",
      "signal": "YoY REVENUE GROWTH DECELERATION",
      "detail": "YoY growth: -5.6% vs prior quarter YoY: +4.0% (decel: -9.6%)",
      "severity": "WARNING"
    },
    {
      "quarter": "2023-12 (Q4)",
      "signal": "YoY REVENUE GROWTH ACCELERATION",
      "detail": "YoY growth: +4.0% vs prior quarter YoY: -7.3% (accel: +11.3%)",
      "severity": "MEDIUM"
    },
    {
      "quarter": "2023-09 (Q3)",
      "signal": "FCF MARGIN EXPANSION",
      "detail": "FCF margin: +8.4% -> +22.0% (+13.6%)",
      "severity": "MEDIUM"
    },
    {
      "quarter": "2023-09 (Q3)",
      "signal": "GROSS MARGIN INFLECTION",
      "detail": "GM: +28.3% -> +21.5% -> +25.9% (reversal +4.3%)",
      "severity": "MEDIUM"
    },
    {
      "quarter": "2023-09 (Q3)",
      "signal": "YoY REVENUE GROWTH DECELERATION",
      "detail": "YoY growth: -7.3% vs prior quarter YoY: +0.8% (decel: -8.1%)",
      "severity": "WARNING"
    },
    {
      "quarter": "2022-12 (Q4)",
      "signal": "YoY REVENUE GROWTH DECELERATION",
      "detail": "YoY growth: -4.6% vs prior quarter YoY: +6.6% (decel: -11.2%)",
      "severity": "WARNING"
    },
    {
      "quarter": "2022-09 (Q3)",
      "signal": "YoY REVENUE GROWTH DECELERATION",
      "detail": "YoY growth: +6.6% vs prior quarter YoY: +31.2% (decel: -24.6%)",
      "severity": "WARNING"
    },
    {
      "quarter": "2022-06 (Q2)",
      "signal": "YoY REVENUE GROWTH ACCELERATION",
      "detail": "YoY growth: +31.2% vs prior quarter YoY: +25.6% (accel: +5.6%)",
      "severity": "MEDIUM"
    },
    {
      "quarter": "2021-06 (Q2)",
      "signal": "FCF MARGIN EXPANSION",
      "detail": "FCF margin: +8.4% -> +20.1% (+11.8%)",
      "severity": "MEDIUM"
    }
  ],
  "data_quality": {
    "n_quarters": 20,
    "coverage": {
      "revenue": [
        20,
        20
      ],
      "gross_profit": [
        20,
        20
      ],
      "op_income": [
        8,
        20
      ],
      "fcf": [
        20,
        20
      ]
    },
    "gaps": [],
    "warnings": [
      "op_income: 8/20Q"
    ]
  },
  "market_cap": null,
  "source": "SEC EDGAR",
  "last_updated": "2026-02-24T10:10:49.210046"
}