{
  "ticker": "SMC",
  "name": "Summit Midstream Corporation",
  "quarters": [
    {
      "date": "2023-09-30T00:00:00",
      "quarter_label": "2023-09 (Q3)",
      "revenue": 121193000,
      "gross_profit": 94083000,
      "operating_income": null,
      "net_income": 251000,
      "opex": 95422000,
      "cogs": 27110000,
      "rd": null,
      "sga": null,
      "fcf": null,
      "ocf": null,
      "capex": null,
      "gross_margin": 0.776307212462766,
      "op_margin": null,
      "fcf_margin": null
    },
    {
      "date": "2023-12-31T00:00:00",
      "quarter_label": "2023-12 (Q4)",
      "revenue": 127318000,
      "gross_profit": 92823000,
      "operating_income": null,
      "net_income": -18834000,
      "opex": 102804000,
      "cogs": 34495000,
      "rd": null,
      "sga": null,
      "fcf": -2895000,
      "ocf": 16147000,
      "capex": -19042000,
      "gross_margin": 0.7290642328657377,
      "op_margin": null,
      "fcf_margin": -0.022738340218979247,
      "op_leverage_ratio": 0.6532855181990573
    },
    {
      "date": "2024-03-31T00:00:00",
      "quarter_label": "2024-03 (Q1)",
      "revenue": 118871000,
      "gross_profit": 88689000,
      "operating_income": null,
      "net_income": 129157000,
      "opex": 173566000,
      "cogs": 30182000,
      "rd": null,
      "sga": null,
      "fcf": 27218000,
      "ocf": 43616000,
      "capex": -16398000,
      "gross_margin": 0.746094505808818,
      "op_margin": null,
      "fcf_margin": 0.22897090122906344,
      "fcf_margin_change": 0.2517092414480427
    },
    {
      "date": "2024-06-30T00:00:00",
      "quarter_label": "2024-06 (Q2)",
      "revenue": 101315000,
      "gross_profit": 71696000,
      "operating_income": null,
      "net_income": -30957000,
      "opex": 94465000,
      "cogs": 29619000,
      "rd": null,
      "sga": null,
      "fcf": -23165000,
      "ocf": -12643000,
      "capex": -10522000,
      "gross_margin": 0.7076543453585352,
      "op_margin": null,
      "fcf_margin": -0.22864334007797463,
      "fcf_margin_change": -0.4576142413070381
    },
    {
      "date": "2024-09-30T00:00:00",
      "quarter_label": "2024-09 (Q3)",
      "revenue": 102415000,
      "gross_profit": 74169000,
      "operating_income": null,
      "net_income": -201548000,
      "opex": 90766000,
      "cogs": 28246000,
      "rd": null,
      "sga": null,
      "fcf": -1790000,
      "ocf": 9151000,
      "capex": -10941000,
      "gross_margin": 0.7242005565590978,
      "op_margin": null,
      "fcf_margin": -0.01747790850949568,
      "rev_growth_yoy": -0.1549429422491398,
      "op_leverage_ratio": Infinity,
      "fcf_margin_change": 0.21116543156847895
    },
    {
      "date": "2024-12-31T00:00:00",
      "quarter_label": "2024-12 (Q4)",
      "revenue": 107018000,
      "gross_profit": 80069000,
      "operating_income": null,
      "net_income": -22124000,
      "opex": 112758000,
      "cogs": 26949000,
      "rd": null,
      "sga": null,
      "fcf": 5897000,
      "ocf": 21647000,
      "capex": -15750000,
      "gross_margin": 0.7481825487301201,
      "op_margin": null,
      "fcf_margin": 0.05510287988936441,
      "rev_growth_yoy": -0.15944328374621028,
      "rev_growth_yoy_accel": -0.004500341497070487,
      "op_leverage_ratio": 0.18549656657490965,
      "fcf_margin_change": 0.07258078839886009
    },
    {
      "date": "2025-03-31T00:00:00",
      "quarter_label": "2025-03 (Q1)",
      "revenue": 132697000,
      "gross_profit": 97263000,
      "operating_income": null,
      "net_income": 2031000,
      "opex": 118118000,
      "cogs": 35434000,
      "rd": null,
      "sga": null,
      "fcf": -4576000,
      "ocf": 16030000,
      "capex": -20606000,
      "gross_margin": 0.7329706021989947,
      "op_margin": null,
      "fcf_margin": -0.03448457764681945,
      "rev_growth_yoy": 0.11631095893868143,
      "rev_growth_yoy_accel": 0.2757542426848917,
      "op_leverage_ratio": 5.047819898758836,
      "fcf_margin_change": -0.08958745753618386
    },
    {
      "date": "2025-06-30T00:00:00",
      "quarter_label": "2025-06 (Q2)",
      "revenue": 140217000,
      "gross_profit": 104303000,
      "operating_income": null,
      "net_income": -8028000,
      "opex": 126013000,
      "cogs": 35914000,
      "rd": null,
      "sga": null,
      "fcf": 10823000,
      "ocf": 37213000,
      "capex": -26390000,
      "gross_margin": 0.743868432501052,
      "op_margin": null,
      "fcf_margin": 0.07718750222868839,
      "rev_growth_yoy": 0.38397078418792874,
      "rev_growth_yoy_accel": 0.2676598252492473,
      "op_leverage_ratio": 0.8478532447148984,
      "fcf_margin_change": 0.11167207987550784
    },
    {
      "date": "2025-09-30T00:00:00",
      "quarter_label": "2025-09 (Q3)",
      "revenue": 146883000,
      "gross_profit": 108745000,
      "operating_income": null,
      "net_income": -1578000,
      "opex": 121720000,
      "cogs": 38138000,
      "rd": null,
      "sga": null,
      "fcf": 3763000,
      "ocf": 26677000,
      "capex": -22914000,
      "gross_margin": 0.7403511638515009,
      "op_margin": null,
      "fcf_margin": 0.025619030112402387,
      "rev_growth_yoy": 0.4341942098325441,
      "rev_growth_yoy_accel": 0.05022342564461535,
      "op_leverage_ratio": Infinity,
      "fcf_margin_change": -0.051568472116286006
    }
  ],
  "signals": [
    {
      "quarter": "2025-09 (Q3)",
      "signal": "YoY REVENUE GROWTH ACCELERATION",
      "detail": "YoY growth: +43.4% vs prior quarter YoY: +38.4% (accel: +5.0%)",
      "severity": "MEDIUM"
    },
    {
      "quarter": "2025-06 (Q2)",
      "signal": "FCF TURNED POSITIVE",
      "detail": "FCF margin: -3.4% -> +7.7%",
      "severity": "HIGH"
    },
    {
      "quarter": "2025-06 (Q2)",
      "signal": "YoY REVENUE GROWTH ACCELERATION",
      "detail": "YoY growth: +38.4% vs prior quarter YoY: +11.6% (accel: +26.8%)",
      "severity": "HIGH"
    },
    {
      "quarter": "2025-03 (Q1)",
      "signal": "OPERATING LEVERAGE",
      "detail": "Rev growth +24.0% vs OpEx growth +4.8% (leverage: 5.0x)",
      "severity": "MEDIUM"
    },
    {
      "quarter": "2025-03 (Q1)",
      "signal": "YoY REVENUE GROWTH ACCELERATION",
      "detail": "YoY growth: +11.6% vs prior quarter YoY: -15.9% (accel: +27.6%)",
      "severity": "HIGH"
    },
    {
      "quarter": "2024-12 (Q4)",
      "signal": "FCF TURNED POSITIVE",
      "detail": "FCF margin: -1.7% -> +5.5%",
      "severity": "HIGH"
    },
    {
      "quarter": "2024-09 (Q3)",
      "signal": "FCF MARGIN EXPANSION",
      "detail": "FCF margin: -22.9% -> -1.7% (+21.1%)",
      "severity": "MEDIUM"
    },
    {
      "quarter": "2024-03 (Q1)",
      "signal": "FCF TURNED POSITIVE",
      "detail": "FCF margin: -2.3% -> +22.9%",
      "severity": "HIGH"
    }
  ],
  "data_quality": {
    "n_quarters": 9,
    "coverage": {
      "revenue": [
        9,
        9
      ],
      "gross_profit": [
        9,
        9
      ],
      "op_income": [
        0,
        9
      ],
      "fcf": [
        8,
        9
      ]
    },
    "gaps": [],
    "warnings": [
      "op_income: no data"
    ]
  },
  "market_cap": null,
  "source": "SEC EDGAR",
  "last_updated": "2026-02-02T22:41:16.922726"
}