{
  "ticker": "SMHI",
  "name": "SEACOR Marine Holdings Inc.",
  "quarters": [
    {
      "date": "2020-12-31T00:00:00",
      "quarter_label": "2020-12 (Q4)",
      "revenue": 36044000,
      "gross_profit": -965000,
      "operating_income": -16915000,
      "net_income": -38816000,
      "opex": 29668000,
      "cogs": null,
      "rd": null,
      "sga": null,
      "fcf": null,
      "ocf": null,
      "capex": -2500000,
      "gross_margin": -0.026772833203861948,
      "op_margin": -0.46928753745422264,
      "fcf_margin": null
    },
    {
      "date": "2021-03-31T00:00:00",
      "quarter_label": "2021-03 (Q1)",
      "revenue": 36512000,
      "gross_profit": 10205000,
      "operating_income": -16555000,
      "net_income": 6011000,
      "opex": 50794000,
      "cogs": null,
      "rd": null,
      "sga": null,
      "fcf": null,
      "ocf": null,
      "capex": -2724000,
      "gross_margin": 0.2794971516213848,
      "op_margin": -0.45341257668711654,
      "fcf_margin": null,
      "op_leverage_ratio": 0.01823408046418447
    },
    {
      "date": "2021-06-30T00:00:00",
      "quarter_label": "2021-06 (Q2)",
      "revenue": 42799000,
      "gross_profit": 10184000,
      "operating_income": 8358000,
      "net_income": 48800000,
      "opex": 57094000,
      "cogs": null,
      "rd": null,
      "sga": null,
      "fcf": null,
      "ocf": null,
      "capex": -926000,
      "gross_margin": 0.23794948480104675,
      "op_margin": 0.19528493656393842,
      "fcf_margin": null,
      "op_leverage_ratio": 1.3882884252883156
    },
    {
      "date": "2021-09-30T00:00:00",
      "quarter_label": "2021-09 (Q3)",
      "revenue": 43663000,
      "gross_profit": 10215000,
      "operating_income": -14278000,
      "net_income": -5829000,
      "opex": 57997000,
      "cogs": null,
      "rd": null,
      "sga": null,
      "fcf": null,
      "ocf": null,
      "capex": -2910000,
      "gross_margin": 0.23395094244554887,
      "op_margin": -0.32700455763461056,
      "fcf_margin": null,
      "op_leverage_ratio": 1.2763883777518634
    },
    {
      "date": "2021-12-31T00:00:00",
      "quarter_label": "2021-12 (Q4)",
      "revenue": 47967000,
      "gross_profit": 12931000,
      "operating_income": -14673000,
      "net_income": -15846000,
      "opex": 62640000,
      "cogs": null,
      "rd": null,
      "sga": null,
      "fcf": null,
      "ocf": null,
      "capex": -443000,
      "gross_margin": 0.2695811703879751,
      "op_margin": -0.3058978047407593,
      "fcf_margin": null,
      "incr_op_margin_yoy": 0.18803992283821186,
      "rev_growth_yoy": 0.3307901453778715,
      "op_leverage_ratio": 1.2313046980759754
    },
    {
      "date": "2022-03-31T00:00:00",
      "quarter_label": "2022-03 (Q1)",
      "revenue": 45591000,
      "gross_profit": 6095000,
      "operating_income": -17121000,
      "net_income": -14837000,
      "opex": 64851000,
      "cogs": null,
      "rd": null,
      "sga": null,
      "fcf": 1095000,
      "ocf": 1115000,
      "capex": -20000,
      "gross_margin": 0.13368866662279835,
      "op_margin": -0.37553464499572287,
      "fcf_margin": 0.024017898269395276,
      "incr_op_margin_yoy": -0.06234166758453574,
      "rev_growth_yoy": 0.2486579754601227,
      "rev_growth_yoy_accel": -0.0821321699177488
    },
    {
      "date": "2022-06-30T00:00:00",
      "quarter_label": "2022-06 (Q2)",
      "revenue": 54017000,
      "gross_profit": 9872000,
      "operating_income": -15529000,
      "net_income": -19120000,
      "opex": 69571000,
      "cogs": null,
      "rd": null,
      "sga": null,
      "fcf": -6235000,
      "ocf": -6218000,
      "capex": -17000,
      "gross_margin": 0.1827572801155192,
      "op_margin": -0.28748356998722624,
      "fcf_margin": -0.11542662495140418,
      "incr_op_margin_yoy": -2.1293456944196825,
      "rev_growth_yoy": 0.26210892777868644,
      "rev_growth_yoy_accel": 0.013450952318563747,
      "op_leverage_ratio": 2.5393175559850687,
      "fcf_margin_change": -0.13944452322079945
    },
    {
      "date": "2022-09-30T00:00:00",
      "quarter_label": "2022-09 (Q3)",
      "revenue": 59791000,
      "gross_profit": 15785000,
      "operating_income": -10898000,
      "net_income": -24351000,
      "opex": 68906000,
      "cogs": null,
      "rd": null,
      "sga": null,
      "fcf": -6977000,
      "ocf": -6737000,
      "capex": -240000,
      "gross_margin": 0.26400294358682747,
      "op_margin": -0.18226823434965128,
      "fcf_margin": -0.11668980281313242,
      "incr_op_margin_yoy": 0.2095734126984127,
      "rev_growth_yoy": 0.3693745276320912,
      "rev_growth_yoy_accel": 0.10726559985340478,
      "op_leverage_ratio": Infinity,
      "fcf_margin_change": -0.0012631778617282347
    },
    {
      "date": "2022-12-31T00:00:00",
      "quarter_label": "2022-12 (Q4)",
      "revenue": 57926000,
      "gross_profit": 13588000,
      "operating_income": -10451000,
      "net_income": -13342000,
      "opex": 69394000,
      "cogs": null,
      "rd": null,
      "sga": null,
      "fcf": -2961000,
      "ocf": -2776000,
      "capex": -185000,
      "gross_margin": 0.23457514760211304,
      "op_margin": -0.1804198460104271,
      "fcf_margin": -0.05111694230570037,
      "incr_op_margin_yoy": 0.42393814640024097,
      "rev_growth_yoy": 0.20762190672754186,
      "rev_growth_yoy_accel": -0.16175262090454937,
      "fcf_margin_change": 0.06557286050743205
    },
    {
      "date": "2023-03-31T00:00:00",
      "quarter_label": "2023-03 (Q1)",
      "revenue": 59973000,
      "gross_profit": 22700000,
      "operating_income": 185000,
      "net_income": -9589000,
      "opex": 63387000,
      "cogs": null,
      "rd": null,
      "sga": null,
      "fcf": -1022000,
      "ocf": -552000,
      "capex": -470000,
      "gross_margin": 0.3785036599803245,
      "op_margin": 0.0030847214579894284,
      "fcf_margin": -0.017041001784136194,
      "incr_op_margin_yoy": 1.2033096926713949,
      "rev_growth_yoy": 0.3154569980917286,
      "rev_growth_yoy_accel": 0.10783509136418676,
      "op_leverage_ratio": Infinity,
      "fcf_margin_change": 0.03407594052156418
    },
    {
      "date": "2023-06-30T00:00:00",
      "quarter_label": "2023-06 (Q2)",
      "revenue": 66891000,
      "gross_profit": 30589000,
      "operating_income": 2877000,
      "net_income": -4571000,
      "opex": 64279000,
      "cogs": null,
      "rd": null,
      "sga": null,
      "fcf": 3848000,
      "ocf": 3883000,
      "capex": -35000,
      "gross_margin": 0.4572961982927449,
      "op_margin": 0.0430102704399695,
      "fcf_margin": 0.05752642358463769,
      "incr_op_margin_yoy": 1.429703277924499,
      "rev_growth_yoy": 0.2383323768443268,
      "rev_growth_yoy_accel": -0.07712462124740183,
      "op_leverage_ratio": 8.1970979990323,
      "fcf_margin_change": 0.07456742536877389
    },
    {
      "date": "2023-09-30T00:00:00",
      "quarter_label": "2023-09 (Q3)",
      "revenue": 75574000,
      "gross_profit": 36758000,
      "operating_income": 9833000,
      "net_income": -883000,
      "opex": 65229000,
      "cogs": null,
      "rd": null,
      "sga": null,
      "fcf": 644000,
      "ocf": 7099000,
      "capex": -6455000,
      "gross_margin": 0.4863842062084844,
      "op_margin": 0.13011088469579485,
      "fcf_margin": 0.008521449175642416,
      "incr_op_margin_yoy": 1.3135018690996643,
      "rev_growth_yoy": 0.2639694937365155,
      "rev_growth_yoy_accel": 0.025637116892188727,
      "op_leverage_ratio": 8.783095782691243,
      "fcf_margin_change": -0.049004974408995275
    },
    {
      "date": "2023-12-31T00:00:00",
      "quarter_label": "2023-12 (Q4)",
      "revenue": 77073000,
      "gross_profit": 29814000,
      "operating_income": 22623000,
      "net_income": 5729000,
      "opex": 72507000,
      "cogs": null,
      "rd": null,
      "sga": null,
      "fcf": -5127000,
      "ocf": -1483000,
      "capex": -3644000,
      "gross_margin": 0.3868280720875015,
      "op_margin": 0.2935269160406368,
      "fcf_margin": -0.0665213498890662,
      "incr_op_margin_yoy": 1.727372434323915,
      "rev_growth_yoy": 0.3305424161861686,
      "rev_growth_yoy_accel": 0.06657292244965307,
      "op_leverage_ratio": 0.17776976278563722,
      "fcf_margin_change": -0.07504279906470862
    },
    {
      "date": "2024-03-31T00:00:00",
      "quarter_label": "2024-03 (Q1)",
      "revenue": 62770000,
      "gross_profit": 14671000,
      "operating_income": -10610000,
      "net_income": null,
      "opex": 73379000,
      "cogs": null,
      "rd": null,
      "sga": null,
      "fcf": -10585000,
      "ocf": -7169000,
      "capex": -3416000,
      "gross_margin": 0.23372630237374542,
      "op_margin": -0.1690297913015772,
      "fcf_margin": -0.1686315118687271,
      "incr_op_margin_yoy": -3.8594923131927064,
      "rev_growth_yoy": 0.04663765361079152,
      "rev_growth_yoy_accel": -0.28390476257537706,
      "fcf_margin_change": -0.1021101619796609
    },
    {
      "date": "2024-06-30T00:00:00",
      "quarter_label": "2024-06 (Q2)",
      "revenue": 69867000,
      "gross_profit": 20347000,
      "operating_income": -3930000,
      "net_income": null,
      "opex": 73834000,
      "cogs": null,
      "rd": null,
      "sga": null,
      "fcf": -12905000,
      "ocf": -12247000,
      "capex": -658000,
      "gross_margin": 0.29122475560708205,
      "op_margin": -0.056249731632959765,
      "fcf_margin": -0.18470808822476992,
      "incr_op_margin_yoy": -2.287298387096774,
      "rev_growth_yoy": 0.04449029017356595,
      "rev_growth_yoy_accel": -0.0021473634372255745,
      "op_leverage_ratio": 18.234046956707463,
      "fcf_margin_change": -0.016076576356042815
    },
    {
      "date": "2024-09-30T00:00:00",
      "quarter_label": "2024-09 (Q3)",
      "revenue": 68916000,
      "gross_profit": 16009000,
      "operating_income": -6481000,
      "net_income": null,
      "opex": 77218000,
      "cogs": null,
      "rd": null,
      "sga": null,
      "fcf": 416000,
      "ocf": 626000,
      "capex": -210000,
      "gross_margin": 0.23229728945382785,
      "op_margin": -0.09404202217191944,
      "fcf_margin": 0.006036334087875094,
      "incr_op_margin_yoy": 2.450285370982277,
      "rev_growth_yoy": -0.08809908169476274,
      "rev_growth_yoy_accel": -0.1325893718683287,
      "fcf_margin_change": 0.19074442231264502
    },
    {
      "date": "2024-12-31T00:00:00",
      "quarter_label": "2024-12 (Q4)",
      "revenue": 69808000,
      "gross_profit": 23082000,
      "operating_income": 10592000,
      "net_income": null,
      "opex": 70840000,
      "cogs": null,
      "rd": null,
      "sga": null,
      "fcf": 5518000,
      "ocf": 8528000,
      "capex": -3010000,
      "gross_margin": 0.3306497822599129,
      "op_margin": 0.15173046069218427,
      "fcf_margin": 0.07904538161815265,
      "incr_op_margin_yoy": 1.6560220233998624,
      "rev_growth_yoy": -0.09426128475601053,
      "rev_growth_yoy_accel": -0.00616220306124779,
      "op_leverage_ratio": Infinity,
      "fcf_margin_change": 0.07300904753027755
    },
    {
      "date": "2025-03-31T00:00:00",
      "quarter_label": "2025-03 (Q1)",
      "revenue": 55499000,
      "gross_profit": 13571000,
      "operating_income": -5253000,
      "net_income": null,
      "opex": 66561000,
      "cogs": null,
      "rd": null,
      "sga": null,
      "fcf": -32261000,
      "ocf": -11466000,
      "capex": -20795000,
      "gross_margin": 0.24452692841312457,
      "op_margin": -0.09465035406043353,
      "fcf_margin": -0.5812897529685219,
      "incr_op_margin_yoy": -0.7367624810892587,
      "rev_growth_yoy": -0.11583559025011948,
      "rev_growth_yoy_accel": -0.02157430549410895,
      "fcf_margin_change": -0.6603351345866746
    },
    {
      "date": "2025-06-30T00:00:00",
      "quarter_label": "2025-06 (Q2)",
      "revenue": 60810000,
      "gross_profit": 11317000,
      "operating_income": 6067000,
      "net_income": null,
      "opex": 73906000,
      "cogs": null,
      "rd": null,
      "sga": null,
      "fcf": -12290000,
      "ocf": -2077000,
      "capex": -10213000,
      "gross_margin": 0.18610425916790002,
      "op_margin": 0.09976977470810722,
      "fcf_margin": -0.2021049169544483,
      "incr_op_margin_yoy": -1.103787125979905,
      "rev_growth_yoy": -0.1296320151144317,
      "rev_growth_yoy_accel": -0.01379642486431222,
      "op_leverage_ratio": 0.8671998248062681,
      "fcf_margin_change": 0.3791848360140736
    },
    {
      "date": "2025-09-30T00:00:00",
      "quarter_label": "2025-09 (Q3)",
      "revenue": 59194000,
      "gross_profit": 11510000,
      "operating_income": 18066000,
      "net_income": null,
      "opex": 71358000,
      "cogs": null,
      "rd": null,
      "sga": null,
      "fcf": -20007000,
      "ocf": -10659000,
      "capex": -9348000,
      "gross_margin": 0.19444538297800454,
      "op_margin": 0.3051998513362841,
      "fcf_margin": -0.3379903368584654,
      "incr_op_margin_yoy": -2.524891997531372,
      "rev_growth_yoy": -0.1410702884671194,
      "rev_growth_yoy_accel": -0.011438273352687683,
      "fcf_margin_change": -0.13588541990401712
    }
  ],
  "signals": [
    {
      "quarter": "2025-09 (Q3)",
      "signal": "OP MARGIN TURNED POSITIVE (YoY)",
      "detail": "Op margin: -9.4% (year-ago) -> +30.5%",
      "severity": "HIGH"
    },
    {
      "quarter": "2025-06 (Q2)",
      "signal": "FCF MARGIN EXPANSION",
      "detail": "FCF margin: -58.1% -> -20.2% (+37.9%)",
      "severity": "MEDIUM"
    },
    {
      "quarter": "2025-06 (Q2)",
      "signal": "OP MARGIN TURNED POSITIVE (YoY)",
      "detail": "Op margin: -5.6% (year-ago) -> +10.0%",
      "severity": "HIGH"
    },
    {
      "quarter": "2025-06 (Q2)",
      "signal": "OP MARGIN TURNED POSITIVE (QoQ)",
      "detail": "Op margin: -9.5% -> +10.0%",
      "severity": "HIGH"
    },
    {
      "quarter": "2024-12 (Q4)",
      "signal": "FCF MARGIN EXPANSION",
      "detail": "FCF margin: +0.6% -> +7.9% (+7.3%)",
      "severity": "MEDIUM"
    },
    {
      "quarter": "2024-12 (Q4)",
      "signal": "GROSS MARGIN INFLECTION",
      "detail": "GM: +29.1% -> +23.2% -> +33.1% (reversal +9.8%)",
      "severity": "HIGH"
    },
    {
      "quarter": "2024-12 (Q4)",
      "signal": "INCREMENTAL MARGIN (YoY)",
      "detail": "YoY Incr OPM: +165.6% vs year-ago OPM: +29.4%",
      "severity": "HIGH"
    },
    {
      "quarter": "2024-12 (Q4)",
      "signal": "OP MARGIN TURNED POSITIVE (QoQ)",
      "detail": "Op margin: -9.4% -> +15.2%",
      "severity": "HIGH"
    },
    {
      "quarter": "2024-09 (Q3)",
      "signal": "FCF TURNED POSITIVE",
      "detail": "FCF margin: -18.5% -> +0.6%",
      "severity": "HIGH"
    },
    {
      "quarter": "2024-09 (Q3)",
      "signal": "YoY REVENUE GROWTH DECELERATION",
      "detail": "YoY growth: -8.8% vs prior quarter YoY: +4.4% (decel: -13.3%)",
      "severity": "WARNING"
    },
    {
      "quarter": "2024-06 (Q2)",
      "signal": "OPERATING LEVERAGE",
      "detail": "Rev growth +11.3% vs OpEx growth +0.6% (leverage: 18.2x)",
      "severity": "MEDIUM"
    },
    {
      "quarter": "2024-06 (Q2)",
      "signal": "GROSS MARGIN INFLECTION",
      "detail": "GM: +38.7% -> +23.4% -> +29.1% (reversal +5.7%)",
      "severity": "HIGH"
    },
    {
      "quarter": "2024-03 (Q1)",
      "signal": "YoY REVENUE GROWTH DECELERATION",
      "detail": "YoY growth: +4.7% vs prior quarter YoY: +33.1% (decel: -28.4%)",
      "severity": "WARNING"
    },
    {
      "quarter": "2023-12 (Q4)",
      "signal": "YoY REVENUE GROWTH ACCELERATION",
      "detail": "YoY growth: +33.1% vs prior quarter YoY: +26.4% (accel: +6.7%)",
      "severity": "MEDIUM"
    },
    {
      "quarter": "2023-12 (Q4)",
      "signal": "OP MARGIN TURNED POSITIVE (YoY)",
      "detail": "Op margin: -18.0% (year-ago) -> +29.4%",
      "severity": "HIGH"
    },
    {
      "quarter": "2023-09 (Q3)",
      "signal": "OPERATING LEVERAGE",
      "detail": "Rev growth +13.0% vs OpEx growth +1.5% (leverage: 8.8x)",
      "severity": "MEDIUM"
    },
    {
      "quarter": "2023-09 (Q3)",
      "signal": "OP MARGIN TURNED POSITIVE (YoY)",
      "detail": "Op margin: -18.2% (year-ago) -> +13.0%",
      "severity": "HIGH"
    },
    {
      "quarter": "2023-06 (Q2)",
      "signal": "FCF TURNED POSITIVE",
      "detail": "FCF margin: -1.7% -> +5.8%",
      "severity": "HIGH"
    },
    {
      "quarter": "2023-06 (Q2)",
      "signal": "OPERATING LEVERAGE",
      "detail": "Rev growth +11.5% vs OpEx growth +1.4% (leverage: 8.2x)",
      "severity": "MEDIUM"
    },
    {
      "quarter": "2023-06 (Q2)",
      "signal": "YoY REVENUE GROWTH DECELERATION",
      "detail": "YoY growth: +23.8% vs prior quarter YoY: +31.5% (decel: -7.7%)",
      "severity": "WARNING"
    },
    {
      "quarter": "2023-06 (Q2)",
      "signal": "OP MARGIN TURNED POSITIVE (YoY)",
      "detail": "Op margin: -28.7% (year-ago) -> +4.3%",
      "severity": "HIGH"
    },
    {
      "quarter": "2023-03 (Q1)",
      "signal": "GROSS MARGIN INFLECTION",
      "detail": "GM: +26.4% -> +23.5% -> +37.9% (reversal +14.4%)",
      "severity": "HIGH"
    },
    {
      "quarter": "2023-03 (Q1)",
      "signal": "YoY REVENUE GROWTH ACCELERATION",
      "detail": "YoY growth: +31.5% vs prior quarter YoY: +20.8% (accel: +10.8%)",
      "severity": "MEDIUM"
    },
    {
      "quarter": "2023-03 (Q1)",
      "signal": "OP MARGIN TURNED POSITIVE (YoY)",
      "detail": "Op margin: -37.6% (year-ago) -> +0.3%",
      "severity": "HIGH"
    },
    {
      "quarter": "2023-03 (Q1)",
      "signal": "OP MARGIN TURNED POSITIVE (QoQ)",
      "detail": "Op margin: -18.0% -> +0.3%",
      "severity": "HIGH"
    },
    {
      "quarter": "2022-12 (Q4)",
      "signal": "FCF MARGIN EXPANSION",
      "detail": "FCF margin: -11.7% -> -5.1% (+6.6%)",
      "severity": "MEDIUM"
    },
    {
      "quarter": "2022-12 (Q4)",
      "signal": "YoY REVENUE GROWTH DECELERATION",
      "detail": "YoY growth: +20.8% vs prior quarter YoY: +36.9% (decel: -16.2%)",
      "severity": "WARNING"
    },
    {
      "quarter": "2022-09 (Q3)",
      "signal": "YoY REVENUE GROWTH ACCELERATION",
      "detail": "YoY growth: +36.9% vs prior quarter YoY: +26.2% (accel: +10.7%)",
      "severity": "MEDIUM"
    },
    {
      "quarter": "2022-06 (Q2)",
      "signal": "OPERATING LEVERAGE",
      "detail": "Rev growth +18.5% vs OpEx growth +7.3% (leverage: 2.5x)",
      "severity": "MEDIUM"
    },
    {
      "quarter": "2022-06 (Q2)",
      "signal": "GROSS MARGIN INFLECTION",
      "detail": "GM: +27.0% -> +13.4% -> +18.3% (reversal +4.9%)",
      "severity": "MEDIUM"
    },
    {
      "quarter": "2022-03 (Q1)",
      "signal": "YoY REVENUE GROWTH DECELERATION",
      "detail": "YoY growth: +24.9% vs prior quarter YoY: +33.1% (decel: -8.2%)",
      "severity": "WARNING"
    },
    {
      "quarter": "2021-12 (Q4)",
      "signal": "GROSS MARGIN INFLECTION",
      "detail": "GM: +23.8% -> +23.4% -> +27.0% (reversal +3.6%)",
      "severity": "MEDIUM"
    },
    {
      "quarter": "2021-06 (Q2)",
      "signal": "OP MARGIN TURNED POSITIVE (QoQ)",
      "detail": "Op margin: -45.3% -> +19.5%",
      "severity": "HIGH"
    }
  ],
  "data_quality": {
    "n_quarters": 20,
    "coverage": {
      "revenue": [
        20,
        20
      ],
      "gross_profit": [
        20,
        20
      ],
      "op_income": [
        20,
        20
      ],
      "fcf": [
        15,
        20
      ]
    },
    "gaps": [],
    "warnings": [
      "fcf: 15/20Q"
    ]
  },
  "market_cap": null,
  "source": "SEC EDGAR",
  "last_updated": "2026-02-02T23:04:10.378131"
}