{
  "ticker": "SNA",
  "name": "Snap-on Inc",
  "sector": "Industrials",
  "industry": "Tools & Accessories",
  "quarters": [
    {
      "date": "2021-04-03T00:00:00",
      "quarter_label": "2021-04 (Q2)",
      "revenue": 1113200000,
      "gross_profit": null,
      "operating_income": 266200000,
      "net_income": 192600000,
      "opex": null,
      "cogs": null,
      "rd": null,
      "sga": null,
      "fcf": 319300000,
      "ocf": 319300000,
      "capex": null,
      "gross_margin": null,
      "op_margin": 0.2391304347826087,
      "fcf_margin": 0.2868307581746317
    },
    {
      "date": "2021-07-03T00:00:00",
      "quarter_label": "2021-07 (Q3)",
      "revenue": 1168300000,
      "gross_profit": null,
      "operating_income": 286000000,
      "net_income": 208000000,
      "opex": null,
      "cogs": null,
      "rd": null,
      "sga": null,
      "fcf": 238200000,
      "ocf": 238200000,
      "capex": null,
      "gross_margin": null,
      "op_margin": 0.24480013695112557,
      "fcf_margin": 0.2038859881879654,
      "fcf_margin_change": -0.0829447699866663
    },
    {
      "date": "2021-10-02T00:00:00",
      "quarter_label": "2021-10 (Q4)",
      "revenue": 1125000000,
      "gross_profit": null,
      "operating_income": 271900000,
      "net_income": 196200000,
      "opex": null,
      "cogs": null,
      "rd": null,
      "sga": null,
      "fcf": 186400000,
      "ocf": 186400000,
      "capex": null,
      "gross_margin": null,
      "op_margin": 0.2416888888888889,
      "fcf_margin": 0.16568888888888889,
      "fcf_margin_change": -0.038197099299076526
    },
    {
      "date": "2022-01-01T00:00:00",
      "quarter_label": "2022-01 (Q1)",
      "revenue": 1195200000,
      "gross_profit": null,
      "operating_income": 299400000,
      "net_income": 223700000,
      "opex": null,
      "cogs": null,
      "rd": null,
      "sga": null,
      "fcf": 222700000,
      "ocf": 222700000,
      "capex": null,
      "gross_margin": null,
      "op_margin": 0.2505020080321285,
      "fcf_margin": 0.18632864792503348,
      "fcf_margin_change": 0.020639759036144595
    },
    {
      "date": "2022-04-02T00:00:00",
      "quarter_label": "2022-04 (Q2)",
      "revenue": 1185500000,
      "gross_profit": null,
      "operating_income": 293500000,
      "net_income": 217400000,
      "opex": null,
      "cogs": null,
      "rd": null,
      "sga": null,
      "fcf": 193900000,
      "ocf": 193900000,
      "capex": null,
      "gross_margin": null,
      "op_margin": 0.247574862927035,
      "fcf_margin": 0.1635596794601434,
      "incr_op_margin_yoy": 0.3775933609958506,
      "rev_growth_yoy": 0.06494789795185052,
      "fcf_margin_change": -0.02276896846489007
    },
    {
      "date": "2022-07-02T00:00:00",
      "quarter_label": "2022-07 (Q3)",
      "revenue": 1223000000,
      "gross_profit": null,
      "operating_income": 311900000,
      "net_income": 231500000,
      "opex": null,
      "cogs": null,
      "rd": null,
      "sga": null,
      "fcf": 140800000,
      "ocf": 140800000,
      "capex": null,
      "gross_margin": null,
      "op_margin": 0.25502861815208505,
      "fcf_margin": 0.11512673753066231,
      "incr_op_margin_yoy": 0.473491773308958,
      "rev_growth_yoy": 0.04682016605323975,
      "rev_growth_yoy_accel": -0.01812773189861077,
      "fcf_margin_change": -0.048432941929481096
    },
    {
      "date": "2022-10-01T00:00:00",
      "quarter_label": "2022-10 (Q4)",
      "revenue": 1189800000,
      "gross_profit": null,
      "operating_income": 289900000,
      "net_income": 223900000,
      "opex": null,
      "cogs": null,
      "rd": null,
      "sga": null,
      "fcf": 129900000,
      "ocf": 129900000,
      "capex": null,
      "gross_margin": null,
      "op_margin": 0.24365439569675576,
      "fcf_margin": 0.1091780131114473,
      "incr_op_margin_yoy": 0.2777777777777778,
      "rev_growth_yoy": 0.0576,
      "rev_growth_yoy_accel": 0.01077983394676025,
      "fcf_margin_change": -0.005948724419215012
    },
    {
      "date": "2022-12-31T00:00:00",
      "quarter_label": "2022-12 (Q4)",
      "revenue": 1244200000,
      "gross_profit": null,
      "operating_income": 311900000,
      "net_income": 238900000,
      "opex": null,
      "cogs": null,
      "rd": null,
      "sga": null,
      "fcf": 210600000,
      "ocf": 210600000,
      "capex": null,
      "gross_margin": null,
      "op_margin": 0.25068316990837486,
      "fcf_margin": 0.16926539141617103,
      "incr_op_margin_yoy": 0.25510204081632654,
      "rev_growth_yoy": 0.04099732262382865,
      "rev_growth_yoy_accel": -0.016602677376171347,
      "fcf_margin_change": 0.06008737830472373
    },
    {
      "date": "2023-04-01T00:00:00",
      "quarter_label": "2023-04 (Q2)",
      "revenue": 1275600000,
      "gross_profit": null,
      "operating_income": 326100000,
      "net_income": 248700000,
      "opex": null,
      "cogs": null,
      "rd": null,
      "sga": null,
      "fcf": 301600000,
      "ocf": 301600000,
      "capex": null,
      "gross_margin": null,
      "op_margin": 0.2556444026340546,
      "fcf_margin": 0.23643775478206333,
      "incr_op_margin_yoy": 0.36182019977802443,
      "rev_growth_yoy": 0.07600168705187685,
      "rev_growth_yoy_accel": 0.0350043644280482,
      "fcf_margin_change": 0.0671723633658923
    },
    {
      "date": "2023-07-01T00:00:00",
      "quarter_label": "2023-07 (Q3)",
      "revenue": 1284700000,
      "gross_profit": null,
      "operating_income": 343900000,
      "net_income": 264000000,
      "opex": null,
      "cogs": null,
      "rd": null,
      "sga": null,
      "fcf": 270300000,
      "ocf": 270300000,
      "capex": null,
      "gross_margin": null,
      "op_margin": 0.26768895461975556,
      "fcf_margin": 0.21039931501517864,
      "incr_op_margin_yoy": 0.5186385737439222,
      "rev_growth_yoy": 0.05044971381847915,
      "rev_growth_yoy_accel": -0.025551973233397696,
      "fcf_margin_change": -0.02603843976688469
    },
    {
      "date": "2023-09-30T00:00:00",
      "quarter_label": "2023-09 (Q3)",
      "revenue": 1254200000,
      "gross_profit": null,
      "operating_income": 314600000,
      "net_income": 243100000,
      "opex": null,
      "cogs": null,
      "rd": null,
      "sga": null,
      "fcf": 285400000,
      "ocf": 285400000,
      "capex": null,
      "gross_margin": null,
      "op_margin": 0.2508371870515069,
      "fcf_margin": 0.22755541380959973,
      "incr_op_margin_yoy": 0.38354037267080743,
      "rev_growth_yoy": 0.05412674399058665,
      "rev_growth_yoy_accel": 0.0036770301721074997,
      "fcf_margin_change": 0.017156098794421093
    },
    {
      "date": "2023-12-30T00:00:00",
      "quarter_label": "2023-12 (Q4)",
      "revenue": 1293800000,
      "gross_profit": null,
      "operating_income": 325800000,
      "net_income": 255300000,
      "opex": null,
      "cogs": null,
      "rd": null,
      "sga": null,
      "fcf": 296900000,
      "ocf": 296900000,
      "capex": null,
      "gross_margin": null,
      "op_margin": 0.2518163549234812,
      "fcf_margin": 0.2294790539496058,
      "incr_op_margin_yoy": 0.28024193548387094,
      "rev_growth_yoy": 0.03986497347693297,
      "rev_growth_yoy_accel": -0.014261770513653682,
      "fcf_margin_change": 0.0019236401400060665
    },
    {
      "date": "2024-03-30T00:00:00",
      "quarter_label": "2024-03 (Q1)",
      "revenue": 1281900000,
      "gross_profit": null,
      "operating_income": 339200000,
      "net_income": 263500000,
      "opex": null,
      "cogs": null,
      "rd": null,
      "sga": null,
      "fcf": 348700000,
      "ocf": 348700000,
      "capex": null,
      "gross_margin": null,
      "op_margin": 0.264607223652391,
      "fcf_margin": 0.27201809813558,
      "incr_op_margin_yoy": 2.0793650793650795,
      "rev_growth_yoy": 0.004938852304797742,
      "rev_growth_yoy_accel": -0.03492612117213523,
      "fcf_margin_change": 0.04253904418597418
    },
    {
      "date": "2024-06-29T00:00:00",
      "quarter_label": "2024-06 (Q2)",
      "revenue": 1279900000,
      "gross_profit": null,
      "operating_income": 350500000,
      "net_income": 271200000,
      "opex": null,
      "cogs": null,
      "rd": null,
      "sga": null,
      "fcf": 301100000,
      "ocf": 301100000,
      "capex": null,
      "gross_margin": null,
      "op_margin": 0.27384951949371045,
      "fcf_margin": 0.23525275412141575,
      "incr_op_margin_yoy": -1.375,
      "rev_growth_yoy": -0.003736280843776757,
      "rev_growth_yoy_accel": -0.0086751331485745,
      "fcf_margin_change": -0.03676534401416423
    },
    {
      "date": "2024-09-28T00:00:00",
      "quarter_label": "2024-09 (Q3)",
      "revenue": 1247400000,
      "gross_profit": null,
      "operating_income": 324100000,
      "net_income": 251100000,
      "opex": null,
      "cogs": null,
      "rd": null,
      "sga": null,
      "fcf": 274200000,
      "ocf": 274200000,
      "capex": null,
      "gross_margin": null,
      "op_margin": 0.25982042648709314,
      "fcf_margin": 0.21981721981721983,
      "incr_op_margin_yoy": -1.3970588235294117,
      "rev_growth_yoy": -0.005421782809759209,
      "rev_growth_yoy_accel": -0.0016855019659824523,
      "fcf_margin_change": -0.01543553430419592
    },
    {
      "date": "2024-12-28T00:00:00",
      "quarter_label": "2024-12 (Q4)",
      "revenue": 1299200000,
      "gross_profit": null,
      "operating_income": 331900000,
      "net_income": 258100000,
      "opex": null,
      "cogs": null,
      "rd": null,
      "sga": null,
      "fcf": 293500000,
      "ocf": 293500000,
      "capex": null,
      "gross_margin": null,
      "op_margin": 0.2554649014778325,
      "fcf_margin": 0.2259082512315271,
      "incr_op_margin_yoy": 1.1296296296296295,
      "rev_growth_yoy": 0.0041737517390632245,
      "rev_growth_yoy_accel": 0.009595534548822435,
      "fcf_margin_change": 0.00609103141430728
    },
    {
      "date": "2025-03-29T00:00:00",
      "quarter_label": "2025-03 (Q1)",
      "revenue": 1243200000,
      "gross_profit": null,
      "operating_income": 313400000,
      "net_income": 240500000,
      "opex": null,
      "cogs": null,
      "rd": null,
      "sga": null,
      "fcf": 298500000,
      "ocf": 298500000,
      "capex": null,
      "gross_margin": null,
      "op_margin": 0.2520913770913771,
      "fcf_margin": 0.2401061776061776,
      "incr_op_margin_yoy": 0.6666666666666666,
      "rev_growth_yoy": -0.030189562368359468,
      "rev_growth_yoy_accel": -0.034363314107422695,
      "fcf_margin_change": 0.014197926374650505
    },
    {
      "date": "2025-06-28T00:00:00",
      "quarter_label": "2025-06 (Q2)",
      "revenue": 1281100000,
      "gross_profit": null,
      "operating_income": 327300000,
      "net_income": 250300000,
      "opex": null,
      "cogs": null,
      "rd": null,
      "sga": null,
      "fcf": 237200000,
      "ocf": 237200000,
      "capex": null,
      "gross_margin": null,
      "op_margin": 0.25548356880805556,
      "fcf_margin": 0.1851533838107876,
      "incr_op_margin_yoy": -19.333333333333332,
      "rev_growth_yoy": 0.000937573247909993,
      "rev_growth_yoy_accel": 0.03112713561626946,
      "fcf_margin_change": -0.054952793795390004
    },
    {
      "date": "2025-09-27T00:00:00",
      "quarter_label": "2025-09 (Q3)",
      "revenue": 1291900000,
      "gross_profit": null,
      "operating_income": 347400000,
      "net_income": 265400000,
      "opex": null,
      "cogs": null,
      "rd": null,
      "sga": null,
      "fcf": 277900000,
      "ocf": 277900000,
      "capex": null,
      "gross_margin": null,
      "op_margin": 0.26890626209458934,
      "fcf_margin": 0.21510952860128493,
      "incr_op_margin_yoy": 0.5235955056179775,
      "rev_growth_yoy": 0.03567420234086901,
      "rev_growth_yoy_accel": 0.034736629092959014,
      "fcf_margin_change": 0.029956144790497324
    },
    {
      "date": "2026-01-03T00:00:00",
      "quarter_label": "2026-01 (Q1)",
      "revenue": 1339900000,
      "gross_profit": null,
      "operating_income": 339600000,
      "net_income": 260700000,
      "opex": null,
      "cogs": null,
      "rd": null,
      "sga": null,
      "fcf": 268100000,
      "ocf": 268100000,
      "capex": null,
      "gross_margin": null,
      "op_margin": 0.2534517501306068,
      "fcf_margin": 0.20008955892230765,
      "incr_op_margin_yoy": 0.1891891891891892,
      "rev_growth_yoy": 0.031326970443349755,
      "rev_growth_yoy_accel": -0.004347231897519253,
      "fcf_margin_change": -0.015019969678977285
    }
  ],
  "signals": [
    {
      "quarter": "2025-09 (Q3)",
      "signal": "INCREMENTAL MARGIN (YoY)",
      "detail": "YoY Incr OPM: +52.4% vs year-ago OPM: +26.0%",
      "severity": "HIGH"
    },
    {
      "quarter": "2025-03 (Q1)",
      "signal": "INCREMENTAL MARGIN (YoY)",
      "detail": "YoY Incr OPM: +66.7% vs year-ago OPM: +26.5%",
      "severity": "HIGH"
    },
    {
      "quarter": "2024-12 (Q4)",
      "signal": "INCREMENTAL MARGIN (YoY)",
      "detail": "YoY Incr OPM: +113.0% vs year-ago OPM: +25.2%",
      "severity": "HIGH"
    },
    {
      "quarter": "2024-03 (Q1)",
      "signal": "INCREMENTAL MARGIN (YoY)",
      "detail": "YoY Incr OPM: +207.9% vs year-ago OPM: +25.6%",
      "severity": "HIGH"
    },
    {
      "quarter": "2023-09 (Q3)",
      "signal": "INCREMENTAL MARGIN (YoY)",
      "detail": "YoY Incr OPM: +38.4% vs year-ago OPM: +24.4%",
      "severity": "MEDIUM"
    },
    {
      "quarter": "2023-07 (Q3)",
      "signal": "INCREMENTAL MARGIN (YoY)",
      "detail": "YoY Incr OPM: +51.9% vs year-ago OPM: +25.5%",
      "severity": "HIGH"
    },
    {
      "quarter": "2023-04 (Q2)",
      "signal": "FCF MARGIN EXPANSION",
      "detail": "FCF margin: +16.9% -> +23.6% (+6.7%)",
      "severity": "MEDIUM"
    },
    {
      "quarter": "2023-04 (Q2)",
      "signal": "INCREMENTAL MARGIN (YoY)",
      "detail": "YoY Incr OPM: +36.2% vs year-ago OPM: +24.8%",
      "severity": "MEDIUM"
    },
    {
      "quarter": "2022-12 (Q4)",
      "signal": "FCF MARGIN EXPANSION",
      "detail": "FCF margin: +10.9% -> +16.9% (+6.0%)",
      "severity": "MEDIUM"
    },
    {
      "quarter": "2022-07 (Q3)",
      "signal": "INCREMENTAL MARGIN (YoY)",
      "detail": "YoY Incr OPM: +47.3% vs year-ago OPM: +24.5%",
      "severity": "HIGH"
    },
    {
      "quarter": "2022-04 (Q2)",
      "signal": "INCREMENTAL MARGIN (YoY)",
      "detail": "YoY Incr OPM: +37.8% vs year-ago OPM: +23.9%",
      "severity": "MEDIUM"
    }
  ],
  "data_quality": {
    "n_quarters": 20,
    "coverage": {
      "revenue": [
        20,
        20
      ],
      "gross_profit": [
        0,
        20
      ],
      "op_income": [
        20,
        20
      ],
      "fcf": [
        20,
        20
      ]
    },
    "gaps": [],
    "warnings": [
      "gross_profit: no data"
    ]
  },
  "market_cap": null,
  "source": "SEC EDGAR",
  "last_updated": "2026-02-13T11:38:54.563253"
}