{
  "ticker": "SNCY",
  "name": "Sun Country Airlines Holdings, Inc.",
  "sector": "Industrials",
  "industry": "Airlines",
  "quarters": [
    {
      "date": "2021-03-31T00:00:00",
      "quarter_label": "2021-03 (Q1)",
      "revenue": 127611000,
      "gross_profit": null,
      "operating_income": 24933000,
      "net_income": 12416000,
      "opex": 102678000,
      "cogs": null,
      "rd": null,
      "sga": null,
      "fcf": -38560000,
      "ocf": 15839000,
      "capex": -54399000,
      "gross_margin": null,
      "op_margin": 0.1953828431718269,
      "fcf_margin": -0.3021683083746699
    },
    {
      "date": "2021-06-30T00:00:00",
      "quarter_label": "2021-06 (Q2)",
      "revenue": 149189000,
      "gross_profit": null,
      "operating_income": 49238000,
      "net_income": 51753000,
      "opex": 99400000,
      "cogs": null,
      "rd": null,
      "sga": null,
      "fcf": 61665000,
      "ocf": 80965000,
      "capex": -19300000,
      "gross_margin": null,
      "op_margin": 0.33003773736669595,
      "fcf_margin": 0.4133347632868375,
      "op_leverage_ratio": null,
      "fcf_margin_change": 0.7155030716615074
    },
    {
      "date": "2021-09-30T00:00:00",
      "quarter_label": "2021-09 (Q3)",
      "revenue": 173663000,
      "gross_profit": null,
      "operating_income": 22002000,
      "net_income": 13903000,
      "opex": 152342000,
      "cogs": null,
      "rd": null,
      "sga": null,
      "fcf": -24763000,
      "ocf": 19554000,
      "capex": -44317000,
      "gross_margin": null,
      "op_margin": 0.12669365380075204,
      "fcf_margin": -0.14259226202472605,
      "op_leverage_ratio": 0.30800246586456465,
      "fcf_margin_change": -0.5559270253115636
    },
    {
      "date": "2021-12-31T00:00:00",
      "quarter_label": "2021-12 (Q4)",
      "revenue": 172552000,
      "gross_profit": null,
      "operating_income": 10867000,
      "net_income": -602000,
      "opex": 161685000,
      "cogs": null,
      "rd": null,
      "sga": null,
      "fcf": 37302000,
      "ocf": 42618000,
      "capex": -5316000,
      "gross_margin": null,
      "op_margin": 0.06297811674161992,
      "fcf_margin": 0.21617831146552924,
      "fcf_margin_change": 0.3587705734902553
    },
    {
      "date": "2022-03-31T00:00:00",
      "quarter_label": "2022-03 (Q1)",
      "revenue": 226525000,
      "gross_profit": null,
      "operating_income": 21833000,
      "net_income": 3637000,
      "opex": 204692000,
      "cogs": null,
      "rd": null,
      "sga": null,
      "fcf": -31470000,
      "ocf": 18213000,
      "capex": -49683000,
      "gross_margin": null,
      "op_margin": 0.09638229775962918,
      "fcf_margin": -0.1389250634587794,
      "incr_op_margin_yoy": -0.031340356269082235,
      "rev_growth_yoy": 0.7751212669754175,
      "op_leverage_ratio": 1.175945360176356,
      "fcf_margin_change": -0.35510337492430866
    },
    {
      "date": "2022-06-30T00:00:00",
      "quarter_label": "2022-06 (Q2)",
      "revenue": 219067000,
      "gross_profit": null,
      "operating_income": 3369000,
      "net_income": -3922000,
      "opex": 215698000,
      "cogs": null,
      "rd": null,
      "sga": null,
      "fcf": -69117000,
      "ocf": 18847000,
      "capex": -87964000,
      "gross_margin": null,
      "op_margin": 0.015378856696809651,
      "fcf_margin": -0.31550621499358644,
      "incr_op_margin_yoy": -0.656415466956696,
      "rev_growth_yoy": 0.46838573889495877,
      "rev_growth_yoy_accel": -0.30673552808045873,
      "fcf_margin_change": -0.17658115153480705
    },
    {
      "date": "2022-09-30T00:00:00",
      "quarter_label": "2022-09 (Q3)",
      "revenue": 221700000,
      "gross_profit": null,
      "operating_income": 15391000,
      "net_income": 10677000,
      "opex": 206309000,
      "cogs": null,
      "rd": null,
      "sga": null,
      "fcf": -5400000,
      "ocf": 34611000,
      "capex": -40011000,
      "gross_margin": null,
      "op_margin": 0.06942264321154713,
      "fcf_margin": -0.02435723951285521,
      "incr_op_margin_yoy": -0.13762308220746508,
      "rev_growth_yoy": 0.27661044666969936,
      "rev_growth_yoy_accel": -0.1917752922252594,
      "op_leverage_ratio": null,
      "fcf_margin_change": 0.2911489754807312
    },
    {
      "date": "2022-12-31T00:00:00",
      "quarter_label": "2022-12 (Q4)",
      "revenue": 227154000,
      "gross_profit": null,
      "operating_income": 15116000,
      "net_income": 7284000,
      "opex": 212038000,
      "cogs": null,
      "rd": null,
      "sga": null,
      "fcf": 45505000,
      "ocf": 55769000,
      "capex": -10264000,
      "gross_margin": null,
      "op_margin": 0.06654516319325215,
      "fcf_margin": 0.20032665064229555,
      "incr_op_margin_yoy": 0.07781766235669023,
      "rev_growth_yoy": 0.31643794334461495,
      "rev_growth_yoy_accel": 0.039827496674915586,
      "op_leverage_ratio": 0.8859083442004227,
      "fcf_margin_change": 0.22468389015515075
    },
    {
      "date": "2023-03-31T00:00:00",
      "quarter_label": "2023-03 (Q1)",
      "revenue": 294115000,
      "gross_profit": null,
      "operating_income": 55783000,
      "net_income": 38328000,
      "opex": 238332000,
      "cogs": null,
      "rd": null,
      "sga": null,
      "fcf": -57117000,
      "ocf": 47861000,
      "capex": -104978000,
      "gross_margin": null,
      "op_margin": 0.18966390697516278,
      "fcf_margin": -0.19419954779593016,
      "incr_op_margin_yoy": 0.5022932386447699,
      "rev_growth_yoy": 0.29837766250965675,
      "rev_growth_yoy_accel": -0.018060280834958198,
      "op_leverage_ratio": 2.3771609236866453,
      "fcf_margin_change": -0.3945261984382257
    },
    {
      "date": "2023-06-30T00:00:00",
      "quarter_label": "2023-06 (Q2)",
      "revenue": 261086000,
      "gross_profit": null,
      "operating_income": 35587000,
      "net_income": 20618000,
      "opex": 225499000,
      "cogs": null,
      "rd": null,
      "sga": null,
      "fcf": -39542000,
      "ocf": 47832000,
      "capex": -87374000,
      "gross_margin": null,
      "op_margin": 0.13630374665818926,
      "fcf_margin": -0.15145201198072666,
      "incr_op_margin_yoy": 0.7667483757347866,
      "rev_growth_yoy": 0.19180889864744577,
      "rev_growth_yoy_accel": -0.10656876386221098,
      "fcf_margin_change": 0.04274753581520349
    },
    {
      "date": "2023-09-30T00:00:00",
      "quarter_label": "2023-09 (Q3)",
      "revenue": 248876000,
      "gross_profit": null,
      "operating_income": 19006000,
      "net_income": 7591000,
      "opex": 229870000,
      "cogs": null,
      "rd": null,
      "sga": null,
      "fcf": -11331000,
      "ocf": 6958000,
      "capex": -18289000,
      "gross_margin": null,
      "op_margin": 0.07636734759478615,
      "fcf_margin": -0.04552869702181006,
      "incr_op_margin_yoy": 0.1330217839269944,
      "rev_growth_yoy": 0.12258006314839874,
      "rev_growth_yoy_accel": -0.06922883549904703,
      "fcf_margin_change": 0.1059233149589166
    },
    {
      "date": "2023-12-31T00:00:00",
      "quarter_label": "2023-12 (Q4)",
      "revenue": 245543000,
      "gross_profit": null,
      "operating_income": 17125000,
      "net_income": 5645000,
      "opex": 228418000,
      "cogs": null,
      "rd": null,
      "sga": null,
      "fcf": 63950000,
      "ocf": 71469000,
      "capex": -7519000,
      "gross_margin": null,
      "op_margin": 0.06974338506901032,
      "fcf_margin": 0.26044318103142833,
      "incr_op_margin_yoy": 0.10925009516558812,
      "rev_growth_yoy": 0.08095389031229915,
      "rev_growth_yoy_accel": -0.041626172836099595,
      "fcf_margin_change": 0.3059718780532384
    },
    {
      "date": "2024-03-31T00:00:00",
      "quarter_label": "2024-03 (Q1)",
      "revenue": 311483000,
      "gross_profit": null,
      "operating_income": 55176000,
      "net_income": 35313000,
      "opex": 256307000,
      "cogs": null,
      "rd": null,
      "sga": null,
      "fcf": 1023000,
      "ocf": 30721000,
      "capex": -29698000,
      "gross_margin": null,
      "op_margin": 0.17713968338561012,
      "fcf_margin": 0.0032842883881303315,
      "incr_op_margin_yoy": -0.03494933210502073,
      "rev_growth_yoy": 0.05905173146558319,
      "rev_growth_yoy_accel": -0.021902158846715952,
      "op_leverage_ratio": 2.1994736702122504,
      "fcf_margin_change": -0.257158892643298
    },
    {
      "date": "2024-06-30T00:00:00",
      "quarter_label": "2024-06 (Q2)",
      "revenue": 254381000,
      "gross_profit": null,
      "operating_income": 12365000,
      "net_income": 1812000,
      "opex": 242016000,
      "cogs": null,
      "rd": null,
      "sga": null,
      "fcf": -382000,
      "ocf": 8151000,
      "capex": -8533000,
      "gross_margin": null,
      "op_margin": 0.04860819007708909,
      "fcf_margin": -0.0015016844811522874,
      "incr_op_margin_yoy": 3.4633855331841907,
      "rev_growth_yoy": -0.025681193170066566,
      "rev_growth_yoy_accel": -0.08473292463564976,
      "fcf_margin_change": -0.004785972869282619
    },
    {
      "date": "2024-09-30T00:00:00",
      "quarter_label": "2024-09 (Q3)",
      "revenue": 249470000,
      "gross_profit": null,
      "operating_income": 12382000,
      "net_income": 2342000,
      "opex": 237088000,
      "cogs": null,
      "rd": null,
      "sga": null,
      "fcf": 31047000,
      "ocf": 35431000,
      "capex": -4384000,
      "gross_margin": null,
      "op_margin": 0.049633222431554894,
      "fcf_margin": 0.12445183789634025,
      "rev_growth_yoy": 0.0023867307414133948,
      "rev_growth_yoy_accel": 0.028067923911479963,
      "fcf_margin_change": 0.12595352237749252
    },
    {
      "date": "2024-12-31T00:00:00",
      "quarter_label": "2024-12 (Q4)",
      "revenue": 260405000,
      "gross_profit": null,
      "operating_income": 26063000,
      "net_income": 13436000,
      "opex": 234342000,
      "cogs": null,
      "rd": null,
      "sga": null,
      "fcf": 85842000,
      "ocf": 90559000,
      "capex": -4717000,
      "gross_margin": null,
      "op_margin": 0.10008640387089342,
      "fcf_margin": 0.32964804823256083,
      "incr_op_margin_yoy": 0.6013995424572736,
      "rev_growth_yoy": 0.060527076723832486,
      "rev_growth_yoy_accel": 0.058140345982419094,
      "op_leverage_ratio": null,
      "fcf_margin_change": 0.2051962103362206
    },
    {
      "date": "2025-03-31T00:00:00",
      "quarter_label": "2025-03 (Q1)",
      "revenue": 326649000,
      "gross_profit": null,
      "operating_income": 56246000,
      "net_income": 36535000,
      "opex": 270403000,
      "cogs": null,
      "rd": null,
      "sga": null,
      "fcf": 1022000,
      "ocf": 16431000,
      "capex": -15409000,
      "gross_margin": null,
      "op_margin": 0.172190945020496,
      "fcf_margin": 0.00312874063597317,
      "incr_op_margin_yoy": 0.07055255176051695,
      "rev_growth_yoy": 0.048689655615234216,
      "rev_growth_yoy_accel": -0.01183742110859827,
      "op_leverage_ratio": 1.6531398536362425,
      "fcf_margin_change": -0.32651930759658765
    },
    {
      "date": "2025-06-30T00:00:00",
      "quarter_label": "2025-06 (Q2)",
      "revenue": 263621000,
      "gross_profit": null,
      "operating_income": 16262000,
      "net_income": 6577000,
      "opex": 247359000,
      "cogs": null,
      "rd": null,
      "sga": null,
      "fcf": 14026000,
      "ocf": 19821000,
      "capex": -5795000,
      "gross_margin": null,
      "op_margin": 0.061687043141479624,
      "fcf_margin": 0.05320516954263886,
      "incr_op_margin_yoy": 0.42175324675324677,
      "rev_growth_yoy": 0.03632346755457365,
      "rev_growth_yoy_accel": -0.012366188060660567,
      "fcf_margin_change": 0.05007642890666569
    },
    {
      "date": "2025-09-30T00:00:00",
      "quarter_label": "2025-09 (Q3)",
      "revenue": 255538000,
      "gross_profit": null,
      "operating_income": 9902000,
      "net_income": 1552000,
      "opex": 245636000,
      "cogs": null,
      "rd": null,
      "sga": null,
      "fcf": 34013000,
      "ocf": 41949000,
      "capex": -7936000,
      "gross_margin": null,
      "op_margin": 0.03874961845205018,
      "fcf_margin": 0.13310349145723924,
      "incr_op_margin_yoy": -0.4087013843111404,
      "rev_growth_yoy": 0.02432356595983485,
      "rev_growth_yoy_accel": -0.0119999015947388,
      "fcf_margin_change": 0.07989832191460038
    },
    {
      "date": "2025-12-31T00:00:00",
      "quarter_label": "2025-12 (Q4)",
      "revenue": 280961000,
      "gross_profit": null,
      "operating_income": 18163000,
      "net_income": 8145000,
      "opex": 262798000,
      "cogs": null,
      "rd": null,
      "sga": null,
      "fcf": 34917000,
      "ocf": 78905000,
      "capex": -43988000,
      "gross_margin": null,
      "op_margin": 0.06464598289442307,
      "fcf_margin": 0.12427703489096352,
      "incr_op_margin_yoy": -0.38431601478886945,
      "rev_growth_yoy": 0.07893857644822488,
      "rev_growth_yoy_accel": 0.054615010488390035,
      "op_leverage_ratio": 1.4239522462471466,
      "fcf_margin_change": -0.008826456566275717
    }
  ],
  "signals": [
    {
      "quarter": "2025-12 (Q4)",
      "signal": "YoY REVENUE GROWTH ACCELERATION",
      "detail": "YoY growth: +7.9% vs prior quarter YoY: +2.4% (accel: +5.5%)",
      "severity": "MEDIUM"
    },
    {
      "quarter": "2025-09 (Q3)",
      "signal": "FCF MARGIN EXPANSION",
      "detail": "FCF margin: +5.3% -> +13.3% (+8.0%)",
      "severity": "MEDIUM"
    },
    {
      "quarter": "2025-06 (Q2)",
      "signal": "FCF MARGIN EXPANSION",
      "detail": "FCF margin: +0.3% -> +5.3% (+5.0%)",
      "severity": "MEDIUM"
    },
    {
      "quarter": "2025-06 (Q2)",
      "signal": "INCREMENTAL MARGIN (YoY)",
      "detail": "YoY Incr OPM: +42.2% vs year-ago OPM: +4.9%",
      "severity": "HIGH"
    },
    {
      "quarter": "2025-03 (Q1)",
      "signal": "OPERATING LEVERAGE",
      "detail": "Rev growth +25.4% vs OpEx growth +15.4% (leverage: 1.7x)",
      "severity": "MEDIUM"
    },
    {
      "quarter": "2024-12 (Q4)",
      "signal": "FCF MARGIN EXPANSION",
      "detail": "FCF margin: +12.4% -> +33.0% (+20.5%)",
      "severity": "MEDIUM"
    },
    {
      "quarter": "2024-12 (Q4)",
      "signal": "YoY REVENUE GROWTH ACCELERATION",
      "detail": "YoY growth: +6.1% vs prior quarter YoY: +0.2% (accel: +5.8%)",
      "severity": "MEDIUM"
    },
    {
      "quarter": "2024-12 (Q4)",
      "signal": "INCREMENTAL MARGIN (YoY)",
      "detail": "YoY Incr OPM: +60.1% vs year-ago OPM: +7.0%",
      "severity": "HIGH"
    },
    {
      "quarter": "2024-09 (Q3)",
      "signal": "FCF TURNED POSITIVE",
      "detail": "FCF margin: -0.2% -> +12.4%",
      "severity": "HIGH"
    },
    {
      "quarter": "2024-06 (Q2)",
      "signal": "YoY REVENUE GROWTH DECELERATION",
      "detail": "YoY growth: -2.6% vs prior quarter YoY: +5.9% (decel: -8.5%)",
      "severity": "WARNING"
    },
    {
      "quarter": "2024-06 (Q2)",
      "signal": "INCREMENTAL MARGIN (YoY)",
      "detail": "YoY Incr OPM: +346.3% vs year-ago OPM: +13.6%",
      "severity": "HIGH"
    },
    {
      "quarter": "2024-03 (Q1)",
      "signal": "OPERATING LEVERAGE",
      "detail": "Rev growth +26.9% vs OpEx growth +12.2% (leverage: 2.2x)",
      "severity": "MEDIUM"
    },
    {
      "quarter": "2023-12 (Q4)",
      "signal": "FCF TURNED POSITIVE",
      "detail": "FCF margin: -4.6% -> +26.0%",
      "severity": "HIGH"
    },
    {
      "quarter": "2023-09 (Q3)",
      "signal": "FCF MARGIN EXPANSION",
      "detail": "FCF margin: -15.1% -> -4.6% (+10.6%)",
      "severity": "MEDIUM"
    },
    {
      "quarter": "2023-09 (Q3)",
      "signal": "YoY REVENUE GROWTH DECELERATION",
      "detail": "YoY growth: +12.3% vs prior quarter YoY: +19.2% (decel: -6.9%)",
      "severity": "WARNING"
    },
    {
      "quarter": "2023-06 (Q2)",
      "signal": "YoY REVENUE GROWTH DECELERATION",
      "detail": "YoY growth: +19.2% vs prior quarter YoY: +29.8% (decel: -10.7%)",
      "severity": "WARNING"
    },
    {
      "quarter": "2023-06 (Q2)",
      "signal": "INCREMENTAL MARGIN (YoY)",
      "detail": "YoY Incr OPM: +76.7% vs year-ago OPM: +1.5%",
      "severity": "HIGH"
    },
    {
      "quarter": "2023-03 (Q1)",
      "signal": "OPERATING LEVERAGE",
      "detail": "Rev growth +29.5% vs OpEx growth +12.4% (leverage: 2.4x)",
      "severity": "MEDIUM"
    },
    {
      "quarter": "2023-03 (Q1)",
      "signal": "INCREMENTAL MARGIN (YoY)",
      "detail": "YoY Incr OPM: +50.2% vs year-ago OPM: +9.6%",
      "severity": "HIGH"
    },
    {
      "quarter": "2022-12 (Q4)",
      "signal": "FCF TURNED POSITIVE",
      "detail": "FCF margin: -2.4% -> +20.0%",
      "severity": "HIGH"
    },
    {
      "quarter": "2022-09 (Q3)",
      "signal": "FCF MARGIN EXPANSION",
      "detail": "FCF margin: -31.6% -> -2.4% (+29.1%)",
      "severity": "MEDIUM"
    },
    {
      "quarter": "2022-09 (Q3)",
      "signal": "YoY REVENUE GROWTH DECELERATION",
      "detail": "YoY growth: +27.7% vs prior quarter YoY: +46.8% (decel: -19.2%)",
      "severity": "WARNING"
    },
    {
      "quarter": "2022-06 (Q2)",
      "signal": "YoY REVENUE GROWTH DECELERATION",
      "detail": "YoY growth: +46.8% vs prior quarter YoY: +77.5% (decel: -30.7%)",
      "severity": "WARNING"
    },
    {
      "quarter": "2021-12 (Q4)",
      "signal": "FCF TURNED POSITIVE",
      "detail": "FCF margin: -14.3% -> +21.6%",
      "severity": "HIGH"
    },
    {
      "quarter": "2021-06 (Q2)",
      "signal": "FCF TURNED POSITIVE",
      "detail": "FCF margin: -30.2% -> +41.3%",
      "severity": "HIGH"
    }
  ],
  "data_quality": {
    "n_quarters": 20,
    "coverage": {
      "revenue": [
        20,
        20
      ],
      "gross_profit": [
        0,
        20
      ],
      "op_income": [
        20,
        20
      ],
      "fcf": [
        20,
        20
      ]
    },
    "gaps": [],
    "warnings": [
      "gross_profit: no data"
    ]
  },
  "market_cap": null,
  "source": "SEC EDGAR",
  "last_updated": "2026-02-24T10:52:49.702480"
}