{
  "ticker": "SNDA",
  "name": "Sonida Senior Living, Inc.",
  "quarters": [
    {
      "date": "2020-12-31T00:00:00",
      "quarter_label": "2020-12 (Q4)",
      "revenue": 80205000,
      "gross_profit": null,
      "operating_income": null,
      "net_income": -20470000,
      "opex": 83150000,
      "cogs": null,
      "rd": null,
      "sga": null,
      "fcf": -1423000,
      "ocf": -1423000,
      "capex": null,
      "gross_margin": null,
      "op_margin": null,
      "fcf_margin": -0.017742036032666293
    },
    {
      "date": "2021-03-31T00:00:00",
      "quarter_label": "2021-03 (Q1)",
      "revenue": 61648000,
      "gross_profit": null,
      "operating_income": null,
      "net_income": 38844000,
      "opex": 68654000,
      "cogs": null,
      "rd": null,
      "sga": null,
      "fcf": 3264000,
      "ocf": 3264000,
      "capex": null,
      "gross_margin": null,
      "op_margin": null,
      "fcf_margin": 0.05294575655333506,
      "fcf_margin_change": 0.07068779258600136
    },
    {
      "date": "2021-06-30T00:00:00",
      "quarter_label": "2021-06 (Q2)",
      "revenue": 57542000,
      "gross_profit": null,
      "operating_income": null,
      "net_income": 49078000,
      "opex": 66079000,
      "cogs": null,
      "rd": null,
      "sga": null,
      "fcf": 3700000,
      "ocf": 3700000,
      "capex": null,
      "gross_margin": null,
      "op_margin": null,
      "fcf_margin": 0.06430085850335407,
      "fcf_margin_change": 0.011355101950019007
    },
    {
      "date": "2021-09-30T00:00:00",
      "quarter_label": "2021-09 (Q3)",
      "revenue": 57924000,
      "gross_profit": null,
      "operating_income": null,
      "net_income": 36510000,
      "opex": 65571000,
      "cogs": null,
      "rd": null,
      "sga": null,
      "fcf": -16469000,
      "ocf": -14126000,
      "capex": -2343000,
      "gross_margin": null,
      "op_margin": null,
      "fcf_margin": -0.28432083419653337,
      "fcf_margin_change": -0.3486216926998874
    },
    {
      "date": "2021-12-31T00:00:00",
      "quarter_label": "2021-12 (Q4)",
      "revenue": 57604000,
      "gross_profit": null,
      "operating_income": null,
      "net_income": 1175000,
      "opex": 74567000,
      "cogs": null,
      "rd": null,
      "sga": null,
      "fcf": -24980000,
      "ocf": -21633000,
      "capex": -3347000,
      "gross_margin": null,
      "op_margin": null,
      "fcf_margin": -0.43365044094160127,
      "rev_growth_yoy": -0.281790412069073,
      "fcf_margin_change": -0.1493296067450679
    },
    {
      "date": "2022-03-31T00:00:00",
      "quarter_label": "2022-03 (Q1)",
      "revenue": 58484000,
      "gross_profit": null,
      "operating_income": null,
      "net_income": -16678000,
      "opex": 66802000,
      "cogs": null,
      "rd": null,
      "sga": null,
      "fcf": -6272000,
      "ocf": -690000,
      "capex": -5582000,
      "gross_margin": null,
      "op_margin": null,
      "fcf_margin": -0.10724300663429313,
      "rev_growth_yoy": -0.05132364391383338,
      "rev_growth_yoy_accel": 0.23046676815523964,
      "op_leverage_ratio": Infinity,
      "fcf_margin_change": 0.3264074343073081
    },
    {
      "date": "2022-06-30T00:00:00",
      "quarter_label": "2022-06 (Q2)",
      "revenue": 59637000,
      "gross_profit": null,
      "operating_income": null,
      "net_income": -7410000,
      "opex": 67661000,
      "cogs": null,
      "rd": null,
      "sga": null,
      "fcf": -7947000,
      "ocf": -1380000,
      "capex": -6567000,
      "gross_margin": null,
      "op_margin": null,
      "fcf_margin": -0.13325620001006086,
      "rev_growth_yoy": 0.03640818880122346,
      "rev_growth_yoy_accel": 0.08773183271505683,
      "op_leverage_ratio": 1.5331637424251192,
      "fcf_margin_change": -0.026013193375767726
    },
    {
      "date": "2022-09-30T00:00:00",
      "quarter_label": "2022-09 (Q3)",
      "revenue": 60787000,
      "gross_profit": null,
      "operating_income": null,
      "net_income": -13739000,
      "opex": 66359000,
      "cogs": null,
      "rd": null,
      "sga": null,
      "fcf": -1195000,
      "ocf": 4973000,
      "capex": -6168000,
      "gross_margin": null,
      "op_margin": null,
      "fcf_margin": -0.019658808626844555,
      "rev_growth_yoy": 0.04942683516331745,
      "rev_growth_yoy_accel": 0.013018646362093995,
      "op_leverage_ratio": Infinity,
      "fcf_margin_change": 0.11359739138321631
    },
    {
      "date": "2022-12-31T00:00:00",
      "quarter_label": "2022-12 (Q4)",
      "revenue": 59525000,
      "gross_profit": null,
      "operating_income": null,
      "net_income": -16574000,
      "opex": 68506000,
      "cogs": null,
      "rd": null,
      "sga": null,
      "fcf": -11726000,
      "ocf": -5481000,
      "capex": -6245000,
      "gross_margin": null,
      "op_margin": null,
      "fcf_margin": -0.19699286014279715,
      "rev_growth_yoy": 0.033348378584820496,
      "rev_growth_yoy_accel": -0.016078456578496957,
      "fcf_margin_change": -0.1773340515159526
    },
    {
      "date": "2023-03-31T00:00:00",
      "quarter_label": "2023-03 (Q1)",
      "revenue": 62073000,
      "gross_profit": null,
      "operating_income": null,
      "net_income": 24145000,
      "opex": 65714000,
      "cogs": null,
      "rd": null,
      "sga": null,
      "fcf": -2180000,
      "ocf": 3249000,
      "capex": -5429000,
      "gross_margin": null,
      "op_margin": null,
      "fcf_margin": -0.03511993942615952,
      "rev_growth_yoy": 0.06136721154503796,
      "rev_growth_yoy_accel": 0.02801883296021746,
      "op_leverage_ratio": Infinity,
      "fcf_margin_change": 0.16187292071663764
    },
    {
      "date": "2023-06-30T00:00:00",
      "quarter_label": "2023-06 (Q2)",
      "revenue": 62854000,
      "gross_profit": null,
      "operating_income": null,
      "net_income": -12212000,
      "opex": 66526000,
      "cogs": null,
      "rd": null,
      "sga": null,
      "fcf": -1981000,
      "ocf": 2288000,
      "capex": -4269000,
      "gross_margin": null,
      "op_margin": null,
      "fcf_margin": -0.03151748496515735,
      "rev_growth_yoy": 0.053943021949460906,
      "rev_growth_yoy_accel": -0.007424189595577051,
      "op_leverage_ratio": 1.018240044555834,
      "fcf_margin_change": 0.003602454461002172
    },
    {
      "date": "2023-09-30T00:00:00",
      "quarter_label": "2023-09 (Q3)",
      "revenue": 64675000,
      "gross_profit": null,
      "operating_income": null,
      "net_income": -18411000,
      "opex": 73998000,
      "cogs": null,
      "rd": null,
      "sga": null,
      "fcf": 636000,
      "ocf": 5106000,
      "capex": -4470000,
      "gross_margin": null,
      "op_margin": null,
      "fcf_margin": 0.009833784306146115,
      "rev_growth_yoy": 0.06396104430223568,
      "rev_growth_yoy_accel": 0.01001802235277477,
      "op_leverage_ratio": 0.25794764833141404,
      "fcf_margin_change": 0.04135126927130346
    },
    {
      "date": "2023-12-31T00:00:00",
      "quarter_label": "2023-12 (Q4)",
      "revenue": 65720000,
      "gross_profit": null,
      "operating_income": null,
      "net_income": -14629000,
      "opex": 70235000,
      "cogs": null,
      "rd": null,
      "sga": null,
      "fcf": -3730000,
      "ocf": 40000,
      "capex": -3770000,
      "gross_margin": null,
      "op_margin": null,
      "fcf_margin": -0.05675593426658551,
      "rev_growth_yoy": 0.10407391852162957,
      "rev_growth_yoy_accel": 0.0401128742193939,
      "op_leverage_ratio": Infinity,
      "fcf_margin_change": -0.06658971857273163
    },
    {
      "date": "2024-03-31T00:00:00",
      "quarter_label": "2024-03 (Q1)",
      "revenue": 67438000,
      "gross_profit": null,
      "operating_income": 14915000,
      "net_income": 27019000,
      "opex": 69570000,
      "cogs": null,
      "rd": null,
      "sga": null,
      "fcf": -9867000,
      "ocf": -4105000,
      "capex": -5762000,
      "gross_margin": null,
      "op_margin": 0.22116610812894807,
      "fcf_margin": -0.14631216821376672,
      "rev_growth_yoy": 0.08643049312905772,
      "rev_growth_yoy_accel": -0.017643425392571854,
      "op_leverage_ratio": Infinity,
      "fcf_margin_change": -0.08955623394718121
    },
    {
      "date": "2024-06-30T00:00:00",
      "quarter_label": "2024-06 (Q2)",
      "revenue": 70207000,
      "gross_profit": null,
      "operating_income": null,
      "net_income": -9816000,
      "opex": 71605000,
      "cogs": null,
      "rd": null,
      "sga": null,
      "fcf": -1656000,
      "ocf": 2481000,
      "capex": -4137000,
      "gross_margin": null,
      "op_margin": null,
      "fcf_margin": -0.023587391570641103,
      "rev_growth_yoy": 0.11698539472428167,
      "rev_growth_yoy_accel": 0.03055490159522395,
      "op_leverage_ratio": 1.4037050539022722,
      "fcf_margin_change": 0.12272477664312562
    },
    {
      "date": "2024-09-30T00:00:00",
      "quarter_label": "2024-09 (Q3)",
      "revenue": 74750000,
      "gross_profit": null,
      "operating_income": null,
      "net_income": -13758000,
      "opex": 79662000,
      "cogs": null,
      "rd": null,
      "sga": null,
      "fcf": -5058000,
      "ocf": 2979000,
      "capex": -8037000,
      "gross_margin": null,
      "op_margin": null,
      "fcf_margin": -0.06766555183946488,
      "rev_growth_yoy": 0.15577889447236182,
      "rev_growth_yoy_accel": 0.03879349974808015,
      "op_leverage_ratio": 0.5750853529732735,
      "fcf_margin_change": -0.044078160268823774
    },
    {
      "date": "2024-12-31T00:00:00",
      "quarter_label": "2024-12 (Q4)",
      "revenue": 91931000,
      "gross_profit": null,
      "operating_income": null,
      "net_income": -5504000,
      "opex": 98322000,
      "cogs": null,
      "rd": null,
      "sga": null,
      "fcf": -10371000,
      "ocf": -3137000,
      "capex": -7234000,
      "gross_margin": null,
      "op_margin": null,
      "fcf_margin": -0.11281287052245706,
      "rev_growth_yoy": 0.39882836275106515,
      "rev_growth_yoy_accel": 0.24304946827870333,
      "op_leverage_ratio": 0.9812435320306703,
      "fcf_margin_change": -0.04514731868299218
    },
    {
      "date": "2025-03-31T00:00:00",
      "quarter_label": "2025-03 (Q1)",
      "revenue": 91923000,
      "gross_profit": null,
      "operating_income": 20141000,
      "net_income": -12529000,
      "opex": 94789000,
      "cogs": null,
      "rd": null,
      "sga": null,
      "fcf": -4514000,
      "ocf": 3823000,
      "capex": -8337000,
      "gross_margin": null,
      "op_margin": 0.21910729632409734,
      "fcf_margin": -0.04910631724378012,
      "incr_op_margin_yoy": 0.2134367980396161,
      "rev_growth_yoy": 0.3630742311456449,
      "rev_growth_yoy_accel": -0.035754131605420236,
      "fcf_margin_change": 0.06370655327867694
    },
    {
      "date": "2025-06-30T00:00:00",
      "quarter_label": "2025-06 (Q2)",
      "revenue": 93525000,
      "gross_profit": null,
      "operating_income": null,
      "net_income": -1563000,
      "opex": 95802000,
      "cogs": null,
      "rd": null,
      "sga": null,
      "fcf": 1939000,
      "ocf": 8932000,
      "capex": -6993000,
      "gross_margin": null,
      "op_margin": null,
      "fcf_margin": 0.0207324244854317,
      "rev_growth_yoy": 0.33213212357742106,
      "rev_growth_yoy_accel": -0.030942107568223853,
      "op_leverage_ratio": 1.630747864330719,
      "fcf_margin_change": 0.06983874172921181
    },
    {
      "date": "2025-09-30T00:00:00",
      "quarter_label": "2025-09 (Q3)",
      "revenue": 98038000,
      "gross_profit": null,
      "operating_income": null,
      "net_income": -26911000,
      "opex": 113506000,
      "cogs": null,
      "rd": null,
      "sga": null,
      "fcf": 2966000,
      "ocf": 12009000,
      "capex": -9043000,
      "gross_margin": null,
      "op_margin": null,
      "fcf_margin": 0.03025357514433179,
      "rev_growth_yoy": 0.31154515050167225,
      "rev_growth_yoy_accel": -0.020586973075748805,
      "op_leverage_ratio": 0.26112039341776794,
      "fcf_margin_change": 0.00952115065890009
    }
  ],
  "signals": [
    {
      "quarter": "2025-06 (Q2)",
      "signal": "FCF TURNED POSITIVE",
      "detail": "FCF margin: -4.9% -> +2.1%",
      "severity": "HIGH"
    },
    {
      "quarter": "2025-06 (Q2)",
      "signal": "OPERATING LEVERAGE",
      "detail": "Rev growth +1.7% vs OpEx growth +1.1% (leverage: 1.6x)",
      "severity": "MEDIUM"
    },
    {
      "quarter": "2025-03 (Q1)",
      "signal": "FCF MARGIN EXPANSION",
      "detail": "FCF margin: -11.3% -> -4.9% (+6.4%)",
      "severity": "MEDIUM"
    },
    {
      "quarter": "2024-12 (Q4)",
      "signal": "YoY REVENUE GROWTH ACCELERATION",
      "detail": "YoY growth: +39.9% vs prior quarter YoY: +15.6% (accel: +24.3%)",
      "severity": "HIGH"
    },
    {
      "quarter": "2024-06 (Q2)",
      "signal": "FCF MARGIN EXPANSION",
      "detail": "FCF margin: -14.6% -> -2.4% (+12.3%)",
      "severity": "MEDIUM"
    },
    {
      "quarter": "2023-09 (Q3)",
      "signal": "FCF TURNED POSITIVE",
      "detail": "FCF margin: -3.2% -> +1.0%",
      "severity": "HIGH"
    },
    {
      "quarter": "2023-03 (Q1)",
      "signal": "FCF MARGIN EXPANSION",
      "detail": "FCF margin: -19.7% -> -3.5% (+16.2%)",
      "severity": "MEDIUM"
    },
    {
      "quarter": "2022-09 (Q3)",
      "signal": "FCF MARGIN EXPANSION",
      "detail": "FCF margin: -13.3% -> -2.0% (+11.4%)",
      "severity": "MEDIUM"
    },
    {
      "quarter": "2022-06 (Q2)",
      "signal": "OPERATING LEVERAGE",
      "detail": "Rev growth +2.0% vs OpEx growth +1.3% (leverage: 1.5x)",
      "severity": "MEDIUM"
    },
    {
      "quarter": "2022-06 (Q2)",
      "signal": "YoY REVENUE GROWTH ACCELERATION",
      "detail": "YoY growth: +3.6% vs prior quarter YoY: -5.1% (accel: +8.8%)",
      "severity": "MEDIUM"
    },
    {
      "quarter": "2022-03 (Q1)",
      "signal": "FCF MARGIN EXPANSION",
      "detail": "FCF margin: -43.4% -> -10.7% (+32.6%)",
      "severity": "MEDIUM"
    },
    {
      "quarter": "2022-03 (Q1)",
      "signal": "YoY REVENUE GROWTH ACCELERATION",
      "detail": "YoY growth: -5.1% vs prior quarter YoY: -28.2% (accel: +23.0%)",
      "severity": "HIGH"
    },
    {
      "quarter": "2021-03 (Q1)",
      "signal": "FCF TURNED POSITIVE",
      "detail": "FCF margin: -1.8% -> +5.3%",
      "severity": "HIGH"
    }
  ],
  "data_quality": {
    "n_quarters": 20,
    "coverage": {
      "revenue": [
        20,
        20
      ],
      "gross_profit": [
        0,
        20
      ],
      "op_income": [
        2,
        20
      ],
      "fcf": [
        20,
        20
      ]
    },
    "gaps": [],
    "warnings": [
      "gross_profit: no data",
      "op_income: 2/20Q"
    ]
  },
  "market_cap": null,
  "source": "SEC EDGAR",
  "last_updated": "2026-02-02T22:19:41.973372"
}