{
  "ticker": "SNDR",
  "name": "Schneider National, Inc.",
  "sector": "Industrials",
  "industry": "Trucking",
  "quarters": [
    {
      "date": "2021-03-31T00:00:00",
      "quarter_label": "2021-03 (Q1)",
      "revenue": 1228600000,
      "gross_profit": null,
      "operating_income": 76200000,
      "net_income": 54800000,
      "opex": 1152400000,
      "cogs": null,
      "rd": null,
      "sga": null,
      "fcf": 82100000,
      "ocf": 101100000,
      "capex": -19000000,
      "gross_margin": null,
      "op_margin": 0.06202181344619893,
      "fcf_margin": 0.0668240273482012
    },
    {
      "date": "2021-06-30T00:00:00",
      "quarter_label": "2021-06 (Q2)",
      "revenue": 1360800000,
      "gross_profit": null,
      "operating_income": 125800000,
      "net_income": 106500000,
      "opex": 1235000000,
      "cogs": null,
      "rd": null,
      "sga": null,
      "fcf": 19300000,
      "ocf": 153900000,
      "capex": -134600000,
      "gross_margin": null,
      "op_margin": 0.092445620223398,
      "fcf_margin": 0.014182833627278072,
      "op_leverage_ratio": 1.501219325210805,
      "fcf_margin_change": -0.05264119372092313
    },
    {
      "date": "2021-09-30T00:00:00",
      "quarter_label": "2021-09 (Q3)",
      "revenue": 1444500000,
      "gross_profit": null,
      "operating_income": 153700000,
      "net_income": 110000000,
      "opex": 1290800000,
      "cogs": null,
      "rd": null,
      "sga": null,
      "fcf": -2300000,
      "ocf": 141000000,
      "capex": -143300000,
      "gross_margin": null,
      "op_margin": 0.10640359986154378,
      "fcf_margin": -0.0015922464520595361,
      "op_leverage_ratio": 1.3613315696649029,
      "fcf_margin_change": -0.01577508007933761
    },
    {
      "date": "2021-12-31T00:00:00",
      "quarter_label": "2021-12 (Q4)",
      "revenue": 1574800000,
      "gross_profit": null,
      "operating_income": 178000000,
      "net_income": 134100000,
      "opex": 1396800000,
      "cogs": null,
      "rd": null,
      "sga": null,
      "fcf": 67600000,
      "ocf": 170100000,
      "capex": -102500000,
      "gross_margin": null,
      "op_margin": 0.11303022606045213,
      "fcf_margin": 0.042926085852171704,
      "op_leverage_ratio": 1.098449159792838,
      "fcf_margin_change": 0.04451833230423124
    },
    {
      "date": "2022-03-31T00:00:00",
      "quarter_label": "2022-03 (Q1)",
      "revenue": 1620500000,
      "gross_profit": null,
      "operating_income": 135100000,
      "net_income": 92100000,
      "opex": 1485400000,
      "cogs": null,
      "rd": null,
      "sga": null,
      "fcf": 75300000,
      "ocf": 135600000,
      "capex": -60300000,
      "gross_margin": null,
      "op_margin": 0.08336933045356372,
      "fcf_margin": 0.04646713977167541,
      "incr_op_margin_yoy": 0.15029344220464405,
      "rev_growth_yoy": 0.31898095393130393,
      "op_leverage_ratio": 0.4575002107114824,
      "fcf_margin_change": 0.0035410539195037047
    },
    {
      "date": "2022-06-30T00:00:00",
      "quarter_label": "2022-06 (Q2)",
      "revenue": 1746900000,
      "gross_profit": null,
      "operating_income": 176600000,
      "net_income": 129800000,
      "opex": 1570300000,
      "cogs": null,
      "rd": null,
      "sga": null,
      "fcf": 119400000,
      "ocf": 218100000,
      "capex": -98700000,
      "gross_margin": null,
      "op_margin": 0.10109336539011964,
      "fcf_margin": 0.06834964794779323,
      "incr_op_margin_yoy": 0.13157213157213157,
      "rev_growth_yoy": 0.2837301587301587,
      "rev_growth_yoy_accel": -0.03525079520114521,
      "op_leverage_ratio": 1.364689241821785,
      "fcf_margin_change": 0.021882508176117824
    },
    {
      "date": "2022-09-30T00:00:00",
      "quarter_label": "2022-09 (Q3)",
      "revenue": 1675300000,
      "gross_profit": null,
      "operating_income": 145400000,
      "net_income": 125800000,
      "opex": 1529900000,
      "cogs": null,
      "rd": null,
      "sga": null,
      "fcf": 62500000,
      "ocf": 224600000,
      "capex": -162100000,
      "gross_margin": null,
      "op_margin": 0.08679042559541575,
      "fcf_margin": 0.03730675102966633,
      "incr_op_margin_yoy": -0.03596187175043328,
      "rev_growth_yoy": 0.15977847005884388,
      "rev_growth_yoy_accel": -0.12395168867131484,
      "fcf_margin_change": -0.0310428969181269
    },
    {
      "date": "2022-12-31T00:00:00",
      "quarter_label": "2022-12 (Q4)",
      "revenue": 1561700000,
      "gross_profit": null,
      "operating_income": 143300000,
      "net_income": 110100000,
      "opex": 1418400000,
      "cogs": null,
      "rd": null,
      "sga": null,
      "fcf": 64100000,
      "ocf": 278100000,
      "capex": -214000000,
      "gross_margin": null,
      "op_margin": 0.09175898059806621,
      "fcf_margin": 0.04104501504770443,
      "incr_op_margin_yoy": 2.648854961832061,
      "rev_growth_yoy": -0.008318516637033275,
      "rev_growth_yoy_accel": -0.16809698669587717,
      "fcf_margin_change": 0.003738264018038097
    },
    {
      "date": "2023-03-31T00:00:00",
      "quarter_label": "2023-03 (Q1)",
      "revenue": 1428700000,
      "gross_profit": null,
      "operating_income": 114600000,
      "net_income": 98000000,
      "opex": 1314100000,
      "cogs": null,
      "rd": null,
      "sga": null,
      "fcf": 40000000,
      "ocf": 183100000,
      "capex": -143100000,
      "gross_margin": null,
      "op_margin": 0.08021278084972353,
      "fcf_margin": 0.02799748022677959,
      "incr_op_margin_yoy": 0.10688216892596454,
      "rev_growth_yoy": -0.1183585313174946,
      "rev_growth_yoy_accel": -0.11004001468046133,
      "fcf_margin_change": -0.013047534820924838
    },
    {
      "date": "2023-06-30T00:00:00",
      "quarter_label": "2023-06 (Q2)",
      "revenue": 1346500000,
      "gross_profit": null,
      "operating_income": 103800000,
      "net_income": 77500000,
      "opex": 1242700000,
      "cogs": null,
      "rd": null,
      "sga": null,
      "fcf": -81200000,
      "ocf": 120100000,
      "capex": -201300000,
      "gross_margin": null,
      "op_margin": 0.07708874860750092,
      "fcf_margin": -0.060304493130337915,
      "incr_op_margin_yoy": 0.18181818181818182,
      "rev_growth_yoy": -0.22920602209628485,
      "rev_growth_yoy_accel": -0.11084749077879025,
      "fcf_margin_change": -0.08830197335711751
    },
    {
      "date": "2023-09-30T00:00:00",
      "quarter_label": "2023-09 (Q3)",
      "revenue": 1352000000,
      "gross_profit": null,
      "operating_income": 46700000,
      "net_income": 35600000,
      "opex": 1305300000,
      "cogs": null,
      "rd": null,
      "sga": null,
      "fcf": 26700000,
      "ocf": 182900000,
      "capex": -156200000,
      "gross_margin": null,
      "op_margin": 0.03454142011834319,
      "fcf_margin": 0.019748520710059173,
      "incr_op_margin_yoy": 0.3052892050726879,
      "rev_growth_yoy": -0.192980361726258,
      "rev_growth_yoy_accel": 0.03622566037002686,
      "fcf_margin_change": 0.08005301384039709
    },
    {
      "date": "2023-12-31T00:00:00",
      "quarter_label": "2023-12 (Q4)",
      "revenue": 1371700000,
      "gross_profit": null,
      "operating_income": 31300000,
      "net_income": 27400000,
      "opex": 1340400000,
      "cogs": null,
      "rd": null,
      "sga": null,
      "fcf": 34400000,
      "ocf": 193900000,
      "capex": -159500000,
      "gross_margin": null,
      "op_margin": 0.022818400524896115,
      "fcf_margin": 0.025078369905956112,
      "incr_op_margin_yoy": 0.5894736842105263,
      "rev_growth_yoy": -0.12166229109303964,
      "rev_growth_yoy_accel": 0.07131807063321835,
      "op_leverage_ratio": 0.5418670662013857,
      "fcf_margin_change": 0.005329849195896939
    },
    {
      "date": "2024-03-31T00:00:00",
      "quarter_label": "2024-03 (Q1)",
      "revenue": 1319000000,
      "gross_profit": null,
      "operating_income": 28700000,
      "net_income": 18500000,
      "opex": 1290300000,
      "cogs": null,
      "rd": null,
      "sga": null,
      "fcf": -25700000,
      "ocf": 97600000,
      "capex": -123300000,
      "gross_margin": null,
      "op_margin": 0.021758908263836238,
      "fcf_margin": -0.019484457922668688,
      "incr_op_margin_yoy": 0.7830446672743847,
      "rev_growth_yoy": -0.07678308952194303,
      "rev_growth_yoy_accel": 0.04487920157109661,
      "fcf_margin_change": -0.0445628278286248
    },
    {
      "date": "2024-06-30T00:00:00",
      "quarter_label": "2024-06 (Q2)",
      "revenue": 1316700000,
      "gross_profit": null,
      "operating_income": 51000000,
      "net_income": 35300000,
      "opex": 1265700000,
      "cogs": null,
      "rd": null,
      "sga": null,
      "fcf": 85500000,
      "ocf": 182600000,
      "capex": -97100000,
      "gross_margin": null,
      "op_margin": 0.03873319662793347,
      "fcf_margin": 0.06493506493506493,
      "incr_op_margin_yoy": 1.7718120805369129,
      "rev_growth_yoy": -0.02213145191236539,
      "rev_growth_yoy_accel": 0.05465163760957764,
      "fcf_margin_change": 0.08441952285773362
    },
    {
      "date": "2024-09-30T00:00:00",
      "quarter_label": "2024-09 (Q3)",
      "revenue": 1315700000,
      "gross_profit": null,
      "operating_income": 43100000,
      "net_income": 30600000,
      "opex": 1272600000,
      "cogs": null,
      "rd": null,
      "sga": null,
      "fcf": 98700000,
      "ocf": 206400000,
      "capex": -107700000,
      "gross_margin": null,
      "op_margin": 0.032758227559474044,
      "fcf_margin": 0.07501710116287907,
      "incr_op_margin_yoy": 0.09917355371900827,
      "rev_growth_yoy": -0.026849112426035503,
      "rev_growth_yoy_accel": -0.004717660513670112,
      "fcf_margin_change": 0.010082036227814145
    },
    {
      "date": "2024-12-31T00:00:00",
      "quarter_label": "2024-12 (Q4)",
      "revenue": 1339100000,
      "gross_profit": null,
      "operating_income": 42400000,
      "net_income": 32600000,
      "opex": 1296700000,
      "cogs": null,
      "rd": null,
      "sga": null,
      "fcf": 113600000,
      "ocf": 199500000,
      "capex": -85900000,
      "gross_margin": null,
      "op_margin": 0.03166305727727578,
      "fcf_margin": 0.08483309685609738,
      "incr_op_margin_yoy": -0.34049079754601225,
      "rev_growth_yoy": -0.02376612962017934,
      "rev_growth_yoy_accel": 0.0030829828058561645,
      "op_leverage_ratio": 0.9391476130750336,
      "fcf_margin_change": 0.00981599569321831
    },
    {
      "date": "2025-03-31T00:00:00",
      "quarter_label": "2025-03 (Q1)",
      "revenue": 1401800000,
      "gross_profit": null,
      "operating_income": 42100000,
      "net_income": 26100000,
      "opex": 1359700000,
      "cogs": null,
      "rd": null,
      "sga": null,
      "fcf": -22700000,
      "ocf": 91700000,
      "capex": -114400000,
      "gross_margin": null,
      "op_margin": 0.03003281495220431,
      "fcf_margin": -0.016193465544300185,
      "incr_op_margin_yoy": 0.16183574879227053,
      "rev_growth_yoy": 0.0627748294162244,
      "rev_growth_yoy_accel": 0.08654095903640374,
      "op_leverage_ratio": 0.9637258144240447,
      "fcf_margin_change": -0.10102656240039756
    },
    {
      "date": "2025-06-30T00:00:00",
      "quarter_label": "2025-06 (Q2)",
      "revenue": 1420500000,
      "gross_profit": null,
      "operating_income": 55000000,
      "net_income": 36000000,
      "opex": 1365500000,
      "cogs": null,
      "rd": null,
      "sga": null,
      "fcf": 106400000,
      "ocf": 175500000,
      "capex": -69100000,
      "gross_margin": null,
      "op_margin": 0.03871876099964801,
      "fcf_margin": 0.07490320309750088,
      "incr_op_margin_yoy": 0.038535645472061654,
      "rev_growth_yoy": 0.07883344725449988,
      "rev_growth_yoy_accel": 0.016058617838275474,
      "op_leverage_ratio": 3.1273079931713417,
      "fcf_margin_change": 0.09109666864180108
    },
    {
      "date": "2025-09-30T00:00:00",
      "quarter_label": "2025-09 (Q3)",
      "revenue": 1452400000,
      "gross_profit": null,
      "operating_income": 35300000,
      "net_income": 19400000,
      "opex": 1417100000,
      "cogs": null,
      "rd": null,
      "sga": null,
      "fcf": 56200000,
      "ocf": 184200000,
      "capex": -128000000,
      "gross_margin": null,
      "op_margin": 0.024304599283943816,
      "fcf_margin": 0.038694574497383644,
      "incr_op_margin_yoy": -0.0570592538405267,
      "rev_growth_yoy": 0.10389906513642928,
      "rev_growth_yoy_accel": 0.025065617881929403,
      "op_leverage_ratio": 0.5942804558936284,
      "fcf_margin_change": -0.03620862860011724
    },
    {
      "date": "2025-12-31T00:00:00",
      "quarter_label": "2025-12 (Q4)",
      "revenue": 1399600000,
      "gross_profit": null,
      "operating_income": 36500000,
      "net_income": 22100000,
      "opex": 1363100000,
      "cogs": null,
      "rd": null,
      "sga": null,
      "fcf": 145500000,
      "ocf": 186000000,
      "capex": -40500000,
      "gross_margin": null,
      "op_margin": 0.026078879679908545,
      "fcf_margin": 0.10395827379251214,
      "incr_op_margin_yoy": -0.09752066115702479,
      "rev_growth_yoy": 0.045179598237622284,
      "rev_growth_yoy_accel": -0.058719466898807,
      "fcf_margin_change": 0.0652636992951285
    }
  ],
  "signals": [
    {
      "quarter": "2025-12 (Q4)",
      "signal": "FCF MARGIN EXPANSION",
      "detail": "FCF margin: +3.9% -> +10.4% (+6.5%)",
      "severity": "MEDIUM"
    },
    {
      "quarter": "2025-12 (Q4)",
      "signal": "YoY REVENUE GROWTH DECELERATION",
      "detail": "YoY growth: +4.5% vs prior quarter YoY: +10.4% (decel: -5.9%)",
      "severity": "WARNING"
    },
    {
      "quarter": "2025-06 (Q2)",
      "signal": "FCF TURNED POSITIVE",
      "detail": "FCF margin: -1.6% -> +7.5%",
      "severity": "HIGH"
    },
    {
      "quarter": "2025-06 (Q2)",
      "signal": "OPERATING LEVERAGE",
      "detail": "Rev growth +1.3% vs OpEx growth +0.4% (leverage: 3.1x)",
      "severity": "MEDIUM"
    },
    {
      "quarter": "2025-03 (Q1)",
      "signal": "YoY REVENUE GROWTH ACCELERATION",
      "detail": "YoY growth: +6.3% vs prior quarter YoY: -2.4% (accel: +8.7%)",
      "severity": "MEDIUM"
    },
    {
      "quarter": "2025-03 (Q1)",
      "signal": "INCREMENTAL MARGIN (YoY)",
      "detail": "YoY Incr OPM: +16.2% vs year-ago OPM: +2.2%",
      "severity": "MEDIUM"
    },
    {
      "quarter": "2024-06 (Q2)",
      "signal": "FCF TURNED POSITIVE",
      "detail": "FCF margin: -1.9% -> +6.5%",
      "severity": "HIGH"
    },
    {
      "quarter": "2024-06 (Q2)",
      "signal": "YoY REVENUE GROWTH ACCELERATION",
      "detail": "YoY growth: -2.2% vs prior quarter YoY: -7.7% (accel: +5.5%)",
      "severity": "MEDIUM"
    },
    {
      "quarter": "2024-06 (Q2)",
      "signal": "INCREMENTAL MARGIN (YoY)",
      "detail": "YoY Incr OPM: +177.2% vs year-ago OPM: +7.7%",
      "severity": "HIGH"
    },
    {
      "quarter": "2024-03 (Q1)",
      "signal": "INCREMENTAL MARGIN (YoY)",
      "detail": "YoY Incr OPM: +78.3% vs year-ago OPM: +8.0%",
      "severity": "HIGH"
    },
    {
      "quarter": "2023-12 (Q4)",
      "signal": "YoY REVENUE GROWTH ACCELERATION",
      "detail": "YoY growth: -12.2% vs prior quarter YoY: -19.3% (accel: +7.1%)",
      "severity": "MEDIUM"
    },
    {
      "quarter": "2023-12 (Q4)",
      "signal": "INCREMENTAL MARGIN (YoY)",
      "detail": "YoY Incr OPM: +58.9% vs year-ago OPM: +9.2%",
      "severity": "HIGH"
    },
    {
      "quarter": "2023-09 (Q3)",
      "signal": "FCF TURNED POSITIVE",
      "detail": "FCF margin: -6.0% -> +2.0%",
      "severity": "HIGH"
    },
    {
      "quarter": "2023-09 (Q3)",
      "signal": "INCREMENTAL MARGIN (YoY)",
      "detail": "YoY Incr OPM: +30.5% vs year-ago OPM: +8.7%",
      "severity": "HIGH"
    },
    {
      "quarter": "2023-06 (Q2)",
      "signal": "YoY REVENUE GROWTH DECELERATION",
      "detail": "YoY growth: -22.9% vs prior quarter YoY: -11.8% (decel: -11.1%)",
      "severity": "WARNING"
    },
    {
      "quarter": "2023-03 (Q1)",
      "signal": "YoY REVENUE GROWTH DECELERATION",
      "detail": "YoY growth: -11.8% vs prior quarter YoY: -0.8% (decel: -11.0%)",
      "severity": "WARNING"
    },
    {
      "quarter": "2022-12 (Q4)",
      "signal": "YoY REVENUE GROWTH DECELERATION",
      "detail": "YoY growth: -0.8% vs prior quarter YoY: +16.0% (decel: -16.8%)",
      "severity": "WARNING"
    },
    {
      "quarter": "2022-12 (Q4)",
      "signal": "INCREMENTAL MARGIN (YoY)",
      "detail": "YoY Incr OPM: +264.9% vs year-ago OPM: +11.3%",
      "severity": "HIGH"
    },
    {
      "quarter": "2022-09 (Q3)",
      "signal": "YoY REVENUE GROWTH DECELERATION",
      "detail": "YoY growth: +16.0% vs prior quarter YoY: +28.4% (decel: -12.4%)",
      "severity": "WARNING"
    },
    {
      "quarter": "2021-12 (Q4)",
      "signal": "FCF TURNED POSITIVE",
      "detail": "FCF margin: -0.2% -> +4.3%",
      "severity": "HIGH"
    },
    {
      "quarter": "2021-06 (Q2)",
      "signal": "OPERATING LEVERAGE",
      "detail": "Rev growth +10.8% vs OpEx growth +7.2% (leverage: 1.5x)",
      "severity": "MEDIUM"
    }
  ],
  "data_quality": {
    "n_quarters": 20,
    "coverage": {
      "revenue": [
        20,
        20
      ],
      "gross_profit": [
        0,
        20
      ],
      "op_income": [
        20,
        20
      ],
      "fcf": [
        20,
        20
      ]
    },
    "gaps": [],
    "warnings": [
      "gross_profit: no data"
    ]
  },
  "market_cap": null,
  "source": "SEC EDGAR",
  "last_updated": "2026-02-24T10:14:17.615669"
}