{
  "ticker": "SNDX",
  "name": "SYNDAX PHARMACEUTICALS, INC.",
  "quarters": [
    {
      "date": "2019-09-30T00:00:00",
      "quarter_label": "2019-09 (Q3)",
      "revenue": 379000,
      "gross_profit": null,
      "operating_income": null,
      "net_income": null,
      "opex": null,
      "cogs": null,
      "rd": null,
      "sga": null,
      "fcf": null,
      "ocf": null,
      "capex": null,
      "gross_margin": null,
      "op_margin": null,
      "fcf_margin": null
    },
    {
      "date": "2019-12-31T00:00:00",
      "quarter_label": "2019-12 (Q4)",
      "revenue": 380000,
      "gross_profit": null,
      "operating_income": null,
      "net_income": null,
      "opex": null,
      "cogs": null,
      "rd": null,
      "sga": null,
      "fcf": null,
      "ocf": null,
      "capex": null,
      "gross_margin": null,
      "op_margin": null,
      "fcf_margin": null
    },
    {
      "date": "2020-03-31T00:00:00",
      "quarter_label": "2020-03 (Q1)",
      "revenue": 379000,
      "gross_profit": null,
      "operating_income": null,
      "net_income": null,
      "opex": null,
      "cogs": null,
      "rd": null,
      "sga": null,
      "fcf": null,
      "ocf": null,
      "capex": null,
      "gross_margin": null,
      "op_margin": null,
      "fcf_margin": null
    },
    {
      "date": "2020-06-30T00:00:00",
      "quarter_label": "2020-06 (Q2)",
      "revenue": 379000,
      "gross_profit": null,
      "operating_income": null,
      "net_income": null,
      "opex": null,
      "cogs": null,
      "rd": null,
      "sga": null,
      "fcf": null,
      "ocf": null,
      "capex": null,
      "gross_margin": null,
      "op_margin": null,
      "fcf_margin": null
    },
    {
      "date": "2020-09-30T00:00:00",
      "quarter_label": "2020-09 (Q3)",
      "revenue": 379000,
      "gross_profit": null,
      "operating_income": null,
      "net_income": null,
      "opex": null,
      "cogs": null,
      "rd": null,
      "sga": null,
      "fcf": null,
      "ocf": null,
      "capex": null,
      "gross_margin": null,
      "op_margin": null,
      "fcf_margin": null,
      "rev_growth_yoy": 0.0
    },
    {
      "date": "2020-12-31T00:00:00",
      "quarter_label": "2020-12 (Q4)",
      "revenue": 380000,
      "gross_profit": null,
      "operating_income": -19860000,
      "net_income": -20423000,
      "opex": 20240000,
      "cogs": null,
      "rd": 15522000,
      "sga": null,
      "fcf": -15631000,
      "ocf": -15631000,
      "capex": null,
      "gross_margin": null,
      "op_margin": -52.26315789473684,
      "fcf_margin": -41.13421052631579,
      "rev_growth_yoy": 0.0,
      "rev_growth_yoy_accel": 0.0
    },
    {
      "date": "2021-03-31T00:00:00",
      "quarter_label": "2021-03 (Q1)",
      "revenue": 379000,
      "gross_profit": null,
      "operating_income": -27163000,
      "net_income": -27723000,
      "opex": 27542000,
      "cogs": null,
      "rd": 21870000,
      "sga": null,
      "fcf": -22589000,
      "ocf": -22589000,
      "capex": null,
      "gross_margin": null,
      "op_margin": -71.67018469656992,
      "fcf_margin": -59.60158311345646,
      "rev_growth_yoy": 0.0,
      "rev_growth_yoy_accel": 0.0,
      "fcf_margin_change": -18.467372587140673
    },
    {
      "date": "2021-06-30T00:00:00",
      "quarter_label": "2021-06 (Q2)",
      "revenue": 379000,
      "gross_profit": null,
      "operating_income": -22334000,
      "net_income": -22910000,
      "opex": 22713000,
      "cogs": null,
      "rd": 16871000,
      "sga": null,
      "fcf": -24045000,
      "ocf": -24045000,
      "capex": null,
      "gross_margin": null,
      "op_margin": -58.928759894459105,
      "fcf_margin": -63.443271767810025,
      "rev_growth_yoy": 0.0,
      "rev_growth_yoy_accel": 0.0,
      "fcf_margin_change": -3.841688654353561
    },
    {
      "date": "2021-09-30T00:00:00",
      "quarter_label": "2021-09 (Q3)",
      "revenue": 12375000,
      "gross_profit": null,
      "operating_income": -20032000,
      "net_income": -20639000,
      "opex": 32407000,
      "cogs": null,
      "rd": 25606000,
      "sga": null,
      "fcf": -24944000,
      "ocf": -24944000,
      "capex": null,
      "gross_margin": null,
      "op_margin": -1.6187474747474748,
      "fcf_margin": -2.0156767676767675,
      "rev_growth_yoy": 31.651715039577837,
      "rev_growth_yoy_accel": 31.651715039577837,
      "op_leverage_ratio": 74.15983120424298,
      "fcf_margin_change": 61.42759500013326
    },
    {
      "date": "2021-12-31T00:00:00",
      "quarter_label": "2021-12 (Q4)",
      "revenue": 126576000,
      "gross_profit": null,
      "operating_income": 95749000,
      "net_income": 96198000,
      "opex": 30827000,
      "cogs": null,
      "rd": 23900000,
      "sga": null,
      "fcf": 100709000,
      "ocf": 100709000,
      "capex": null,
      "gross_margin": null,
      "op_margin": 0.7564546201491594,
      "fcf_margin": 0.7956405637719631,
      "incr_op_margin_yoy": 0.9161066911788013,
      "rev_growth_yoy": 332.09473684210525,
      "rev_growth_yoy_accel": 300.4430218025274,
      "op_leverage_ratio": Infinity,
      "fcf_margin_change": 2.8113173314487305
    },
    {
      "date": "2023-06-30T00:00:00",
      "quarter_label": "2023-06 (Q2)",
      "revenue": 0,
      "gross_profit": null,
      "operating_income": -49678000,
      "net_income": -44615000,
      "opex": 49678000,
      "cogs": null,
      "rd": 34764000,
      "sga": null,
      "fcf": -35371000,
      "ocf": -35371000,
      "capex": null,
      "gross_margin": null,
      "op_margin": null,
      "fcf_margin": null
    },
    {
      "date": "2023-09-30T00:00:00",
      "quarter_label": "2023-09 (Q3)",
      "revenue": 0,
      "gross_profit": null,
      "operating_income": -56355000,
      "net_income": -51146000,
      "opex": 56355000,
      "cogs": null,
      "rd": 39087000,
      "sga": null,
      "fcf": -44653000,
      "ocf": -44653000,
      "capex": null,
      "gross_margin": null,
      "op_margin": null,
      "fcf_margin": null
    },
    {
      "date": "2023-12-31T00:00:00",
      "quarter_label": "2023-12 (Q4)",
      "revenue": 0,
      "gross_profit": null,
      "operating_income": -77905000,
      "net_income": -72473000,
      "opex": 77905000,
      "cogs": null,
      "rd": 55126000,
      "sga": null,
      "fcf": -41349000,
      "ocf": -41349000,
      "capex": null,
      "gross_margin": null,
      "op_margin": null,
      "fcf_margin": null
    },
    {
      "date": "2024-03-31T00:00:00",
      "quarter_label": "2024-03 (Q1)",
      "revenue": 0,
      "gross_profit": null,
      "operating_income": -79514000,
      "net_income": -72400000,
      "opex": 79514000,
      "cogs": null,
      "rd": 56492000,
      "sga": null,
      "fcf": -83548000,
      "ocf": -83548000,
      "capex": null,
      "gross_margin": null,
      "op_margin": null,
      "fcf_margin": null
    },
    {
      "date": "2024-06-30T00:00:00",
      "quarter_label": "2024-06 (Q2)",
      "revenue": 3500000,
      "gross_profit": null,
      "operating_income": -74216000,
      "net_income": -68063000,
      "opex": 77716000,
      "cogs": null,
      "rd": 48655000,
      "sga": null,
      "fcf": -71645000,
      "ocf": -71645000,
      "capex": null,
      "gross_margin": null,
      "op_margin": -21.204571428571427,
      "fcf_margin": -20.47,
      "incr_op_margin_yoy": -7.010857142857143
    },
    {
      "date": "2024-09-30T00:00:00",
      "quarter_label": "2024-09 (Q3)",
      "revenue": 12500000,
      "gross_profit": null,
      "operating_income": -89577000,
      "net_income": -84126000,
      "opex": 102077000,
      "cogs": null,
      "rd": 70971000,
      "sga": null,
      "fcf": -62322000,
      "ocf": -62322000,
      "capex": null,
      "gross_margin": null,
      "op_margin": -7.16616,
      "fcf_margin": -4.98576,
      "incr_op_margin_yoy": -2.65776,
      "op_leverage_ratio": 8.203322640989404,
      "fcf_margin_change": 15.48424
    },
    {
      "date": "2024-12-31T00:00:00",
      "quarter_label": "2024-12 (Q4)",
      "revenue": 7680000,
      "gross_profit": null,
      "operating_income": -96365000,
      "net_income": -94169000,
      "opex": 104045000,
      "cogs": null,
      "rd": 65529000,
      "sga": null,
      "fcf": -57388000,
      "ocf": -57388000,
      "capex": null,
      "gross_margin": null,
      "op_margin": -12.547526041666666,
      "fcf_margin": -7.472395833333334,
      "incr_op_margin_yoy": -2.4036458333333335,
      "fcf_margin_change": -2.4866358333333336
    },
    {
      "date": "2025-03-31T00:00:00",
      "quarter_label": "2025-03 (Q1)",
      "revenue": 20042000,
      "gross_profit": null,
      "operating_income": -83757000,
      "net_income": -84846000,
      "opex": 103799000,
      "cogs": null,
      "rd": 61636000,
      "sga": null,
      "fcf": -95162000,
      "ocf": -95162000,
      "capex": null,
      "gross_margin": null,
      "op_margin": -4.179073944716096,
      "fcf_margin": -4.748128929248578,
      "incr_op_margin_yoy": -0.21170541862089612,
      "op_leverage_ratio": Infinity,
      "fcf_margin_change": 2.7242669040847556
    },
    {
      "date": "2025-06-30T00:00:00",
      "quarter_label": "2025-06 (Q2)",
      "revenue": 37958000,
      "gross_profit": null,
      "operating_income": -69353000,
      "net_income": -71847000,
      "opex": 107311000,
      "cogs": null,
      "rd": 62227000,
      "sga": null,
      "fcf": -87795000,
      "ocf": -87795000,
      "capex": null,
      "gross_margin": null,
      "op_margin": -1.8270983718847147,
      "fcf_margin": -2.3129511565414407,
      "incr_op_margin_yoy": 0.14112833014104126,
      "rev_growth_yoy": 9.845142857142857,
      "op_leverage_ratio": 26.420355579024367,
      "fcf_margin_change": 2.4351777727071373
    },
    {
      "date": "2025-09-30T00:00:00",
      "quarter_label": "2025-09 (Q3)",
      "revenue": 45871000,
      "gross_profit": null,
      "operating_income": -57426000,
      "net_income": -60715000,
      "opex": 103297000,
      "cogs": null,
      "rd": 56280000,
      "sga": null,
      "fcf": -70535000,
      "ocf": -70535000,
      "capex": null,
      "gross_margin": null,
      "op_margin": -1.251902073205293,
      "fcf_margin": -1.5376817597174686,
      "incr_op_margin_yoy": 0.9634413113182104,
      "rev_growth_yoy": 2.66968,
      "rev_growth_yoy_accel": -7.175462857142858,
      "op_leverage_ratio": Infinity,
      "fcf_margin_change": 0.7752693968239721
    }
  ],
  "signals": [
    {
      "quarter": "2025-09 (Q3)",
      "signal": "FCF MARGIN EXPANSION",
      "detail": "FCF margin: -231.3% -> -153.8% (+77.5%)",
      "severity": "MEDIUM"
    },
    {
      "quarter": "2025-09 (Q3)",
      "signal": "YoY REVENUE GROWTH DECELERATION",
      "detail": "YoY growth: +267.0% vs prior quarter YoY: +984.5% (decel: -717.5%)",
      "severity": "WARNING"
    },
    {
      "quarter": "2025-06 (Q2)",
      "signal": "FCF MARGIN EXPANSION",
      "detail": "FCF margin: -474.8% -> -231.3% (+243.5%)",
      "severity": "MEDIUM"
    },
    {
      "quarter": "2025-06 (Q2)",
      "signal": "OPERATING LEVERAGE",
      "detail": "Rev growth +89.4% vs OpEx growth +3.4% (leverage: 26.4x)",
      "severity": "MEDIUM"
    },
    {
      "quarter": "2025-03 (Q1)",
      "signal": "FCF MARGIN EXPANSION",
      "detail": "FCF margin: -747.2% -> -474.8% (+272.4%)",
      "severity": "MEDIUM"
    },
    {
      "quarter": "2024-09 (Q3)",
      "signal": "FCF MARGIN EXPANSION",
      "detail": "FCF margin: -2047.0% -> -498.6% (+1548.4%)",
      "severity": "MEDIUM"
    },
    {
      "quarter": "2024-09 (Q3)",
      "signal": "OPERATING LEVERAGE",
      "detail": "Rev growth +257.1% vs OpEx growth +31.3% (leverage: 8.2x)",
      "severity": "MEDIUM"
    },
    {
      "quarter": "2021-12 (Q4)",
      "signal": "FCF TURNED POSITIVE",
      "detail": "FCF margin: -201.6% -> +79.6%",
      "severity": "HIGH"
    },
    {
      "quarter": "2021-12 (Q4)",
      "signal": "YoY REVENUE GROWTH ACCELERATION",
      "detail": "YoY growth: +33209.5% vs prior quarter YoY: +3165.2% (accel: +30044.3%)",
      "severity": "HIGH"
    },
    {
      "quarter": "2021-12 (Q4)",
      "signal": "OP MARGIN TURNED POSITIVE (YoY)",
      "detail": "Op margin: -5226.3% (year-ago) -> +75.6%",
      "severity": "HIGH"
    },
    {
      "quarter": "2021-12 (Q4)",
      "signal": "OP MARGIN TURNED POSITIVE (QoQ)",
      "detail": "Op margin: -161.9% -> +75.6%",
      "severity": "HIGH"
    },
    {
      "quarter": "2021-09 (Q3)",
      "signal": "FCF MARGIN EXPANSION",
      "detail": "FCF margin: -6344.3% -> -201.6% (+6142.8%)",
      "severity": "MEDIUM"
    },
    {
      "quarter": "2021-09 (Q3)",
      "signal": "OPERATING LEVERAGE",
      "detail": "Rev growth +3165.2% vs OpEx growth +42.7% (leverage: 74.2x)",
      "severity": "MEDIUM"
    },
    {
      "quarter": "2021-09 (Q3)",
      "signal": "YoY REVENUE GROWTH ACCELERATION",
      "detail": "YoY growth: +3165.2% vs prior quarter YoY: +0.0% (accel: +3165.2%)",
      "severity": "HIGH"
    }
  ],
  "data_quality": {
    "n_quarters": 20,
    "coverage": {
      "revenue": [
        20,
        20
      ],
      "gross_profit": [
        0,
        20
      ],
      "op_income": [
        15,
        20
      ],
      "fcf": [
        15,
        20
      ]
    },
    "gaps": [
      [
        "2021-12 (Q4)",
        "2023-06 (Q2)",
        546
      ]
    ],
    "warnings": [
      "gross_profit: no data",
      "op_income: 15/20Q",
      "fcf: 15/20Q",
      "gap: 5Q missing between 2021-12 (Q4) and 2023-06 (Q2)"
    ]
  },
  "market_cap": null,
  "source": "SEC EDGAR",
  "last_updated": "2026-02-02T21:40:18.570441"
}