{
  "ticker": "SNEX",
  "name": "StoneX Group Inc.",
  "quarters": [
    {
      "date": "2020-12-31T00:00:00",
      "quarter_label": "2020-12 (Q4)",
      "revenue": 9250500000,
      "gross_profit": 380100000,
      "operating_income": null,
      "net_income": 19500000,
      "opex": null,
      "cogs": 8870400000,
      "rd": null,
      "sga": null,
      "fcf": -141200000,
      "ocf": -118800000,
      "capex": -22400000,
      "gross_margin": 0.04108967082860386,
      "op_margin": null,
      "fcf_margin": -0.015264039781633425
    },
    {
      "date": "2021-03-31T00:00:00",
      "quarter_label": "2021-03 (Q1)",
      "revenue": 11244800000,
      "gross_profit": 471400000,
      "operating_income": null,
      "net_income": 55300000,
      "opex": null,
      "cogs": 10773400000,
      "rd": null,
      "sga": null,
      "fcf": 766200000,
      "ocf": 783800000,
      "capex": -17600000,
      "gross_margin": 0.041921599317017645,
      "op_margin": null,
      "fcf_margin": 0.06813816163915766,
      "fcf_margin_change": 0.08340220142079108
    },
    {
      "date": "2021-06-30T00:00:00",
      "quarter_label": "2021-06 (Q2)",
      "revenue": 10192100000,
      "gross_profit": 431500000,
      "operating_income": null,
      "net_income": 34200000,
      "opex": null,
      "cogs": 9760600000,
      "rd": null,
      "sga": null,
      "fcf": 700100000,
      "ocf": 713600000,
      "capex": -13500000,
      "gross_margin": 0.04233671176695676,
      "op_margin": null,
      "fcf_margin": 0.06869045633382719,
      "fcf_margin_change": 0.0005522946946695251
    },
    {
      "date": "2021-09-30T00:00:00",
      "quarter_label": "2021-09 (Q3)",
      "revenue": 11846800000,
      "gross_profit": 390100000,
      "operating_income": null,
      "net_income": 7300000,
      "opex": null,
      "cogs": 11456700000,
      "rd": null,
      "sga": null,
      "fcf": 735500000,
      "ocf": 744100000,
      "capex": -8600000,
      "gross_margin": 0.03292872336833575,
      "op_margin": null,
      "fcf_margin": 0.062084275922612016,
      "fcf_margin_change": -0.006606180411215169
    },
    {
      "date": "2021-12-31T00:00:00",
      "quarter_label": "2021-12 (Q4)",
      "revenue": 14341400000,
      "gross_profit": 450500000,
      "operating_income": null,
      "net_income": 41700000,
      "opex": null,
      "cogs": 13890900000,
      "rd": null,
      "sga": null,
      "fcf": -607500000,
      "ocf": -600200000,
      "capex": -7300000,
      "gross_margin": 0.031412553865034096,
      "op_margin": null,
      "fcf_margin": -0.04235988118314809,
      "rev_growth_yoy": 0.5503378195773202,
      "fcf_margin_change": -0.1044441571057601
    },
    {
      "date": "2022-03-31T00:00:00",
      "quarter_label": "2022-03 (Q1)",
      "revenue": 16382700000,
      "gross_profit": 544700000,
      "operating_income": null,
      "net_income": 64000000,
      "opex": null,
      "cogs": 15838000000,
      "rd": null,
      "sga": null,
      "fcf": 2685200000,
      "ocf": 2702200000,
      "capex": -17000000,
      "gross_margin": 0.0332484877340121,
      "op_margin": null,
      "fcf_margin": 0.16390460668876314,
      "rev_growth_yoy": 0.45691341775754124,
      "rev_growth_yoy_accel": -0.09342440181977896,
      "fcf_margin_change": 0.20626448787191123
    },
    {
      "date": "2022-06-30T00:00:00",
      "quarter_label": "2022-06 (Q2)",
      "revenue": 18930900000,
      "gross_profit": 528800000,
      "operating_income": null,
      "net_income": 49100000,
      "opex": null,
      "cogs": 18402100000,
      "rd": null,
      "sga": null,
      "fcf": -2611300000,
      "ocf": -2598000000,
      "capex": -13300000,
      "gross_margin": 0.027933167466945574,
      "op_margin": null,
      "fcf_margin": -0.1379385026596728,
      "rev_growth_yoy": 0.8574091698472346,
      "rev_growth_yoy_accel": 0.40049575208969335,
      "fcf_margin_change": -0.30184310934843595
    },
    {
      "date": "2022-09-30T00:00:00",
      "quarter_label": "2022-09 (Q3)",
      "revenue": 16381000000,
      "gross_profit": 583400000,
      "operating_income": null,
      "net_income": 52300000,
      "opex": null,
      "cogs": 15797600000,
      "rd": null,
      "sga": null,
      "fcf": 254600000,
      "ocf": 266500000,
      "capex": -11900000,
      "gross_margin": 0.03561443135339723,
      "op_margin": null,
      "fcf_margin": 0.015542396679079421,
      "rev_growth_yoy": 0.38273626633352464,
      "rev_growth_yoy_accel": -0.47467290351370994,
      "fcf_margin_change": 0.15348089933875222
    },
    {
      "date": "2022-12-31T00:00:00",
      "quarter_label": "2022-12 (Q4)",
      "revenue": 13011600000,
      "gross_profit": 654800000,
      "operating_income": -11100000,
      "net_income": 76600000,
      "opex": 665900000,
      "cogs": 12356800000,
      "rd": null,
      "sga": null,
      "fcf": 1035400000,
      "ocf": 1046700000,
      "capex": -11300000,
      "gross_margin": 0.05032432598604322,
      "op_margin": -0.0008530849395923637,
      "fcf_margin": 0.07957514832918319,
      "rev_growth_yoy": -0.09272455966642029,
      "rev_growth_yoy_accel": -0.47546082599994494,
      "fcf_margin_change": 0.06403275165010378
    },
    {
      "date": "2023-03-31T00:00:00",
      "quarter_label": "2023-03 (Q1)",
      "revenue": 16161000000,
      "gross_profit": 704400000,
      "operating_income": -21800000,
      "net_income": 41700000,
      "opex": 726200000,
      "cogs": 15456600000,
      "rd": null,
      "sga": null,
      "fcf": -1660600000,
      "ocf": -1649400000,
      "capex": -11200000,
      "gross_margin": 0.04358641173194728,
      "op_margin": -0.0013489264278200607,
      "fcf_margin": -0.10275354247880701,
      "rev_growth_yoy": -0.013532567891739457,
      "rev_growth_yoy_accel": 0.07919199177468084,
      "op_leverage_ratio": 2.6729376114294645,
      "fcf_margin_change": -0.1823286908079902
    },
    {
      "date": "2023-06-30T00:00:00",
      "quarter_label": "2023-06 (Q2)",
      "revenue": 15047900000,
      "gross_profit": 776900000,
      "operating_income": -14100000,
      "net_income": 69500000,
      "opex": 791000000,
      "cogs": 14271000000,
      "rd": null,
      "sga": null,
      "fcf": 197600000,
      "ocf": 207900000,
      "capex": -10300000,
      "gross_margin": 0.05162846643053184,
      "op_margin": -0.0009370078216894052,
      "fcf_margin": 0.013131400394739465,
      "rev_growth_yoy": -0.20511438970149332,
      "rev_growth_yoy_accel": -0.19158182180975386,
      "fcf_margin_change": 0.11588494287354648
    },
    {
      "date": "2023-09-30T00:00:00",
      "quarter_label": "2023-09 (Q3)",
      "revenue": 16635600000,
      "gross_profit": 778000000,
      "operating_income": -15900000,
      "net_income": 50700000,
      "opex": 793900000,
      "cogs": 15857600000,
      "rd": null,
      "sga": null,
      "fcf": 357000000,
      "ocf": 371100000,
      "capex": -14100000,
      "gross_margin": 0.04676717401235904,
      "op_margin": -0.0009557815768592657,
      "fcf_margin": 0.021460001442689173,
      "rev_growth_yoy": 0.015542396679079421,
      "rev_growth_yoy_accel": 0.22065678638057273,
      "op_leverage_ratio": 28.778690851810918,
      "fcf_margin_change": 0.008328601047949708
    },
    {
      "date": "2023-12-31T00:00:00",
      "quarter_label": "2023-12 (Q4)",
      "revenue": 19573000000,
      "gross_profit": 784200000,
      "operating_income": -15600000,
      "net_income": 69100000,
      "opex": 799800000,
      "cogs": 18788800000,
      "rd": null,
      "sga": null,
      "fcf": 139700000,
      "ocf": 152400000,
      "capex": -12700000,
      "gross_margin": 0.040065396209063506,
      "op_margin": -0.0007970162979614775,
      "fcf_margin": 0.007137383129821693,
      "incr_op_margin_yoy": -0.0006858292437589539,
      "rev_growth_yoy": 0.504273110147868,
      "rev_growth_yoy_accel": 0.4887307134687886,
      "op_leverage_ratio": 23.759560974198276,
      "fcf_margin_change": -0.01432261831286748
    },
    {
      "date": "2024-03-31T00:00:00",
      "quarter_label": "2024-03 (Q1)",
      "revenue": 22106100000,
      "gross_profit": 818200000,
      "operating_income": -12800000,
      "net_income": 53100000,
      "opex": 831000000,
      "cogs": 21287900000,
      "rd": null,
      "sga": null,
      "fcf": 766600000,
      "ocf": 784000000,
      "capex": -17400000,
      "gross_margin": 0.03701240833977952,
      "op_margin": -0.000579025698789022,
      "fcf_margin": 0.03467821099153627,
      "incr_op_margin_yoy": 0.0015138517434525912,
      "rev_growth_yoy": 0.36786708743270835,
      "rev_growth_yoy_accel": -0.13640602271515967,
      "op_leverage_ratio": 3.3175826000495183,
      "fcf_margin_change": 0.02754082786171458
    },
    {
      "date": "2024-06-30T00:00:00",
      "quarter_label": "2024-06 (Q2)",
      "revenue": 27069700000,
      "gross_profit": 913700000,
      "operating_income": -26900000,
      "net_income": 61900000,
      "opex": 940600000,
      "cogs": 26156000000,
      "rd": null,
      "sga": null,
      "fcf": -640500000,
      "ocf": -622100000,
      "capex": -18400000,
      "gross_margin": 0.0337536064308064,
      "op_margin": -0.000993730998127057,
      "fcf_margin": -0.023661141423805952,
      "incr_op_margin_yoy": -0.0010647324028015771,
      "rev_growth_yoy": 0.7989021723961482,
      "rev_growth_yoy_accel": 0.4310350849634399,
      "op_leverage_ratio": 1.702452937899989,
      "fcf_margin_change": -0.05833935241534222
    },
    {
      "date": "2024-09-30T00:00:00",
      "quarter_label": "2024-09 (Q3)",
      "revenue": 31139000000,
      "gross_profit": 920100000,
      "operating_income": -9400000,
      "net_income": 76700000,
      "opex": 929500000,
      "cogs": 30218900000,
      "rd": null,
      "sga": null,
      "fcf": 175900000,
      "ocf": 192600000,
      "capex": -16700000,
      "gross_margin": 0.02954815504672597,
      "op_margin": -0.000301872250232827,
      "fcf_margin": 0.00564886476765471,
      "incr_op_margin_yoy": 0.0004481707737496035,
      "rev_growth_yoy": 0.8718290894226839,
      "rev_growth_yoy_accel": 0.07292691702653564,
      "op_leverage_ratio": Infinity,
      "fcf_margin_change": 0.029310006191460663
    },
    {
      "date": "2024-12-31T00:00:00",
      "quarter_label": "2024-12 (Q4)",
      "revenue": 27935300000,
      "gross_profit": 944300000,
      "operating_income": -21100000,
      "net_income": 85100000,
      "opex": 965400000,
      "cogs": 26991000000,
      "rd": null,
      "sga": null,
      "fcf": -491400000,
      "ocf": -477800000,
      "capex": -13600000,
      "gross_margin": 0.033803109327624904,
      "op_margin": -0.0007553167497753739,
      "fcf_margin": -0.017590646959223636,
      "incr_op_margin_yoy": -0.0006577137868768162,
      "rev_growth_yoy": 0.42723649925918356,
      "rev_growth_yoy_accel": -0.44459259016350033,
      "fcf_margin_change": -0.023239511726878347
    },
    {
      "date": "2025-03-31T00:00:00",
      "quarter_label": "2025-03 (Q1)",
      "revenue": 36890700000,
      "gross_profit": 956000000,
      "operating_income": -8600000,
      "net_income": 71700000,
      "opex": 964600000,
      "cogs": 35934700000,
      "rd": null,
      "sga": null,
      "fcf": -169800000,
      "ocf": -154500000,
      "capex": -15300000,
      "gross_margin": 0.02591439034770281,
      "op_margin": -0.00023312108471782862,
      "fcf_margin": -0.004602786068033406,
      "incr_op_margin_yoy": 0.00028407937989529644,
      "rev_growth_yoy": 0.6688018239309512,
      "rev_growth_yoy_accel": 0.24156532467176767,
      "op_leverage_ratio": Infinity,
      "fcf_margin_change": 0.01298786089119023
    },
    {
      "date": "2025-06-30T00:00:00",
      "quarter_label": "2025-06 (Q2)",
      "revenue": 34828800000,
      "gross_profit": 1024300000,
      "operating_income": -10900000,
      "net_income": 63400000,
      "opex": 1035200000,
      "cogs": 33804500000,
      "rd": null,
      "sga": null,
      "fcf": 1475200000,
      "ocf": 1491200000,
      "capex": -16000000,
      "gross_margin": 0.0294095690922455,
      "op_margin": -0.00031295938993017276,
      "fcf_margin": 0.04235575156192576,
      "incr_op_margin_yoy": 0.0020620948305860214,
      "rev_growth_yoy": 0.28663413336682714,
      "rev_growth_yoy_accel": -0.3821676905641241,
      "fcf_margin_change": 0.04695853762995916
    },
    {
      "date": "2025-09-30T00:00:00",
      "quarter_label": "2025-09 (Q3)",
      "revenue": 32723400000,
      "gross_profit": 1202300000,
      "operating_income": null,
      "net_income": 85700000,
      "opex": null,
      "cogs": 31521100000,
      "rd": null,
      "sga": null,
      "fcf": 3508900000,
      "ocf": 3529400000,
      "capex": -20500000,
      "gross_margin": 0.036741292164017184,
      "op_margin": null,
      "fcf_margin": 0.10722907766307901,
      "rev_growth_yoy": 0.050881531198818206,
      "rev_growth_yoy_accel": -0.23575260216800892,
      "fcf_margin_change": 0.06487332610115326
    }
  ],
  "signals": [
    {
      "quarter": "2025-09 (Q3)",
      "signal": "FCF MARGIN EXPANSION",
      "detail": "FCF margin: +4.2% -> +10.7% (+6.5%)",
      "severity": "MEDIUM"
    },
    {
      "quarter": "2025-09 (Q3)",
      "signal": "YoY REVENUE GROWTH DECELERATION",
      "detail": "YoY growth: +5.1% vs prior quarter YoY: +28.7% (decel: -23.6%)",
      "severity": "WARNING"
    },
    {
      "quarter": "2025-06 (Q2)",
      "signal": "FCF TURNED POSITIVE",
      "detail": "FCF margin: -0.5% -> +4.2%",
      "severity": "HIGH"
    },
    {
      "quarter": "2025-06 (Q2)",
      "signal": "YoY REVENUE GROWTH DECELERATION",
      "detail": "YoY growth: +28.7% vs prior quarter YoY: +66.9% (decel: -38.2%)",
      "severity": "WARNING"
    },
    {
      "quarter": "2025-03 (Q1)",
      "signal": "YoY REVENUE GROWTH ACCELERATION",
      "detail": "YoY growth: +66.9% vs prior quarter YoY: +42.7% (accel: +24.2%)",
      "severity": "HIGH"
    },
    {
      "quarter": "2024-12 (Q4)",
      "signal": "YoY REVENUE GROWTH DECELERATION",
      "detail": "YoY growth: +42.7% vs prior quarter YoY: +87.2% (decel: -44.5%)",
      "severity": "WARNING"
    },
    {
      "quarter": "2024-09 (Q3)",
      "signal": "FCF TURNED POSITIVE",
      "detail": "FCF margin: -2.4% -> +0.6%",
      "severity": "HIGH"
    },
    {
      "quarter": "2024-09 (Q3)",
      "signal": "YoY REVENUE GROWTH ACCELERATION",
      "detail": "YoY growth: +87.2% vs prior quarter YoY: +79.9% (accel: +7.3%)",
      "severity": "MEDIUM"
    },
    {
      "quarter": "2024-06 (Q2)",
      "signal": "OPERATING LEVERAGE",
      "detail": "Rev growth +22.5% vs OpEx growth +13.2% (leverage: 1.7x)",
      "severity": "MEDIUM"
    },
    {
      "quarter": "2024-06 (Q2)",
      "signal": "YoY REVENUE GROWTH ACCELERATION",
      "detail": "YoY growth: +79.9% vs prior quarter YoY: +36.8% (accel: +43.1%)",
      "severity": "HIGH"
    },
    {
      "quarter": "2024-03 (Q1)",
      "signal": "OPERATING LEVERAGE",
      "detail": "Rev growth +12.9% vs OpEx growth +3.9% (leverage: 3.3x)",
      "severity": "MEDIUM"
    },
    {
      "quarter": "2024-03 (Q1)",
      "signal": "YoY REVENUE GROWTH DECELERATION",
      "detail": "YoY growth: +36.8% vs prior quarter YoY: +50.4% (decel: -13.6%)",
      "severity": "WARNING"
    },
    {
      "quarter": "2023-12 (Q4)",
      "signal": "OPERATING LEVERAGE",
      "detail": "Rev growth +17.7% vs OpEx growth +0.7% (leverage: 23.8x)",
      "severity": "MEDIUM"
    },
    {
      "quarter": "2023-12 (Q4)",
      "signal": "YoY REVENUE GROWTH ACCELERATION",
      "detail": "YoY growth: +50.4% vs prior quarter YoY: +1.6% (accel: +48.9%)",
      "severity": "HIGH"
    },
    {
      "quarter": "2023-09 (Q3)",
      "signal": "OPERATING LEVERAGE",
      "detail": "Rev growth +10.6% vs OpEx growth +0.4% (leverage: 28.8x)",
      "severity": "MEDIUM"
    },
    {
      "quarter": "2023-09 (Q3)",
      "signal": "YoY REVENUE GROWTH ACCELERATION",
      "detail": "YoY growth: +1.6% vs prior quarter YoY: -20.5% (accel: +22.1%)",
      "severity": "HIGH"
    },
    {
      "quarter": "2023-06 (Q2)",
      "signal": "FCF TURNED POSITIVE",
      "detail": "FCF margin: -10.3% -> +1.3%",
      "severity": "HIGH"
    },
    {
      "quarter": "2023-06 (Q2)",
      "signal": "YoY REVENUE GROWTH DECELERATION",
      "detail": "YoY growth: -20.5% vs prior quarter YoY: -1.4% (decel: -19.2%)",
      "severity": "WARNING"
    },
    {
      "quarter": "2023-03 (Q1)",
      "signal": "OPERATING LEVERAGE",
      "detail": "Rev growth +24.2% vs OpEx growth +9.1% (leverage: 2.7x)",
      "severity": "MEDIUM"
    },
    {
      "quarter": "2023-03 (Q1)",
      "signal": "YoY REVENUE GROWTH ACCELERATION",
      "detail": "YoY growth: -1.4% vs prior quarter YoY: -9.3% (accel: +7.9%)",
      "severity": "MEDIUM"
    },
    {
      "quarter": "2022-12 (Q4)",
      "signal": "FCF MARGIN EXPANSION",
      "detail": "FCF margin: +1.6% -> +8.0% (+6.4%)",
      "severity": "MEDIUM"
    },
    {
      "quarter": "2022-12 (Q4)",
      "signal": "YoY REVENUE GROWTH DECELERATION",
      "detail": "YoY growth: -9.3% vs prior quarter YoY: +38.3% (decel: -47.5%)",
      "severity": "WARNING"
    },
    {
      "quarter": "2022-09 (Q3)",
      "signal": "FCF TURNED POSITIVE",
      "detail": "FCF margin: -13.8% -> +1.6%",
      "severity": "HIGH"
    },
    {
      "quarter": "2022-09 (Q3)",
      "signal": "YoY REVENUE GROWTH DECELERATION",
      "detail": "YoY growth: +38.3% vs prior quarter YoY: +85.7% (decel: -47.5%)",
      "severity": "WARNING"
    },
    {
      "quarter": "2022-06 (Q2)",
      "signal": "YoY REVENUE GROWTH ACCELERATION",
      "detail": "YoY growth: +85.7% vs prior quarter YoY: +45.7% (accel: +40.0%)",
      "severity": "HIGH"
    },
    {
      "quarter": "2022-03 (Q1)",
      "signal": "FCF TURNED POSITIVE",
      "detail": "FCF margin: -4.2% -> +16.4%",
      "severity": "HIGH"
    },
    {
      "quarter": "2022-03 (Q1)",
      "signal": "YoY REVENUE GROWTH DECELERATION",
      "detail": "YoY growth: +45.7% vs prior quarter YoY: +55.0% (decel: -9.3%)",
      "severity": "WARNING"
    },
    {
      "quarter": "2021-03 (Q1)",
      "signal": "FCF TURNED POSITIVE",
      "detail": "FCF margin: -1.5% -> +6.8%",
      "severity": "HIGH"
    }
  ],
  "data_quality": {
    "n_quarters": 20,
    "coverage": {
      "revenue": [
        20,
        20
      ],
      "gross_profit": [
        20,
        20
      ],
      "op_income": [
        11,
        20
      ],
      "fcf": [
        20,
        20
      ]
    },
    "gaps": [],
    "warnings": [
      "op_income: 11/20Q"
    ]
  },
  "market_cap": null,
  "source": "SEC EDGAR",
  "last_updated": "2026-02-02T20:58:36.340677"
}