{
  "ticker": "SNFCA",
  "name": "Security National Financial Corporation",
  "quarters": [
    {
      "date": "2020-12-31T00:00:00",
      "quarter_label": "2020-12 (Q4)",
      "revenue": 136988066,
      "gross_profit": 136137003,
      "operating_income": null,
      "net_income": 4310348,
      "opex": null,
      "cogs": 851063,
      "rd": null,
      "sga": null,
      "fcf": 34442577,
      "ocf": 34961951,
      "capex": -519374,
      "gross_margin": 0.9937873201304995,
      "op_margin": null,
      "fcf_margin": 0.25142757326028675
    },
    {
      "date": "2021-03-31T00:00:00",
      "quarter_label": "2021-03 (Q1)",
      "revenue": 122658606,
      "gross_profit": 121558642,
      "operating_income": null,
      "net_income": 12128715,
      "opex": null,
      "cogs": 1099964,
      "rd": null,
      "sga": null,
      "fcf": 98110831,
      "ocf": 100975851,
      "capex": -2865020,
      "gross_margin": 0.9910323128896475,
      "op_margin": null,
      "fcf_margin": 0.7998691180299244,
      "fcf_margin_change": 0.5484415447696377
    },
    {
      "date": "2021-06-30T00:00:00",
      "quarter_label": "2021-06 (Q2)",
      "revenue": 116750315,
      "gross_profit": 115877527,
      "operating_income": null,
      "net_income": 11257479,
      "opex": null,
      "cogs": 872788,
      "rd": null,
      "sga": null,
      "fcf": 23022424,
      "ocf": 23500293,
      "capex": -477869,
      "gross_margin": 0.9925243199557963,
      "op_margin": null,
      "fcf_margin": 0.19719367780720762,
      "fcf_margin_change": -0.6026754402227168
    },
    {
      "date": "2021-09-30T00:00:00",
      "quarter_label": "2021-09 (Q3)",
      "revenue": 119509131,
      "gross_profit": 118601117,
      "operating_income": null,
      "net_income": 10790730,
      "opex": null,
      "cogs": 908014,
      "rd": null,
      "sga": null,
      "fcf": 3570062,
      "ocf": 4414753,
      "capex": -844691,
      "gross_margin": 0.9924021370383824,
      "op_margin": null,
      "fcf_margin": 0.02987271324063096,
      "fcf_margin_change": -0.16732096456657666
    },
    {
      "date": "2021-12-31T00:00:00",
      "quarter_label": "2021-12 (Q4)",
      "revenue": 111777490,
      "gross_profit": 110954242,
      "operating_income": null,
      "net_income": 5342066,
      "opex": null,
      "cogs": 823248,
      "rd": null,
      "sga": null,
      "fcf": 14714997,
      "ocf": 15747345,
      "capex": -1032348,
      "gross_margin": 0.9926349392887602,
      "op_margin": null,
      "fcf_margin": 0.13164544131381015,
      "rev_growth_yoy": -0.1840348341000741,
      "fcf_margin_change": 0.10177272807317919
    },
    {
      "date": "2022-03-31T00:00:00",
      "quarter_label": "2022-03 (Q1)",
      "revenue": 102425907,
      "gross_profit": 101240893,
      "operating_income": null,
      "net_income": 3228718,
      "opex": null,
      "cogs": 1185014,
      "rd": null,
      "sga": null,
      "fcf": 72151966,
      "ocf": 72508768,
      "capex": -356802,
      "gross_margin": 0.9884305247109015,
      "op_margin": null,
      "fcf_margin": 0.7044308233462848,
      "rev_growth_yoy": -0.1649513202522455,
      "rev_growth_yoy_accel": 0.01908351384782861,
      "fcf_margin_change": 0.5727853820324746
    },
    {
      "date": "2022-06-30T00:00:00",
      "quarter_label": "2022-06 (Q2)",
      "revenue": 95566654,
      "gross_profit": 94323815,
      "operating_income": null,
      "net_income": 3574449,
      "opex": null,
      "cogs": 1242839,
      "rd": null,
      "sga": null,
      "fcf": 24780863,
      "ocf": 25130119,
      "capex": -349256,
      "gross_margin": 0.9869950558277367,
      "op_margin": null,
      "fcf_margin": 0.2593044954780985,
      "rev_growth_yoy": -0.18144414428346511,
      "rev_growth_yoy_accel": -0.016492824031219627,
      "fcf_margin_change": -0.44512632786818634
    },
    {
      "date": "2022-09-30T00:00:00",
      "quarter_label": "2022-09 (Q3)",
      "revenue": 83477220,
      "gross_profit": 82276739,
      "operating_income": null,
      "net_income": -2353185,
      "opex": null,
      "cogs": 1200481,
      "rd": null,
      "sga": null,
      "fcf": 11419026,
      "ocf": 11679343,
      "capex": -260317,
      "gross_margin": 0.9856190587084716,
      "op_margin": null,
      "fcf_margin": 0.13679212125176185,
      "rev_growth_yoy": -0.3014992302136311,
      "rev_growth_yoy_accel": -0.120055085930166,
      "fcf_margin_change": -0.12251237422633662
    },
    {
      "date": "2022-12-31T00:00:00",
      "quarter_label": "2022-12 (Q4)",
      "revenue": 108182547,
      "gross_profit": 107089787,
      "operating_income": null,
      "net_income": 21240320,
      "opex": null,
      "cogs": 1092760,
      "rd": null,
      "sga": null,
      "fcf": 20498404,
      "ocf": 21132224,
      "capex": -633820,
      "gross_margin": 0.9898989251935435,
      "op_margin": null,
      "fcf_margin": 0.18947976885772527,
      "rev_growth_yoy": -0.032161600694379525,
      "rev_growth_yoy_accel": 0.2693376295192516,
      "fcf_margin_change": 0.05268764760596342
    },
    {
      "date": "2023-03-31T00:00:00",
      "quarter_label": "2023-03 (Q1)",
      "revenue": 79500734,
      "gross_profit": 78315106,
      "operating_income": null,
      "net_income": 1240172,
      "opex": null,
      "cogs": 1185628,
      "rd": null,
      "sga": null,
      "fcf": -16324441,
      "ocf": -16073799,
      "capex": -250642,
      "gross_margin": 0.9850865779427899,
      "op_margin": null,
      "fcf_margin": -0.20533698468746214,
      "rev_growth_yoy": -0.22382201604521793,
      "rev_growth_yoy_accel": -0.1916604153508384,
      "fcf_margin_change": -0.3948167535451874
    },
    {
      "date": "2023-06-30T00:00:00",
      "quarter_label": "2023-06 (Q2)",
      "revenue": 83846159,
      "gross_profit": 82594516,
      "operating_income": null,
      "net_income": 6352706,
      "opex": null,
      "cogs": 1251643,
      "rd": null,
      "sga": null,
      "fcf": 17978195,
      "ocf": 18254838,
      "capex": -276643,
      "gross_margin": 0.9850721486240055,
      "op_margin": null,
      "fcf_margin": 0.2144188262696685,
      "rev_growth_yoy": -0.12264209857132803,
      "rev_growth_yoy_accel": 0.1011799174738899,
      "fcf_margin_change": 0.41975581095713066
    },
    {
      "date": "2023-09-30T00:00:00",
      "quarter_label": "2023-09 (Q3)",
      "revenue": 80241727,
      "gross_profit": 79064399,
      "operating_income": null,
      "net_income": 4041293,
      "opex": null,
      "cogs": 1177328,
      "rd": null,
      "sga": null,
      "fcf": 15938445,
      "ocf": 16202729,
      "capex": -264284,
      "gross_margin": 0.9853277335369415,
      "op_margin": null,
      "fcf_margin": 0.19863038341634895,
      "rev_growth_yoy": -0.038758993172029445,
      "rev_growth_yoy_accel": 0.08388310539929858,
      "fcf_margin_change": -0.01578844285331954
    },
    {
      "date": "2023-12-31T00:00:00",
      "quarter_label": "2023-12 (Q4)",
      "revenue": 74908870,
      "gross_profit": 73717769,
      "operating_income": null,
      "net_income": 2860887,
      "opex": null,
      "cogs": 1191101,
      "rd": null,
      "sga": null,
      "fcf": 35172985,
      "ocf": 35491353,
      "capex": -318368,
      "gross_margin": 0.9840993329628387,
      "op_margin": null,
      "fcf_margin": 0.4695436601833668,
      "rev_growth_yoy": -0.3075697321121493,
      "rev_growth_yoy_accel": -0.2688107389401198,
      "fcf_margin_change": 0.2709132767670178
    },
    {
      "date": "2024-03-31T00:00:00",
      "quarter_label": "2024-03 (Q1)",
      "revenue": 81188198,
      "gross_profit": 79914069,
      "operating_income": null,
      "net_income": 7474522,
      "opex": null,
      "cogs": 1274129,
      "rd": null,
      "sga": null,
      "fcf": 24821089,
      "ocf": 25077244,
      "capex": -256155,
      "gross_margin": 0.984306475184977,
      "op_margin": null,
      "fcf_margin": 0.30572287119859465,
      "rev_growth_yoy": 0.021225766292925045,
      "rev_growth_yoy_accel": 0.3287954984050743,
      "fcf_margin_change": -0.16382078898477215
    },
    {
      "date": "2024-06-30T00:00:00",
      "quarter_label": "2024-06 (Q2)",
      "revenue": 85791336,
      "gross_profit": 84555877,
      "operating_income": null,
      "net_income": 7271549,
      "opex": null,
      "cogs": 1235459,
      "rd": null,
      "sga": null,
      "fcf": -17140091,
      "ocf": -16973107,
      "capex": -166984,
      "gross_margin": 0.9855992567827595,
      "op_margin": null,
      "fcf_margin": -0.199788134783214,
      "rev_growth_yoy": 0.02319935728958079,
      "rev_growth_yoy_accel": 0.001973590996655745,
      "fcf_margin_change": -0.5055110059818086
    },
    {
      "date": "2024-09-30T00:00:00",
      "quarter_label": "2024-09 (Q3)",
      "revenue": 88273687,
      "gross_profit": 87156174,
      "operating_income": null,
      "net_income": 11831444,
      "opex": null,
      "cogs": 1117513,
      "rd": null,
      "sga": null,
      "fcf": 26637677,
      "ocf": 26790186,
      "capex": -152509,
      "gross_margin": 0.9873403611202962,
      "op_margin": null,
      "fcf_margin": 0.30176237002539613,
      "rev_growth_yoy": 0.10009704801094324,
      "rev_growth_yoy_accel": 0.07689769072136245,
      "fcf_margin_change": 0.5015505048086102
    },
    {
      "date": "2024-12-31T00:00:00",
      "quarter_label": "2024-12 (Q4)",
      "revenue": 79269447,
      "gross_profit": 78093020,
      "operating_income": null,
      "net_income": -41747,
      "opex": null,
      "cogs": 1176427,
      "rd": null,
      "sga": null,
      "fcf": 20531143,
      "ocf": 22425527,
      "capex": -1894384,
      "gross_margin": 0.9851591370380066,
      "op_margin": null,
      "fcf_margin": 0.2590044938751749,
      "rev_growth_yoy": 0.05821175783321788,
      "rev_growth_yoy_accel": -0.04188529017772536,
      "fcf_margin_change": -0.04275787615022125
    },
    {
      "date": "2025-03-31T00:00:00",
      "quarter_label": "2025-03 (Q1)",
      "revenue": 82739723,
      "gross_profit": 81486453,
      "operating_income": null,
      "net_income": 4338292,
      "opex": null,
      "cogs": 1253270,
      "rd": null,
      "sga": null,
      "fcf": 9144372,
      "ocf": 9585902,
      "capex": -441530,
      "gross_margin": 0.9848528620285567,
      "op_margin": null,
      "fcf_margin": 0.11051973185842065,
      "rev_growth_yoy": 0.01911022831175536,
      "rev_growth_yoy_accel": -0.03910152952146252,
      "fcf_margin_change": -0.14848476201675423
    },
    {
      "date": "2025-06-30T00:00:00",
      "quarter_label": "2025-06 (Q2)",
      "revenue": 89541149,
      "gross_profit": 88381866,
      "operating_income": null,
      "net_income": 6506355,
      "opex": null,
      "cogs": 1159283,
      "rd": null,
      "sga": null,
      "fcf": -8123568,
      "ocf": -7681022,
      "capex": -442546,
      "gross_margin": 0.9870530698684691,
      "op_margin": null,
      "fcf_margin": -0.09072441096327678,
      "rev_growth_yoy": 0.04370852786346631,
      "rev_growth_yoy_accel": 0.02459829955171095,
      "fcf_margin_change": -0.20124414282169745
    },
    {
      "date": "2025-09-30T00:00:00",
      "quarter_label": "2025-09 (Q3)",
      "revenue": 89326163,
      "gross_profit": 88212738,
      "operating_income": null,
      "net_income": 7815026,
      "opex": null,
      "cogs": 1113425,
      "rd": null,
      "sga": null,
      "fcf": 24940704,
      "ocf": 25648114,
      "capex": -707410,
      "gross_margin": 0.9875352868341608,
      "op_margin": null,
      "fcf_margin": 0.2792093957959439,
      "rev_growth_yoy": 0.011922873460581747,
      "rev_growth_yoy_accel": -0.03178565440288456,
      "fcf_margin_change": 0.36993380675922066
    }
  ],
  "signals": [
    {
      "quarter": "2025-09 (Q3)",
      "signal": "FCF TURNED POSITIVE",
      "detail": "FCF margin: -9.1% -> +27.9%",
      "severity": "HIGH"
    },
    {
      "quarter": "2024-09 (Q3)",
      "signal": "FCF TURNED POSITIVE",
      "detail": "FCF margin: -20.0% -> +30.2%",
      "severity": "HIGH"
    },
    {
      "quarter": "2024-09 (Q3)",
      "signal": "YoY REVENUE GROWTH ACCELERATION",
      "detail": "YoY growth: +10.0% vs prior quarter YoY: +2.3% (accel: +7.7%)",
      "severity": "MEDIUM"
    },
    {
      "quarter": "2024-03 (Q1)",
      "signal": "YoY REVENUE GROWTH ACCELERATION",
      "detail": "YoY growth: +2.1% vs prior quarter YoY: -30.8% (accel: +32.9%)",
      "severity": "HIGH"
    },
    {
      "quarter": "2023-12 (Q4)",
      "signal": "FCF MARGIN EXPANSION",
      "detail": "FCF margin: +19.9% -> +47.0% (+27.1%)",
      "severity": "MEDIUM"
    },
    {
      "quarter": "2023-12 (Q4)",
      "signal": "YoY REVENUE GROWTH DECELERATION",
      "detail": "YoY growth: -30.8% vs prior quarter YoY: -3.9% (decel: -26.9%)",
      "severity": "WARNING"
    },
    {
      "quarter": "2023-09 (Q3)",
      "signal": "YoY REVENUE GROWTH ACCELERATION",
      "detail": "YoY growth: -3.9% vs prior quarter YoY: -12.3% (accel: +8.4%)",
      "severity": "MEDIUM"
    },
    {
      "quarter": "2023-06 (Q2)",
      "signal": "FCF TURNED POSITIVE",
      "detail": "FCF margin: -20.5% -> +21.4%",
      "severity": "HIGH"
    },
    {
      "quarter": "2023-06 (Q2)",
      "signal": "YoY REVENUE GROWTH ACCELERATION",
      "detail": "YoY growth: -12.3% vs prior quarter YoY: -22.4% (accel: +10.1%)",
      "severity": "MEDIUM"
    },
    {
      "quarter": "2023-03 (Q1)",
      "signal": "YoY REVENUE GROWTH DECELERATION",
      "detail": "YoY growth: -22.4% vs prior quarter YoY: -3.2% (decel: -19.2%)",
      "severity": "WARNING"
    },
    {
      "quarter": "2022-12 (Q4)",
      "signal": "FCF MARGIN EXPANSION",
      "detail": "FCF margin: +13.7% -> +18.9% (+5.3%)",
      "severity": "MEDIUM"
    },
    {
      "quarter": "2022-12 (Q4)",
      "signal": "YoY REVENUE GROWTH ACCELERATION",
      "detail": "YoY growth: -3.2% vs prior quarter YoY: -30.1% (accel: +26.9%)",
      "severity": "HIGH"
    },
    {
      "quarter": "2022-09 (Q3)",
      "signal": "YoY REVENUE GROWTH DECELERATION",
      "detail": "YoY growth: -30.1% vs prior quarter YoY: -18.1% (decel: -12.0%)",
      "severity": "WARNING"
    },
    {
      "quarter": "2022-03 (Q1)",
      "signal": "FCF MARGIN EXPANSION",
      "detail": "FCF margin: +13.2% -> +70.4% (+57.3%)",
      "severity": "MEDIUM"
    },
    {
      "quarter": "2021-12 (Q4)",
      "signal": "FCF MARGIN EXPANSION",
      "detail": "FCF margin: +3.0% -> +13.2% (+10.2%)",
      "severity": "MEDIUM"
    },
    {
      "quarter": "2021-03 (Q1)",
      "signal": "FCF MARGIN EXPANSION",
      "detail": "FCF margin: +25.1% -> +80.0% (+54.8%)",
      "severity": "MEDIUM"
    }
  ],
  "data_quality": {
    "n_quarters": 20,
    "coverage": {
      "revenue": [
        20,
        20
      ],
      "gross_profit": [
        20,
        20
      ],
      "op_income": [
        0,
        20
      ],
      "fcf": [
        20,
        20
      ]
    },
    "gaps": [],
    "warnings": [
      "op_income: no data"
    ]
  },
  "market_cap": null,
  "source": "SEC EDGAR",
  "last_updated": "2026-02-02T22:54:17.751942"
}