{
  "ticker": "SNYR",
  "name": "SYNERGY CHC CORP.",
  "quarters": [
    {
      "date": "2017-09-30T00:00:00",
      "quarter_label": "2017-09 (Q3)",
      "revenue": 9175673,
      "gross_profit": 6518050,
      "operating_income": 444937,
      "net_income": null,
      "opex": 6073113,
      "cogs": 2657623,
      "rd": null,
      "sga": null,
      "fcf": -2359991,
      "ocf": -2332145,
      "capex": -27846,
      "gross_margin": 0.7103620628154469,
      "op_margin": 0.04849093902975836,
      "fcf_margin": -0.2572008614517976
    },
    {
      "date": "2017-12-31T00:00:00",
      "quarter_label": "2017-12 (Q4)",
      "revenue": 6313125,
      "gross_profit": 4117296,
      "operating_income": -1688955,
      "net_income": null,
      "opex": 5806251,
      "cogs": 2195829,
      "rd": null,
      "sga": null,
      "fcf": -1848937,
      "ocf": -1800296,
      "capex": -48641,
      "gross_margin": 0.6521803385803385,
      "op_margin": -0.2675307395307395,
      "fcf_margin": -0.2928719136719137,
      "fcf_margin_change": -0.03567105222011607
    },
    {
      "date": "2018-03-31T00:00:00",
      "quarter_label": "2018-03 (Q1)",
      "revenue": 9700861,
      "gross_profit": 6890953,
      "operating_income": 425908,
      "net_income": -55493,
      "opex": 6465045,
      "cogs": 2809908,
      "rd": null,
      "sga": null,
      "fcf": 823135,
      "ocf": 944647,
      "capex": -121512,
      "gross_margin": 0.710344473547245,
      "op_margin": 0.0439041441785425,
      "fcf_margin": 0.08485174666454864,
      "op_leverage_ratio": 4.729457658867129,
      "fcf_margin_change": 0.3777236603364623
    },
    {
      "date": "2018-06-30T00:00:00",
      "quarter_label": "2018-06 (Q2)",
      "revenue": 9728712,
      "gross_profit": 6983952,
      "operating_income": -95944,
      "net_income": -783393,
      "opex": 7079896,
      "cogs": 2744760,
      "rd": null,
      "sga": null,
      "fcf": -239676,
      "ocf": -232101,
      "capex": -7575,
      "gross_margin": 0.7178701558849723,
      "op_margin": -0.009861942670314426,
      "fcf_margin": -0.0246359435863658,
      "fcf_margin_change": -0.10948769025091444
    },
    {
      "date": "2018-09-30T00:00:00",
      "quarter_label": "2018-09 (Q3)",
      "revenue": 9190377,
      "gross_profit": 6244988,
      "operating_income": 639597,
      "net_income": 345590,
      "opex": 5605391,
      "cogs": 2945389,
      "rd": null,
      "sga": null,
      "fcf": 1331219,
      "ocf": 1331219,
      "capex": null,
      "gross_margin": 0.6795138001411694,
      "op_margin": 0.06959420707115714,
      "fcf_margin": 0.14484922653336202,
      "rev_growth_yoy": 0.0016024982581659133,
      "fcf_margin_change": 0.16948517011972783
    },
    {
      "date": "2018-12-31T00:00:00",
      "quarter_label": "2018-12 (Q4)",
      "revenue": 5204545,
      "gross_profit": 1230504,
      "operating_income": -5887307,
      "net_income": -5667394,
      "opex": 7117811,
      "cogs": 3974041,
      "rd": null,
      "sga": null,
      "fcf": -739133,
      "ocf": -739133,
      "capex": null,
      "gross_margin": 0.2364287368060032,
      "op_margin": -1.1311857232476614,
      "fcf_margin": -0.14201683336391557,
      "incr_op_margin_yoy": 3.7871439138357177,
      "rev_growth_yoy": -0.1755992475992476,
      "rev_growth_yoy_accel": -0.17720174585741352,
      "fcf_margin_change": -0.2868660598972776
    },
    {
      "date": "2019-03-31T00:00:00",
      "quarter_label": "2019-03 (Q1)",
      "revenue": 9468955,
      "gross_profit": 6928505,
      "operating_income": 1823256,
      "net_income": 1467287,
      "opex": 5105249,
      "cogs": 2540450,
      "rd": null,
      "sga": null,
      "fcf": 813711,
      "ocf": 813711,
      "capex": null,
      "gross_margin": 0.7317074587428074,
      "op_margin": 0.19255092034971125,
      "fcf_margin": 0.08593461474893481,
      "rev_growth_yoy": -0.02390571311144444,
      "rev_growth_yoy_accel": 0.15169353448780318,
      "op_leverage_ratio": Infinity,
      "fcf_margin_change": 0.2279514481128504
    },
    {
      "date": "2019-06-30T00:00:00",
      "quarter_label": "2019-06 (Q2)",
      "revenue": 6336721,
      "gross_profit": 4729434,
      "operating_income": 705454,
      "net_income": 318462,
      "opex": 4023680,
      "cogs": 1607587,
      "rd": null,
      "sga": null,
      "fcf": 962641,
      "ocf": 962641,
      "capex": null,
      "gross_margin": 0.7463535162744265,
      "op_margin": 0.11132792496308422,
      "fcf_margin": 0.1519146890008255,
      "incr_op_margin_yoy": -0.23626182970414722,
      "rev_growth_yoy": -0.34865776682463206,
      "rev_growth_yoy_accel": -0.3247520537131876,
      "fcf_margin_change": 0.06598007425189069
    },
    {
      "date": "2019-09-30T00:00:00",
      "quarter_label": "2019-09 (Q3)",
      "revenue": 7364546,
      "gross_profit": 4874102,
      "operating_income": 363206,
      "net_income": 107864,
      "opex": 4510896,
      "cogs": 2490444,
      "rd": null,
      "sga": null,
      "fcf": 753533,
      "ocf": 753533,
      "capex": null,
      "gross_margin": 0.6618333295765958,
      "op_margin": 0.04931817928763022,
      "fcf_margin": 0.10231900242051581,
      "incr_op_margin_yoy": 0.1513781943673867,
      "rev_growth_yoy": -0.19866769339277376,
      "rev_growth_yoy_accel": 0.1499900734318583,
      "op_leverage_ratio": 1.3395424574940356,
      "fcf_margin_change": -0.04959568658030969
    },
    {
      "date": "2019-12-31T00:00:00",
      "quarter_label": "2019-12 (Q4)",
      "revenue": 6187324,
      "gross_profit": 3688203,
      "operating_income": -10848026,
      "net_income": -11101060,
      "opex": 14536229,
      "cogs": 2499121,
      "rd": null,
      "sga": null,
      "fcf": 416465,
      "ocf": 416465,
      "capex": null,
      "gross_margin": 0.5960901675748675,
      "op_margin": -1.7532661939151724,
      "fcf_margin": 0.06730938932566001,
      "rev_growth_yoy": 0.18883091605510183,
      "rev_growth_yoy_accel": 0.3874986094478756,
      "fcf_margin_change": -0.0350096130948558
    },
    {
      "date": "2020-03-31T00:00:00",
      "quarter_label": "2020-03 (Q1)",
      "revenue": 6117286,
      "gross_profit": 4619507,
      "operating_income": 1005182,
      "net_income": 262303,
      "opex": 3614325,
      "cogs": 1497779,
      "rd": null,
      "sga": null,
      "fcf": -1302062,
      "ocf": -1302062,
      "capex": null,
      "gross_margin": 0.7551562898971864,
      "op_margin": 0.16431829409316484,
      "fcf_margin": -0.2128496199131445,
      "incr_op_margin_yoy": 0.24407959139163204,
      "rev_growth_yoy": -0.3539639801857755,
      "rev_growth_yoy_accel": -0.5427948962408773,
      "fcf_margin_change": -0.2801590092388045
    },
    {
      "date": "2023-09-30T00:00:00",
      "quarter_label": "2023-09 (Q3)",
      "revenue": 10805735,
      "gross_profit": 7777712,
      "operating_income": 2148814,
      "net_income": 1284187,
      "opex": 5628898,
      "cogs": 3028023,
      "rd": null,
      "sga": null,
      "fcf": null,
      "ocf": null,
      "capex": null,
      "gross_margin": 0.7197763039719186,
      "op_margin": 0.19885866162736732,
      "fcf_margin": null,
      "op_leverage_ratio": 1.375037693143594
    },
    {
      "date": "2023-12-31T00:00:00",
      "quarter_label": "2023-12 (Q4)",
      "revenue": 13218193,
      "gross_profit": 10872515,
      "operating_income": 4426802,
      "net_income": 2591306,
      "opex": 6445713,
      "cogs": 2345678,
      "rd": null,
      "sga": null,
      "fcf": 3159578,
      "ocf": 3159578,
      "capex": null,
      "gross_margin": 0.8225417044523408,
      "op_margin": 0.3349022063757126,
      "fcf_margin": 0.23903252131361677,
      "op_leverage_ratio": 1.5385270025835123
    },
    {
      "date": "2024-03-31T00:00:00",
      "quarter_label": "2024-03 (Q1)",
      "revenue": 9411863,
      "gross_profit": 6774724,
      "operating_income": 1808329,
      "net_income": 580530,
      "opex": 4966395,
      "cogs": 2637139,
      "rd": null,
      "sga": null,
      "fcf": -858042,
      "ocf": -858042,
      "capex": null,
      "gross_margin": 0.7198069075166096,
      "op_margin": 0.19213294966150699,
      "fcf_margin": -0.09116601038497904,
      "fcf_margin_change": -0.3301985316985958
    },
    {
      "date": "2024-06-30T00:00:00",
      "quarter_label": "2024-06 (Q2)",
      "revenue": 8024840,
      "gross_profit": 5575950,
      "operating_income": 1583592,
      "net_income": 655186,
      "opex": 3992358,
      "cogs": 2448890,
      "rd": null,
      "sga": null,
      "fcf": -281963,
      "ocf": -281963,
      "capex": null,
      "gross_margin": 0.6948362833402286,
      "op_margin": 0.19733627087892094,
      "fcf_margin": -0.03513627686034862,
      "fcf_margin_change": 0.05602973352463042
    },
    {
      "date": "2024-09-30T00:00:00",
      "quarter_label": "2024-09 (Q3)",
      "revenue": 7126333,
      "gross_profit": 4790432,
      "operating_income": 1050875,
      "net_income": 783593,
      "opex": 3739557,
      "cogs": 2335901,
      "rd": null,
      "sga": null,
      "fcf": -237474,
      "ocf": -237474,
      "capex": null,
      "gross_margin": 0.6722155700554548,
      "op_margin": 0.14746363943419427,
      "fcf_margin": -0.03332344980230365,
      "incr_op_margin_yoy": 0.29840147937083256,
      "rev_growth_yoy": -0.34050455614541725,
      "fcf_margin_change": 0.0018128270580449676
    },
    {
      "date": "2024-12-31T00:00:00",
      "quarter_label": "2024-12 (Q4)",
      "revenue": 10271207,
      "gross_profit": 6501913,
      "operating_income": 1358452,
      "net_income": 105667,
      "opex": 5143461,
      "cogs": 3769294,
      "rd": null,
      "sga": null,
      "fcf": -3425911,
      "ocf": -3425911,
      "capex": null,
      "gross_margin": 0.6330232659121756,
      "op_margin": 0.13225826331803067,
      "fcf_margin": -0.3335451227883928,
      "incr_op_margin_yoy": 1.0411824148468978,
      "rev_growth_yoy": -0.22294923368118472,
      "rev_growth_yoy_accel": 0.11755532246423253,
      "op_leverage_ratio": 1.1754925572265669,
      "fcf_margin_change": -0.30022167298608915
    },
    {
      "date": "2025-03-31T00:00:00",
      "quarter_label": "2025-03 (Q1)",
      "revenue": 8170534,
      "gross_profit": 6164021,
      "operating_income": 1947703,
      "net_income": 876264,
      "opex": 4216318,
      "cogs": 2006513,
      "rd": null,
      "sga": null,
      "fcf": -822781,
      "ocf": -822781,
      "capex": null,
      "gross_margin": 0.7544208248812134,
      "op_margin": 0.2383813591620817,
      "fcf_margin": -0.10070100681301859,
      "incr_op_margin_yoy": -0.11227805037987512,
      "rev_growth_yoy": -0.1318898288256002,
      "rev_growth_yoy_accel": 0.0910594048555845,
      "fcf_margin_change": 0.23284411597537424
    },
    {
      "date": "2025-06-30T00:00:00",
      "quarter_label": "2025-06 (Q2)",
      "revenue": 8134996,
      "gross_profit": 6238605,
      "operating_income": 1623735,
      "net_income": 1473237,
      "opex": 4614870,
      "cogs": 1896391,
      "rd": null,
      "sga": null,
      "fcf": -76950,
      "ocf": -76950,
      "capex": null,
      "gross_margin": 0.7668848269870078,
      "op_margin": 0.19959874596127644,
      "fcf_margin": -0.009459131879106025,
      "rev_growth_yoy": 0.013726878043674392,
      "rev_growth_yoy_accel": 0.1456167068692746,
      "fcf_margin_change": 0.09124187493391257
    },
    {
      "date": "2025-09-30T00:00:00",
      "quarter_label": "2025-09 (Q3)",
      "revenue": 8010112,
      "gross_profit": 5680816,
      "operating_income": 1280010,
      "net_income": 125327,
      "opex": 4400806,
      "cogs": 2329296,
      "rd": null,
      "sga": null,
      "fcf": -2309418,
      "ocf": -2309418,
      "capex": null,
      "gross_margin": 0.7092055641668931,
      "op_margin": 0.15979926373064446,
      "fcf_margin": -0.2883128225922434,
      "rev_growth_yoy": 0.12401595603236616,
      "rev_growth_yoy_accel": 0.11028907798869177,
      "fcf_margin_change": -0.27885369071313737
    }
  ],
  "signals": [
    {
      "quarter": "2025-09 (Q3)",
      "signal": "YoY REVENUE GROWTH ACCELERATION",
      "detail": "YoY growth: +12.4% vs prior quarter YoY: +1.4% (accel: +11.0%)",
      "severity": "MEDIUM"
    },
    {
      "quarter": "2025-06 (Q2)",
      "signal": "FCF MARGIN EXPANSION",
      "detail": "FCF margin: -10.1% -> -0.9% (+9.1%)",
      "severity": "MEDIUM"
    },
    {
      "quarter": "2025-06 (Q2)",
      "signal": "YoY REVENUE GROWTH ACCELERATION",
      "detail": "YoY growth: +1.4% vs prior quarter YoY: -13.2% (accel: +14.6%)",
      "severity": "MEDIUM"
    },
    {
      "quarter": "2025-03 (Q1)",
      "signal": "FCF MARGIN EXPANSION",
      "detail": "FCF margin: -33.4% -> -10.1% (+23.3%)",
      "severity": "MEDIUM"
    },
    {
      "quarter": "2025-03 (Q1)",
      "signal": "GROSS MARGIN INFLECTION",
      "detail": "GM: +67.2% -> +63.3% -> +75.4% (reversal +12.1%)",
      "severity": "HIGH"
    },
    {
      "quarter": "2025-03 (Q1)",
      "signal": "YoY REVENUE GROWTH ACCELERATION",
      "detail": "YoY growth: -13.2% vs prior quarter YoY: -22.3% (accel: +9.1%)",
      "severity": "MEDIUM"
    },
    {
      "quarter": "2024-12 (Q4)",
      "signal": "YoY REVENUE GROWTH ACCELERATION",
      "detail": "YoY growth: -22.3% vs prior quarter YoY: -34.1% (accel: +11.8%)",
      "severity": "MEDIUM"
    },
    {
      "quarter": "2024-12 (Q4)",
      "signal": "INCREMENTAL MARGIN (YoY)",
      "detail": "YoY Incr OPM: +104.1% vs year-ago OPM: +33.5%",
      "severity": "HIGH"
    },
    {
      "quarter": "2024-06 (Q2)",
      "signal": "FCF MARGIN EXPANSION",
      "detail": "FCF margin: -9.1% -> -3.5% (+5.6%)",
      "severity": "MEDIUM"
    },
    {
      "quarter": "2023-12 (Q4)",
      "signal": "OPERATING LEVERAGE",
      "detail": "Rev growth +22.3% vs OpEx growth +14.5% (leverage: 1.5x)",
      "severity": "MEDIUM"
    },
    {
      "quarter": "2023-12 (Q4)",
      "signal": "GROSS MARGIN INFLECTION",
      "detail": "GM: +75.5% -> +72.0% -> +82.3% (reversal +10.3%)",
      "severity": "HIGH"
    },
    {
      "quarter": "2020-03 (Q1)",
      "signal": "GROSS MARGIN INFLECTION",
      "detail": "GM: +66.2% -> +59.6% -> +75.5% (reversal +15.9%)",
      "severity": "HIGH"
    },
    {
      "quarter": "2020-03 (Q1)",
      "signal": "YoY REVENUE GROWTH DECELERATION",
      "detail": "YoY growth: -35.4% vs prior quarter YoY: +18.9% (decel: -54.3%)",
      "severity": "WARNING"
    },
    {
      "quarter": "2020-03 (Q1)",
      "signal": "OP MARGIN TURNED POSITIVE (QoQ)",
      "detail": "Op margin: -175.3% -> +16.4%",
      "severity": "HIGH"
    },
    {
      "quarter": "2019-12 (Q4)",
      "signal": "YoY REVENUE GROWTH ACCELERATION",
      "detail": "YoY growth: +18.9% vs prior quarter YoY: -19.9% (accel: +38.7%)",
      "severity": "HIGH"
    },
    {
      "quarter": "2019-09 (Q3)",
      "signal": "YoY REVENUE GROWTH ACCELERATION",
      "detail": "YoY growth: -19.9% vs prior quarter YoY: -34.9% (accel: +15.0%)",
      "severity": "MEDIUM"
    },
    {
      "quarter": "2019-06 (Q2)",
      "signal": "FCF MARGIN EXPANSION",
      "detail": "FCF margin: +8.6% -> +15.2% (+6.6%)",
      "severity": "MEDIUM"
    },
    {
      "quarter": "2019-06 (Q2)",
      "signal": "YoY REVENUE GROWTH DECELERATION",
      "detail": "YoY growth: -34.9% vs prior quarter YoY: -2.4% (decel: -32.5%)",
      "severity": "WARNING"
    },
    {
      "quarter": "2019-06 (Q2)",
      "signal": "OP MARGIN TURNED POSITIVE (YoY)",
      "detail": "Op margin: -1.0% (year-ago) -> +11.1%",
      "severity": "HIGH"
    },
    {
      "quarter": "2019-03 (Q1)",
      "signal": "FCF TURNED POSITIVE",
      "detail": "FCF margin: -14.2% -> +8.6%",
      "severity": "HIGH"
    },
    {
      "quarter": "2019-03 (Q1)",
      "signal": "GROSS MARGIN INFLECTION",
      "detail": "GM: +68.0% -> +23.6% -> +73.2% (reversal +49.5%)",
      "severity": "HIGH"
    },
    {
      "quarter": "2019-03 (Q1)",
      "signal": "YoY REVENUE GROWTH ACCELERATION",
      "detail": "YoY growth: -2.4% vs prior quarter YoY: -17.6% (accel: +15.2%)",
      "severity": "HIGH"
    },
    {
      "quarter": "2019-03 (Q1)",
      "signal": "OP MARGIN TURNED POSITIVE (QoQ)",
      "detail": "Op margin: -113.1% -> +19.3%",
      "severity": "HIGH"
    },
    {
      "quarter": "2018-12 (Q4)",
      "signal": "YoY REVENUE GROWTH DECELERATION",
      "detail": "YoY growth: -17.6% vs prior quarter YoY: +0.2% (decel: -17.7%)",
      "severity": "WARNING"
    },
    {
      "quarter": "2018-09 (Q3)",
      "signal": "FCF TURNED POSITIVE",
      "detail": "FCF margin: -2.5% -> +14.5%",
      "severity": "HIGH"
    },
    {
      "quarter": "2018-09 (Q3)",
      "signal": "OP MARGIN TURNED POSITIVE (QoQ)",
      "detail": "Op margin: -1.0% -> +7.0%",
      "severity": "HIGH"
    },
    {
      "quarter": "2018-03 (Q1)",
      "signal": "FCF TURNED POSITIVE",
      "detail": "FCF margin: -29.3% -> +8.5%",
      "severity": "HIGH"
    },
    {
      "quarter": "2018-03 (Q1)",
      "signal": "OPERATING LEVERAGE",
      "detail": "Rev growth +53.7% vs OpEx growth +11.3% (leverage: 4.7x)",
      "severity": "MEDIUM"
    },
    {
      "quarter": "2018-03 (Q1)",
      "signal": "GROSS MARGIN INFLECTION",
      "detail": "GM: +71.0% -> +65.2% -> +71.0% (reversal +5.8%)",
      "severity": "HIGH"
    },
    {
      "quarter": "2018-03 (Q1)",
      "signal": "OP MARGIN TURNED POSITIVE (QoQ)",
      "detail": "Op margin: -26.8% -> +4.4%",
      "severity": "HIGH"
    }
  ],
  "data_quality": {
    "n_quarters": 20,
    "coverage": {
      "revenue": [
        20,
        20
      ],
      "gross_profit": [
        20,
        20
      ],
      "op_income": [
        20,
        20
      ],
      "fcf": [
        19,
        20
      ]
    },
    "gaps": [
      [
        "2020-03 (Q1)",
        "2023-09 (Q3)",
        1278
      ]
    ],
    "warnings": [
      "gap: 13Q missing between 2020-03 (Q1) and 2023-09 (Q3)"
    ]
  },
  "market_cap": null,
  "source": "SEC EDGAR",
  "last_updated": "2026-02-02T23:56:39.907255"
}