{
  "ticker": "SO",
  "name": "The Southern Company",
  "quarters": [
    {
      "date": "2020-12-31T00:00:00",
      "quarter_label": "2020-12 (Q4)",
      "revenue": 5117000000,
      "gross_profit": null,
      "operating_income": 729000000,
      "net_income": null,
      "opex": 4388000000,
      "cogs": null,
      "rd": null,
      "sga": null,
      "fcf": -681000000,
      "ocf": 1476000000,
      "capex": -2157000000,
      "gross_margin": null,
      "op_margin": 0.14246628884111784,
      "fcf_margin": -0.1330857924565175
    },
    {
      "date": "2021-03-31T00:00:00",
      "quarter_label": "2021-03 (Q1)",
      "revenue": 5910000000,
      "gross_profit": 5327000000,
      "operating_income": 1598000000,
      "net_income": null,
      "opex": 4312000000,
      "cogs": 583000000,
      "rd": null,
      "sga": null,
      "fcf": -436000000,
      "ocf": 1242000000,
      "capex": -1678000000,
      "gross_margin": 0.9013536379018613,
      "op_margin": 0.2703891708967851,
      "fcf_margin": -0.07377326565143824,
      "op_leverage_ratio": Infinity,
      "fcf_margin_change": 0.05931252680507926
    },
    {
      "date": "2021-06-30T00:00:00",
      "quarter_label": "2021-06 (Q2)",
      "revenue": 5198000000,
      "gross_profit": 4967000000,
      "operating_income": 708000000,
      "net_income": 372000000,
      "opex": 4490000000,
      "cogs": 231000000,
      "rd": null,
      "sga": null,
      "fcf": -44000000,
      "ocf": 1662000000,
      "capex": -1706000000,
      "gross_margin": 0.955559830704117,
      "op_margin": 0.13620623316660255,
      "fcf_margin": -0.008464794151596768,
      "fcf_margin_change": 0.06530847149984148
    },
    {
      "date": "2021-09-30T00:00:00",
      "quarter_label": "2021-09 (Q3)",
      "revenue": 6238000000,
      "gross_profit": null,
      "operating_income": 1723000000,
      "net_income": 1101000000,
      "opex": 4515000000,
      "cogs": null,
      "rd": null,
      "sga": null,
      "fcf": 339000000,
      "ocf": 2177000000,
      "capex": -1838000000,
      "gross_margin": null,
      "op_margin": 0.2762103238217377,
      "fcf_margin": 0.05434434113497916,
      "op_leverage_ratio": 35.93382070026933,
      "fcf_margin_change": 0.06280913528657592
    },
    {
      "date": "2021-12-31T00:00:00",
      "quarter_label": "2021-12 (Q4)",
      "revenue": 5767000000,
      "gross_profit": null,
      "operating_income": -331000000,
      "net_income": null,
      "opex": 6098000000,
      "cogs": null,
      "rd": null,
      "sga": null,
      "fcf": -1276000000,
      "ocf": 1088000000,
      "capex": -2364000000,
      "gross_margin": null,
      "op_margin": -0.057395526270157794,
      "fcf_margin": -0.22125888676955088,
      "incr_op_margin_yoy": -1.6307692307692307,
      "rev_growth_yoy": 0.12702755520812975,
      "fcf_margin_change": -0.27560322790453007
    },
    {
      "date": "2022-03-31T00:00:00",
      "quarter_label": "2022-03 (Q1)",
      "revenue": 6648000000,
      "gross_profit": null,
      "operating_income": 1384000000,
      "net_income": null,
      "opex": 5264000000,
      "cogs": null,
      "rd": null,
      "sga": null,
      "fcf": 173000000,
      "ocf": 1592000000,
      "capex": -1419000000,
      "gross_margin": null,
      "op_margin": 0.20818291215403129,
      "fcf_margin": 0.02602286401925391,
      "incr_op_margin_yoy": -0.2899728997289973,
      "rev_growth_yoy": 0.12487309644670051,
      "rev_growth_yoy_accel": -0.002154458761429237,
      "op_leverage_ratio": Infinity,
      "fcf_margin_change": 0.2472817507888048
    },
    {
      "date": "2022-06-30T00:00:00",
      "quarter_label": "2022-06 (Q2)",
      "revenue": 7206000000,
      "gross_profit": null,
      "operating_income": 1655000000,
      "net_income": 1107000000,
      "opex": 5551000000,
      "cogs": null,
      "rd": null,
      "sga": null,
      "fcf": 193000000,
      "ocf": 1987000000,
      "capex": -1794000000,
      "gross_margin": null,
      "op_margin": 0.22966971967804609,
      "fcf_margin": 0.02678323619206217,
      "incr_op_margin_yoy": 0.4716135458167331,
      "rev_growth_yoy": 0.3863024240092343,
      "rev_growth_yoy_accel": 0.2614293275625338,
      "op_leverage_ratio": 1.5394910627806637,
      "fcf_margin_change": 0.0007603721728082595
    },
    {
      "date": "2022-09-30T00:00:00",
      "quarter_label": "2022-09 (Q3)",
      "revenue": 8378000000,
      "gross_profit": null,
      "operating_income": 2193000000,
      "net_income": 1472000000,
      "opex": 6185000000,
      "cogs": null,
      "rd": null,
      "sga": null,
      "fcf": -851000000,
      "ocf": 1438000000,
      "capex": -2289000000,
      "gross_margin": null,
      "op_margin": 0.2617569825734065,
      "fcf_margin": -0.10157555502506564,
      "incr_op_margin_yoy": 0.21962616822429906,
      "rev_growth_yoy": 0.34305867265149087,
      "rev_growth_yoy_accel": -0.04324375135774344,
      "op_leverage_ratio": 1.424017489806514,
      "fcf_margin_change": -0.12835879121712782
    },
    {
      "date": "2022-12-31T00:00:00",
      "quarter_label": "2022-12 (Q4)",
      "revenue": 7047000000,
      "gross_profit": null,
      "operating_income": 138000000,
      "net_income": null,
      "opex": 6909000000,
      "cogs": null,
      "rd": null,
      "sga": null,
      "fcf": -1136000000,
      "ocf": 1285000000,
      "capex": -2421000000,
      "gross_margin": null,
      "op_margin": 0.019582801191996593,
      "fcf_margin": -0.16120334894281255,
      "incr_op_margin_yoy": 0.36640625,
      "rev_growth_yoy": 0.22195248829547426,
      "rev_growth_yoy_accel": -0.12110618435601661,
      "fcf_margin_change": -0.059627793917746905
    },
    {
      "date": "2023-03-31T00:00:00",
      "quarter_label": "2023-03 (Q1)",
      "revenue": 6480000000,
      "gross_profit": null,
      "operating_income": 1218000000,
      "net_income": null,
      "opex": 5262000000,
      "cogs": null,
      "rd": null,
      "sga": null,
      "fcf": -1006000000,
      "ocf": 844000000,
      "capex": -1850000000,
      "gross_margin": null,
      "op_margin": 0.18796296296296297,
      "fcf_margin": -0.15524691358024692,
      "incr_op_margin_yoy": 0.9880952380952381,
      "rev_growth_yoy": -0.02527075812274368,
      "rev_growth_yoy_accel": -0.24722324641821794,
      "fcf_margin_change": 0.005956435362565626
    },
    {
      "date": "2023-06-30T00:00:00",
      "quarter_label": "2023-06 (Q2)",
      "revenue": 5748000000,
      "gross_profit": null,
      "operating_income": 1290000000,
      "net_income": null,
      "opex": 4458000000,
      "cogs": null,
      "rd": null,
      "sga": null,
      "fcf": 8000000,
      "ocf": 2056000000,
      "capex": -2048000000,
      "gross_margin": null,
      "op_margin": 0.2244258872651357,
      "fcf_margin": 0.0013917884481558804,
      "incr_op_margin_yoy": 0.2503429355281207,
      "rev_growth_yoy": -0.20233139050791007,
      "rev_growth_yoy_accel": -0.1770606323851664,
      "fcf_margin_change": 0.1566387020284028
    },
    {
      "date": "2023-09-30T00:00:00",
      "quarter_label": "2023-09 (Q3)",
      "revenue": 6980000000,
      "gross_profit": null,
      "operating_income": 2110000000,
      "net_income": null,
      "opex": 4870000000,
      "cogs": null,
      "rd": null,
      "sga": null,
      "fcf": 177000000,
      "ocf": 2840000000,
      "capex": -2663000000,
      "gross_margin": null,
      "op_margin": 0.3022922636103152,
      "fcf_margin": 0.02535816618911175,
      "incr_op_margin_yoy": 0.059370529327610874,
      "rev_growth_yoy": -0.16686560038195272,
      "rev_growth_yoy_accel": 0.03546579012595735,
      "op_leverage_ratio": 2.3191924924498855,
      "fcf_margin_change": 0.023966377740955867
    },
    {
      "date": "2023-12-31T00:00:00",
      "quarter_label": "2023-12 (Q4)",
      "revenue": 6045000000,
      "gross_profit": null,
      "operating_income": 1207000000,
      "net_income": null,
      "opex": 4838000000,
      "cogs": null,
      "rd": null,
      "sga": null,
      "fcf": -721000000,
      "ocf": 1813000000,
      "capex": -2534000000,
      "gross_margin": null,
      "op_margin": 0.19966914805624483,
      "fcf_margin": -0.11927212572373863,
      "incr_op_margin_yoy": -1.06686626746507,
      "rev_growth_yoy": -0.14218816517667093,
      "rev_growth_yoy_accel": 0.02467743520528179,
      "fcf_margin_change": -0.14463029191285037
    },
    {
      "date": "2024-03-31T00:00:00",
      "quarter_label": "2024-03 (Q1)",
      "revenue": 6646000000,
      "gross_profit": null,
      "operating_income": 1703000000,
      "net_income": null,
      "opex": 4943000000,
      "cogs": null,
      "rd": null,
      "sga": null,
      "fcf": -459000000,
      "ocf": 1311000000,
      "capex": -1770000000,
      "gross_margin": null,
      "op_margin": 0.2562443575082757,
      "fcf_margin": -0.06906409870598856,
      "incr_op_margin_yoy": 2.9216867469879517,
      "rev_growth_yoy": 0.025617283950617284,
      "rev_growth_yoy_accel": 0.16780544912728823,
      "op_leverage_ratio": 4.580941352554256,
      "fcf_margin_change": 0.05020802701775007
    },
    {
      "date": "2024-06-30T00:00:00",
      "quarter_label": "2024-06 (Q2)",
      "revenue": 6463000000,
      "gross_profit": null,
      "operating_income": 1939000000,
      "net_income": 1203000000,
      "opex": 4524000000,
      "cogs": null,
      "rd": null,
      "sga": null,
      "fcf": 563000000,
      "ocf": 2688000000,
      "capex": -2125000000,
      "gross_margin": null,
      "op_margin": 0.3000154726907009,
      "fcf_margin": 0.08711124864613956,
      "incr_op_margin_yoy": 0.9076923076923077,
      "rev_growth_yoy": 0.1243910925539318,
      "rev_growth_yoy_accel": 0.09877380860331451,
      "fcf_margin_change": 0.15617534735212812
    },
    {
      "date": "2024-09-30T00:00:00",
      "quarter_label": "2024-09 (Q3)",
      "revenue": 7274000000,
      "gross_profit": null,
      "operating_income": 2368000000,
      "net_income": 1535000000,
      "opex": 4906000000,
      "cogs": null,
      "rd": null,
      "sga": null,
      "fcf": 1305000000,
      "ocf": 3616000000,
      "capex": -2311000000,
      "gross_margin": null,
      "op_margin": 0.3255430299697553,
      "fcf_margin": 0.17940610393181194,
      "incr_op_margin_yoy": 0.8775510204081632,
      "rev_growth_yoy": 0.042120343839541545,
      "rev_growth_yoy_accel": -0.08227074871439025,
      "op_leverage_ratio": 1.486092805360842,
      "fcf_margin_change": 0.09229485528567238
    },
    {
      "date": "2024-12-31T00:00:00",
      "quarter_label": "2024-12 (Q4)",
      "revenue": 6341000000,
      "gross_profit": null,
      "operating_income": 1058000000,
      "net_income": null,
      "opex": 5283000000,
      "cogs": null,
      "rd": null,
      "sga": null,
      "fcf": -576000000,
      "ocf": 2173000000,
      "capex": -2749000000,
      "gross_margin": null,
      "op_margin": 0.16685065447090364,
      "fcf_margin": -0.09083740734899858,
      "incr_op_margin_yoy": -0.5033783783783784,
      "rev_growth_yoy": 0.048966087675765095,
      "rev_growth_yoy_accel": 0.00684574383622355,
      "fcf_margin_change": -0.27024351128081053
    },
    {
      "date": "2025-03-31T00:00:00",
      "quarter_label": "2025-03 (Q1)",
      "revenue": 7775000000,
      "gross_profit": null,
      "operating_income": 2010000000,
      "net_income": null,
      "opex": 5765000000,
      "cogs": null,
      "rd": null,
      "sga": null,
      "fcf": -1187000000,
      "ocf": 1250000000,
      "capex": -2437000000,
      "gross_margin": null,
      "op_margin": 0.2585209003215434,
      "fcf_margin": -0.15266881028938906,
      "incr_op_margin_yoy": 0.27192205491585475,
      "rev_growth_yoy": 0.1698766175142943,
      "rev_growth_yoy_accel": 0.12091052983852921,
      "op_leverage_ratio": 2.478705729229718,
      "fcf_margin_change": -0.06183140294039048
    },
    {
      "date": "2025-06-30T00:00:00",
      "quarter_label": "2025-06 (Q2)",
      "revenue": 6973000000,
      "gross_profit": null,
      "operating_income": 1764000000,
      "net_income": 880000000,
      "opex": 5209000000,
      "cogs": null,
      "rd": null,
      "sga": null,
      "fcf": -619000000,
      "ocf": 2181000000,
      "capex": -2800000000,
      "gross_margin": null,
      "op_margin": 0.25297576365983077,
      "fcf_margin": -0.08877097375591568,
      "incr_op_margin_yoy": -0.3431372549019608,
      "rev_growth_yoy": 0.07891072257465573,
      "rev_growth_yoy_accel": -0.09096589493963858,
      "fcf_margin_change": 0.06389783653347338
    },
    {
      "date": "2025-09-30T00:00:00",
      "quarter_label": "2025-09 (Q3)",
      "revenue": 7823000000,
      "gross_profit": null,
      "operating_income": 2594000000,
      "net_income": 1711000000,
      "opex": 5229000000,
      "cogs": null,
      "rd": null,
      "sga": null,
      "fcf": 559000000,
      "ocf": 3774000000,
      "capex": -3215000000,
      "gross_margin": null,
      "op_margin": 0.3315863479483574,
      "fcf_margin": 0.07145596318547871,
      "incr_op_margin_yoy": 0.4116575591985428,
      "rev_growth_yoy": 0.0754742919989002,
      "rev_growth_yoy_accel": -0.003436430575755531,
      "op_leverage_ratio": 31.74853004445719,
      "fcf_margin_change": 0.1602269369413944
    }
  ],
  "signals": [
    {
      "quarter": "2025-09 (Q3)",
      "signal": "FCF TURNED POSITIVE",
      "detail": "FCF margin: -8.9% -> +7.1%",
      "severity": "HIGH"
    },
    {
      "quarter": "2025-09 (Q3)",
      "signal": "OPERATING LEVERAGE",
      "detail": "Rev growth +12.2% vs OpEx growth +0.4% (leverage: 31.7x)",
      "severity": "MEDIUM"
    },
    {
      "quarter": "2025-06 (Q2)",
      "signal": "FCF MARGIN EXPANSION",
      "detail": "FCF margin: -15.3% -> -8.9% (+6.4%)",
      "severity": "MEDIUM"
    },
    {
      "quarter": "2025-06 (Q2)",
      "signal": "YoY REVENUE GROWTH DECELERATION",
      "detail": "YoY growth: +7.9% vs prior quarter YoY: +17.0% (decel: -9.1%)",
      "severity": "WARNING"
    },
    {
      "quarter": "2025-03 (Q1)",
      "signal": "OPERATING LEVERAGE",
      "detail": "Rev growth +22.6% vs OpEx growth +9.1% (leverage: 2.5x)",
      "severity": "MEDIUM"
    },
    {
      "quarter": "2025-03 (Q1)",
      "signal": "YoY REVENUE GROWTH ACCELERATION",
      "detail": "YoY growth: +17.0% vs prior quarter YoY: +4.9% (accel: +12.1%)",
      "severity": "MEDIUM"
    },
    {
      "quarter": "2024-09 (Q3)",
      "signal": "FCF MARGIN EXPANSION",
      "detail": "FCF margin: +8.7% -> +17.9% (+9.2%)",
      "severity": "MEDIUM"
    },
    {
      "quarter": "2024-09 (Q3)",
      "signal": "YoY REVENUE GROWTH DECELERATION",
      "detail": "YoY growth: +4.2% vs prior quarter YoY: +12.4% (decel: -8.2%)",
      "severity": "WARNING"
    },
    {
      "quarter": "2024-09 (Q3)",
      "signal": "INCREMENTAL MARGIN (YoY)",
      "detail": "YoY Incr OPM: +87.8% vs year-ago OPM: +30.2%",
      "severity": "HIGH"
    },
    {
      "quarter": "2024-06 (Q2)",
      "signal": "FCF TURNED POSITIVE",
      "detail": "FCF margin: -6.9% -> +8.7%",
      "severity": "HIGH"
    },
    {
      "quarter": "2024-06 (Q2)",
      "signal": "YoY REVENUE GROWTH ACCELERATION",
      "detail": "YoY growth: +12.4% vs prior quarter YoY: +2.6% (accel: +9.9%)",
      "severity": "MEDIUM"
    },
    {
      "quarter": "2024-06 (Q2)",
      "signal": "INCREMENTAL MARGIN (YoY)",
      "detail": "YoY Incr OPM: +90.8% vs year-ago OPM: +22.4%",
      "severity": "HIGH"
    },
    {
      "quarter": "2024-03 (Q1)",
      "signal": "FCF MARGIN EXPANSION",
      "detail": "FCF margin: -11.9% -> -6.9% (+5.0%)",
      "severity": "MEDIUM"
    },
    {
      "quarter": "2024-03 (Q1)",
      "signal": "OPERATING LEVERAGE",
      "detail": "Rev growth +9.9% vs OpEx growth +2.2% (leverage: 4.6x)",
      "severity": "MEDIUM"
    },
    {
      "quarter": "2024-03 (Q1)",
      "signal": "YoY REVENUE GROWTH ACCELERATION",
      "detail": "YoY growth: +2.6% vs prior quarter YoY: -14.2% (accel: +16.8%)",
      "severity": "HIGH"
    },
    {
      "quarter": "2024-03 (Q1)",
      "signal": "INCREMENTAL MARGIN (YoY)",
      "detail": "YoY Incr OPM: +292.2% vs year-ago OPM: +18.8%",
      "severity": "HIGH"
    },
    {
      "quarter": "2023-09 (Q3)",
      "signal": "OPERATING LEVERAGE",
      "detail": "Rev growth +21.4% vs OpEx growth +9.2% (leverage: 2.3x)",
      "severity": "MEDIUM"
    },
    {
      "quarter": "2023-06 (Q2)",
      "signal": "FCF TURNED POSITIVE",
      "detail": "FCF margin: -15.5% -> +0.1%",
      "severity": "HIGH"
    },
    {
      "quarter": "2023-06 (Q2)",
      "signal": "YoY REVENUE GROWTH DECELERATION",
      "detail": "YoY growth: -20.2% vs prior quarter YoY: -2.5% (decel: -17.7%)",
      "severity": "WARNING"
    },
    {
      "quarter": "2023-03 (Q1)",
      "signal": "YoY REVENUE GROWTH DECELERATION",
      "detail": "YoY growth: -2.5% vs prior quarter YoY: +22.2% (decel: -24.7%)",
      "severity": "WARNING"
    },
    {
      "quarter": "2023-03 (Q1)",
      "signal": "INCREMENTAL MARGIN (YoY)",
      "detail": "YoY Incr OPM: +98.8% vs year-ago OPM: +20.8%",
      "severity": "HIGH"
    },
    {
      "quarter": "2022-12 (Q4)",
      "signal": "YoY REVENUE GROWTH DECELERATION",
      "detail": "YoY growth: +22.2% vs prior quarter YoY: +34.3% (decel: -12.1%)",
      "severity": "WARNING"
    },
    {
      "quarter": "2022-12 (Q4)",
      "signal": "OP MARGIN TURNED POSITIVE (YoY)",
      "detail": "Op margin: -5.7% (year-ago) -> +2.0%",
      "severity": "HIGH"
    },
    {
      "quarter": "2022-06 (Q2)",
      "signal": "OPERATING LEVERAGE",
      "detail": "Rev growth +8.4% vs OpEx growth +5.5% (leverage: 1.5x)",
      "severity": "MEDIUM"
    },
    {
      "quarter": "2022-06 (Q2)",
      "signal": "YoY REVENUE GROWTH ACCELERATION",
      "detail": "YoY growth: +38.6% vs prior quarter YoY: +12.5% (accel: +26.1%)",
      "severity": "HIGH"
    },
    {
      "quarter": "2022-06 (Q2)",
      "signal": "INCREMENTAL MARGIN (YoY)",
      "detail": "YoY Incr OPM: +47.2% vs year-ago OPM: +13.6%",
      "severity": "HIGH"
    },
    {
      "quarter": "2022-03 (Q1)",
      "signal": "FCF TURNED POSITIVE",
      "detail": "FCF margin: -22.1% -> +2.6%",
      "severity": "HIGH"
    },
    {
      "quarter": "2022-03 (Q1)",
      "signal": "OP MARGIN TURNED POSITIVE (QoQ)",
      "detail": "Op margin: -5.7% -> +20.8%",
      "severity": "HIGH"
    },
    {
      "quarter": "2021-09 (Q3)",
      "signal": "FCF TURNED POSITIVE",
      "detail": "FCF margin: -0.8% -> +5.4%",
      "severity": "HIGH"
    },
    {
      "quarter": "2021-09 (Q3)",
      "signal": "OPERATING LEVERAGE",
      "detail": "Rev growth +20.0% vs OpEx growth +0.6% (leverage: 35.9x)",
      "severity": "MEDIUM"
    },
    {
      "quarter": "2021-06 (Q2)",
      "signal": "FCF MARGIN EXPANSION",
      "detail": "FCF margin: -7.4% -> -0.8% (+6.5%)",
      "severity": "MEDIUM"
    },
    {
      "quarter": "2021-03 (Q1)",
      "signal": "FCF MARGIN EXPANSION",
      "detail": "FCF margin: -13.3% -> -7.4% (+5.9%)",
      "severity": "MEDIUM"
    }
  ],
  "data_quality": {
    "n_quarters": 20,
    "coverage": {
      "revenue": [
        20,
        20
      ],
      "gross_profit": [
        2,
        20
      ],
      "op_income": [
        20,
        20
      ],
      "fcf": [
        20,
        20
      ]
    },
    "gaps": [],
    "warnings": [
      "gross_profit: 2/20Q"
    ]
  },
  "market_cap": null,
  "source": "SEC EDGAR",
  "last_updated": "2026-02-02T19:50:26.346147"
}