{
  "ticker": "SOFI",
  "name": "SoFi Technologies, Inc.",
  "sector": "Financial Services",
  "industry": "Credit Services",
  "quarters": [
    {
      "date": "2021-03-31T00:00:00",
      "quarter_label": "2021-03 (Q1)",
      "revenue": 54227000,
      "gross_profit": -3343000,
      "operating_income": -5289511,
      "net_income": -60394659,
      "opex": 1946511,
      "cogs": 57570000,
      "rd": 65948000,
      "sga": null,
      "fcf": 340051000,
      "ocf": 340051000,
      "capex": null,
      "gross_margin": -0.06164825640363657,
      "op_margin": -0.09754386191380678,
      "fcf_margin": 6.2708798200158595
    },
    {
      "date": "2021-06-30T00:00:00",
      "quarter_label": "2021-06 (Q2)",
      "revenue": 61452000,
      "gross_profit": 828000,
      "operating_income": null,
      "net_income": -165314000,
      "opex": null,
      "cogs": 60624000,
      "rd": 69389000,
      "sga": null,
      "fcf": -257443000,
      "ocf": -257443000,
      "capex": null,
      "gross_margin": 0.013473930872876391,
      "op_margin": null,
      "fcf_margin": -4.18933476534531,
      "fcf_margin_change": -10.46021458536117
    },
    {
      "date": "2021-09-30T00:00:00",
      "quarter_label": "2021-09 (Q3)",
      "revenue": 61188000,
      "gross_profit": -8403000,
      "operating_income": null,
      "net_income": -30047000,
      "opex": null,
      "cogs": 69591000,
      "rd": 74434000,
      "sga": null,
      "fcf": -196536000,
      "ocf": -196536000,
      "capex": null,
      "gross_margin": -0.13733084918611493,
      "op_margin": null,
      "fcf_margin": -3.212002353402628,
      "fcf_margin_change": 0.9773324119426823
    },
    {
      "date": "2021-12-31T00:00:00",
      "quarter_label": "2021-12 (Q4)",
      "revenue": 70851000,
      "gross_profit": 1656000,
      "operating_income": null,
      "net_income": -111012000,
      "opex": null,
      "cogs": 69195000,
      "rd": 66316000,
      "sga": null,
      "fcf": -1236289000,
      "ocf": -1236289000,
      "capex": null,
      "gross_margin": 0.023372994029724353,
      "op_margin": null,
      "fcf_margin": -17.449139743969738,
      "fcf_margin_change": -14.23713739056711
    },
    {
      "date": "2022-03-31T00:00:00",
      "quarter_label": "2022-03 (Q1)",
      "revenue": 77022000,
      "gross_profit": 6585000,
      "operating_income": null,
      "net_income": -110357000,
      "opex": null,
      "cogs": 70437000,
      "rd": 81908000,
      "sga": null,
      "fcf": -1011224000,
      "ocf": -1011224000,
      "capex": null,
      "gross_margin": 0.08549505336137726,
      "op_margin": null,
      "fcf_margin": -13.129028069902105,
      "rev_growth_yoy": 0.42036255002120715,
      "fcf_margin_change": 4.320111674067633
    },
    {
      "date": "2022-06-30T00:00:00",
      "quarter_label": "2022-06 (Q2)",
      "revenue": 98420000,
      "gross_profit": 19329000,
      "operating_income": null,
      "net_income": -95835000,
      "opex": null,
      "cogs": 79091000,
      "rd": 99366000,
      "sga": null,
      "fcf": -945499000,
      "ocf": -945499000,
      "capex": null,
      "gross_margin": 0.19639300955090427,
      "op_margin": null,
      "fcf_margin": -9.60677707782971,
      "rev_growth_yoy": 0.6015752131745102,
      "rev_growth_yoy_accel": 0.1812126631533031,
      "fcf_margin_change": 3.5222509920723954
    },
    {
      "date": "2022-09-30T00:00:00",
      "quarter_label": "2022-09 (Q3)",
      "revenue": 102004000,
      "gross_profit": 18921000,
      "operating_income": null,
      "net_income": -74209000,
      "opex": null,
      "cogs": 83083000,
      "rd": 110702000,
      "sga": null,
      "fcf": -2880300000,
      "ocf": -2880300000,
      "capex": null,
      "gross_margin": 0.18549272577545978,
      "op_margin": null,
      "fcf_margin": -28.23712795576644,
      "rev_growth_yoy": 0.6670589004379944,
      "rev_growth_yoy_accel": 0.06548368726348419,
      "fcf_margin_change": -18.630350877936728
    },
    {
      "date": "2022-12-31T00:00:00",
      "quarter_label": "2022-12 (Q4)",
      "revenue": 99649000,
      "gross_profit": 19034000,
      "operating_income": null,
      "net_income": -40006000,
      "opex": null,
      "cogs": 80615000,
      "rd": 113281000,
      "sga": null,
      "fcf": -2418835000,
      "ocf": -2418835000,
      "capex": null,
      "gross_margin": 0.19101044666780398,
      "op_margin": null,
      "fcf_margin": -24.27355016106534,
      "rev_growth_yoy": 0.4064586244371992,
      "rev_growth_yoy_accel": -0.2606002760007952,
      "fcf_margin_change": 3.9635777947010986
    },
    {
      "date": "2023-03-31T00:00:00",
      "quarter_label": "2023-03 (Q1)",
      "revenue": 95482000,
      "gross_profit": 11574000,
      "operating_income": null,
      "net_income": -34422000,
      "opex": null,
      "cogs": 83908000,
      "rd": 117059000,
      "sga": null,
      "fcf": -2212760000,
      "ocf": -2212760000,
      "capex": null,
      "gross_margin": 0.12121656437862634,
      "op_margin": null,
      "fcf_margin": -23.17462977315096,
      "rev_growth_yoy": 0.23967178208823453,
      "rev_growth_yoy_accel": -0.16678684234896468,
      "fcf_margin_change": 1.0989203879143794
    },
    {
      "date": "2023-06-30T00:00:00",
      "quarter_label": "2023-06 (Q2)",
      "revenue": 104693000,
      "gross_profit": 10808000,
      "operating_income": null,
      "net_income": -47549000,
      "opex": null,
      "cogs": 93885000,
      "rd": 126845000,
      "sga": null,
      "fcf": -2079919000,
      "ocf": -2079919000,
      "capex": null,
      "gross_margin": 0.10323517331626757,
      "op_margin": null,
      "fcf_margin": -19.86683923471483,
      "rev_growth_yoy": 0.06373704531599268,
      "rev_growth_yoy_accel": -0.17593473677224186,
      "fcf_margin_change": 3.30779053843613
    },
    {
      "date": "2023-09-30T00:00:00",
      "quarter_label": "2023-09 (Q3)",
      "revenue": 104944000,
      "gross_profit": 6686000,
      "operating_income": null,
      "net_income": -266684000,
      "opex": null,
      "cogs": 98258000,
      "rd": 125698000,
      "sga": null,
      "fcf": -2686519000,
      "ocf": -2686519000,
      "capex": null,
      "gross_margin": 0.0637101692331148,
      "op_margin": null,
      "fcf_margin": -25.59954833053819,
      "rev_growth_yoy": 0.028822399121603073,
      "rev_growth_yoy_accel": -0.03491464619438961,
      "fcf_margin_change": -5.73270909582336
    },
    {
      "date": "2023-12-31T00:00:00",
      "quarter_label": "2023-12 (Q4)",
      "revenue": 116335000,
      "gross_profit": 12388000,
      "operating_income": null,
      "net_income": 47913000,
      "opex": null,
      "cogs": 103947000,
      "rd": 141817000,
      "sga": null,
      "fcf": -247941000,
      "ocf": -247941000,
      "capex": null,
      "gross_margin": 0.10648558043581037,
      "op_margin": null,
      "fcf_margin": -2.131267460351571,
      "rev_growth_yoy": 0.16744774157292094,
      "rev_growth_yoy_accel": 0.13862534245131786,
      "fcf_margin_change": 23.46828087018662
    },
    {
      "date": "2024-03-31T00:00:00",
      "quarter_label": "2024-03 (Q1)",
      "revenue": 115609000,
      "gross_profit": 15548000,
      "operating_income": null,
      "net_income": 88043000,
      "opex": null,
      "cogs": 100061000,
      "rd": 130920000,
      "sga": null,
      "fcf": 738248000,
      "ocf": 738248000,
      "capex": null,
      "gross_margin": 0.13448779939278083,
      "op_margin": null,
      "fcf_margin": 6.385731214697818,
      "rev_growth_yoy": 0.21079365744328774,
      "rev_growth_yoy_accel": 0.04334591587036679,
      "fcf_margin_change": 8.516998675049388
    },
    {
      "date": "2024-06-30T00:00:00",
      "quarter_label": "2024-06 (Q2)",
      "revenue": 120782000,
      "gross_profit": 11079000,
      "operating_income": null,
      "net_income": 17404000,
      "opex": null,
      "cogs": 109703000,
      "rd": 132167000,
      "sga": null,
      "fcf": -484371000,
      "ocf": -484371000,
      "capex": null,
      "gross_margin": 0.09172724412578033,
      "op_margin": null,
      "fcf_margin": -4.010291268566508,
      "rev_growth_yoy": 0.1536778963254468,
      "rev_growth_yoy_accel": -0.057115761117840946,
      "fcf_margin_change": -10.396022483264325
    },
    {
      "date": "2024-09-30T00:00:00",
      "quarter_label": "2024-09 (Q3)",
      "revenue": 131225000,
      "gross_profit": 7511000,
      "operating_income": null,
      "net_income": 60745000,
      "opex": null,
      "cogs": 123714000,
      "rd": 139714000,
      "sga": null,
      "fcf": -1173581000,
      "ocf": -1173581000,
      "capex": null,
      "gross_margin": 0.05723756906077348,
      "op_margin": null,
      "fcf_margin": -8.943273004381787,
      "rev_growth_yoy": 0.25042880012196983,
      "rev_growth_yoy_accel": 0.09675090379652304,
      "fcf_margin_change": -4.932981735815279
    },
    {
      "date": "2024-12-31T00:00:00",
      "quarter_label": "2024-12 (Q4)",
      "revenue": 135507000,
      "gross_profit": 7352000,
      "operating_income": null,
      "net_income": 332473000,
      "opex": null,
      "cogs": 128155000,
      "rd": 148986000,
      "sga": null,
      "fcf": -200103000,
      "ocf": -200103000,
      "capex": null,
      "gross_margin": 0.05425549971588184,
      "op_margin": null,
      "fcf_margin": -1.4766986207354602,
      "rev_growth_yoy": 0.1647999312330769,
      "rev_growth_yoy_accel": -0.08562886888889293,
      "fcf_margin_change": 7.466574383646327
    },
    {
      "date": "2025-03-31T00:00:00",
      "quarter_label": "2025-03 (Q1)",
      "revenue": 140382000,
      "gross_profit": 4862000,
      "operating_income": null,
      "net_income": 71116000,
      "opex": null,
      "cogs": 135520000,
      "rd": 156206000,
      "sga": null,
      "fcf": 21502000,
      "ocf": 21502000,
      "capex": null,
      "gross_margin": 0.034634069895000785,
      "op_margin": null,
      "fcf_margin": 0.15316778504366657,
      "rev_growth_yoy": 0.21428262505514276,
      "rev_growth_yoy_accel": 0.049482693822065854,
      "fcf_margin_change": 1.6298664057791268
    },
    {
      "date": "2025-06-30T00:00:00",
      "quarter_label": "2025-06 (Q2)",
      "revenue": 151890000,
      "gross_profit": 1453000,
      "operating_income": null,
      "net_income": 97263000,
      "opex": null,
      "cogs": 150437000,
      "rd": 152146000,
      "sga": null,
      "fcf": -1466908000,
      "ocf": -1466908000,
      "capex": null,
      "gross_margin": 0.009566133386003029,
      "op_margin": null,
      "fcf_margin": -9.65769965106327,
      "rev_growth_yoy": 0.2575549336821712,
      "rev_growth_yoy_accel": 0.04327230862702844,
      "fcf_margin_change": -9.810867436106937
    },
    {
      "date": "2025-09-30T00:00:00",
      "quarter_label": "2025-09 (Q3)",
      "revenue": 156791000,
      "gross_profit": -4632000,
      "operating_income": null,
      "net_income": 139392000,
      "opex": null,
      "cogs": 161423000,
      "rd": 167144000,
      "sga": null,
      "fcf": -1305874000,
      "ocf": -1305874000,
      "capex": null,
      "gross_margin": -0.02954251200642894,
      "op_margin": null,
      "fcf_margin": -8.32875611482802,
      "rev_growth_yoy": 0.19482568108211087,
      "rev_growth_yoy_accel": -0.06272925260006032,
      "fcf_margin_change": 1.3289435362352506
    },
    {
      "date": "2025-12-31T00:00:00",
      "quarter_label": "2025-12 (Q4)",
      "revenue": 170290000,
      "gross_profit": 8672000,
      "operating_income": null,
      "net_income": 173549000,
      "opex": null,
      "cogs": 161618000,
      "rd": 172836000,
      "sga": null,
      "fcf": -991178000,
      "ocf": -991178000,
      "capex": null,
      "gross_margin": 0.05092489282987844,
      "op_margin": null,
      "fcf_margin": -5.820529684655588,
      "rev_growth_yoy": 0.25668784638431963,
      "rev_growth_yoy_accel": 0.061862165302208755,
      "fcf_margin_change": 2.5082264301724315
    }
  ],
  "signals": [
    {
      "quarter": "2025-12 (Q4)",
      "signal": "FCF MARGIN EXPANSION",
      "detail": "FCF margin: -832.9% -> -582.1% (+250.8%)",
      "severity": "MEDIUM"
    },
    {
      "quarter": "2025-12 (Q4)",
      "signal": "GROSS MARGIN INFLECTION",
      "detail": "GM: +1.0% -> -3.0% -> +5.1% (reversal +8.0%)",
      "severity": "HIGH"
    },
    {
      "quarter": "2025-12 (Q4)",
      "signal": "YoY REVENUE GROWTH ACCELERATION",
      "detail": "YoY growth: +25.7% vs prior quarter YoY: +19.5% (accel: +6.2%)",
      "severity": "MEDIUM"
    },
    {
      "quarter": "2025-09 (Q3)",
      "signal": "FCF MARGIN EXPANSION",
      "detail": "FCF margin: -965.8% -> -832.9% (+132.9%)",
      "severity": "MEDIUM"
    },
    {
      "quarter": "2025-09 (Q3)",
      "signal": "YoY REVENUE GROWTH DECELERATION",
      "detail": "YoY growth: +19.5% vs prior quarter YoY: +25.8% (decel: -6.3%)",
      "severity": "WARNING"
    },
    {
      "quarter": "2025-03 (Q1)",
      "signal": "FCF TURNED POSITIVE",
      "detail": "FCF margin: -147.7% -> +15.3%",
      "severity": "HIGH"
    },
    {
      "quarter": "2024-12 (Q4)",
      "signal": "FCF MARGIN EXPANSION",
      "detail": "FCF margin: -894.3% -> -147.7% (+746.7%)",
      "severity": "MEDIUM"
    },
    {
      "quarter": "2024-12 (Q4)",
      "signal": "YoY REVENUE GROWTH DECELERATION",
      "detail": "YoY growth: +16.5% vs prior quarter YoY: +25.0% (decel: -8.6%)",
      "severity": "WARNING"
    },
    {
      "quarter": "2024-09 (Q3)",
      "signal": "YoY REVENUE GROWTH ACCELERATION",
      "detail": "YoY growth: +25.0% vs prior quarter YoY: +15.4% (accel: +9.7%)",
      "severity": "MEDIUM"
    },
    {
      "quarter": "2024-06 (Q2)",
      "signal": "YoY REVENUE GROWTH DECELERATION",
      "detail": "YoY growth: +15.4% vs prior quarter YoY: +21.1% (decel: -5.7%)",
      "severity": "WARNING"
    },
    {
      "quarter": "2024-03 (Q1)",
      "signal": "FCF TURNED POSITIVE",
      "detail": "FCF margin: -213.1% -> +638.6%",
      "severity": "HIGH"
    },
    {
      "quarter": "2023-12 (Q4)",
      "signal": "FCF MARGIN EXPANSION",
      "detail": "FCF margin: -2560.0% -> -213.1% (+2346.8%)",
      "severity": "MEDIUM"
    },
    {
      "quarter": "2023-12 (Q4)",
      "signal": "GROSS MARGIN INFLECTION",
      "detail": "GM: +10.3% -> +6.4% -> +10.6% (reversal +4.3%)",
      "severity": "MEDIUM"
    },
    {
      "quarter": "2023-12 (Q4)",
      "signal": "YoY REVENUE GROWTH ACCELERATION",
      "detail": "YoY growth: +16.7% vs prior quarter YoY: +2.9% (accel: +13.9%)",
      "severity": "MEDIUM"
    },
    {
      "quarter": "2023-06 (Q2)",
      "signal": "FCF MARGIN EXPANSION",
      "detail": "FCF margin: -2317.5% -> -1986.7% (+330.8%)",
      "severity": "MEDIUM"
    },
    {
      "quarter": "2023-06 (Q2)",
      "signal": "YoY REVENUE GROWTH DECELERATION",
      "detail": "YoY growth: +6.4% vs prior quarter YoY: +24.0% (decel: -17.6%)",
      "severity": "WARNING"
    },
    {
      "quarter": "2023-03 (Q1)",
      "signal": "FCF MARGIN EXPANSION",
      "detail": "FCF margin: -2427.4% -> -2317.5% (+109.9%)",
      "severity": "MEDIUM"
    },
    {
      "quarter": "2023-03 (Q1)",
      "signal": "YoY REVENUE GROWTH DECELERATION",
      "detail": "YoY growth: +24.0% vs prior quarter YoY: +40.6% (decel: -16.7%)",
      "severity": "WARNING"
    },
    {
      "quarter": "2022-12 (Q4)",
      "signal": "FCF MARGIN EXPANSION",
      "detail": "FCF margin: -2823.7% -> -2427.4% (+396.4%)",
      "severity": "MEDIUM"
    },
    {
      "quarter": "2022-12 (Q4)",
      "signal": "YoY REVENUE GROWTH DECELERATION",
      "detail": "YoY growth: +40.6% vs prior quarter YoY: +66.7% (decel: -26.1%)",
      "severity": "WARNING"
    },
    {
      "quarter": "2022-09 (Q3)",
      "signal": "YoY REVENUE GROWTH ACCELERATION",
      "detail": "YoY growth: +66.7% vs prior quarter YoY: +60.2% (accel: +6.5%)",
      "severity": "MEDIUM"
    },
    {
      "quarter": "2022-06 (Q2)",
      "signal": "FCF MARGIN EXPANSION",
      "detail": "FCF margin: -1312.9% -> -960.7% (+352.2%)",
      "severity": "MEDIUM"
    },
    {
      "quarter": "2022-06 (Q2)",
      "signal": "YoY REVENUE GROWTH ACCELERATION",
      "detail": "YoY growth: +60.2% vs prior quarter YoY: +42.0% (accel: +18.1%)",
      "severity": "HIGH"
    },
    {
      "quarter": "2022-03 (Q1)",
      "signal": "FCF MARGIN EXPANSION",
      "detail": "FCF margin: -1744.9% -> -1312.9% (+432.0%)",
      "severity": "MEDIUM"
    },
    {
      "quarter": "2021-12 (Q4)",
      "signal": "GROSS MARGIN INFLECTION",
      "detail": "GM: +1.3% -> -13.7% -> +2.3% (reversal +16.1%)",
      "severity": "HIGH"
    },
    {
      "quarter": "2021-09 (Q3)",
      "signal": "FCF MARGIN EXPANSION",
      "detail": "FCF margin: -418.9% -> -321.2% (+97.7%)",
      "severity": "MEDIUM"
    }
  ],
  "data_quality": {
    "n_quarters": 20,
    "coverage": {
      "revenue": [
        20,
        20
      ],
      "gross_profit": [
        20,
        20
      ],
      "op_income": [
        1,
        20
      ],
      "fcf": [
        20,
        20
      ]
    },
    "gaps": [],
    "warnings": [
      "op_income: 1/20Q"
    ]
  },
  "market_cap": null,
  "source": "SEC EDGAR",
  "last_updated": "2026-02-24T10:35:21.589000"
}