{
  "ticker": "SOLV",
  "name": "SOLVENTUM CORPORATION",
  "quarters": [
    {
      "date": "2023-03-31T00:00:00",
      "quarter_label": "2023-03 (Q1)",
      "revenue": 2011000000,
      "gross_profit": 1137000000,
      "operating_income": 365000000,
      "net_income": 293000000,
      "opex": 1646000000,
      "cogs": null,
      "rd": 195000000,
      "sga": 577000000,
      "fcf": 444000000,
      "ocf": 509000000,
      "capex": -65000000,
      "gross_margin": 0.56539035305818,
      "op_margin": 0.18150174042764794,
      "fcf_margin": 0.2207856787667827
    },
    {
      "date": "2023-06-30T00:00:00",
      "quarter_label": "2023-06 (Q2)",
      "revenue": 2076000000,
      "gross_profit": 1189000000,
      "operating_income": 417000000,
      "net_income": 321000000,
      "opex": 1659000000,
      "cogs": null,
      "rd": 193000000,
      "sga": 579000000,
      "fcf": 295000000,
      "ocf": 366000000,
      "capex": -71000000,
      "gross_margin": 0.5727360308285164,
      "op_margin": 0.20086705202312138,
      "fcf_margin": 0.14210019267822735,
      "op_leverage_ratio": 4.092491297861761,
      "fcf_margin_change": -0.07868548608855536
    },
    {
      "date": "2023-09-30T00:00:00",
      "quarter_label": "2023-09 (Q3)",
      "revenue": 2074000000,
      "gross_profit": 1209000000,
      "operating_income": 504000000,
      "net_income": 460000000,
      "opex": 1570000000,
      "cogs": null,
      "rd": 180000000,
      "sga": 525000000,
      "fcf": 427000000,
      "ocf": 493000000,
      "capex": -66000000,
      "gross_margin": 0.5829315332690453,
      "op_margin": 0.24300867888138863,
      "fcf_margin": 0.20588235294117646,
      "fcf_margin_change": 0.06378216026294911
    },
    {
      "date": "2023-12-31T00:00:00",
      "quarter_label": "2023-12 (Q4)",
      "revenue": 2036000000,
      "gross_profit": 1158000000,
      "operating_income": 406000000,
      "net_income": 272000000,
      "opex": 752000000,
      "cogs": null,
      "rd": 190000000,
      "sga": 562000000,
      "fcf": 459000000,
      "ocf": 547000000,
      "capex": -88000000,
      "gross_margin": 0.568762278978389,
      "op_margin": 0.1994106090373281,
      "fcf_margin": 0.22544204322200392,
      "fcf_margin_change": 0.019559690280827463
    },
    {
      "date": "2024-03-31T00:00:00",
      "quarter_label": "2024-03 (Q1)",
      "revenue": 2016000000,
      "gross_profit": 1172000000,
      "operating_income": 381000000,
      "net_income": 237000000,
      "opex": 1635000000,
      "cogs": null,
      "rd": 195000000,
      "sga": 596000000,
      "fcf": 340000000,
      "ocf": 442000000,
      "capex": -102000000,
      "gross_margin": 0.5813492063492064,
      "op_margin": 0.18898809523809523,
      "fcf_margin": 0.16865079365079366,
      "incr_op_margin_yoy": 3.2,
      "rev_growth_yoy": 0.002486325211337643,
      "fcf_margin_change": -0.05679124957121026
    },
    {
      "date": "2024-06-30T00:00:00",
      "quarter_label": "2024-06 (Q2)",
      "revenue": 2081000000,
      "gross_profit": 1137000000,
      "operating_income": 244000000,
      "net_income": 89000000,
      "opex": 1837000000,
      "cogs": null,
      "rd": 192000000,
      "sga": 701000000,
      "fcf": 297000000,
      "ocf": 355000000,
      "capex": -58000000,
      "gross_margin": 0.5463719365689572,
      "op_margin": 0.11725132148005767,
      "fcf_margin": 0.14271984622777512,
      "incr_op_margin_yoy": -34.6,
      "rev_growth_yoy": 0.0024084778420038534,
      "rev_growth_yoy_accel": -7.784736933378949e-05,
      "op_leverage_ratio": 0.26096917727487035,
      "fcf_margin_change": -0.025930947423018547
    },
    {
      "date": "2024-09-30T00:00:00",
      "quarter_label": "2024-09 (Q3)",
      "revenue": 2082000000,
      "gross_profit": 1165000000,
      "operating_income": 275000000,
      "net_income": 122000000,
      "opex": 1807000000,
      "cogs": null,
      "rd": 189000000,
      "sga": 701000000,
      "fcf": 76000000,
      "ocf": 169000000,
      "capex": -93000000,
      "gross_margin": 0.5595581171950048,
      "op_margin": 0.13208453410182516,
      "fcf_margin": 0.03650336215177714,
      "incr_op_margin_yoy": -28.625,
      "rev_growth_yoy": 0.003857280617164899,
      "rev_growth_yoy_accel": 0.0014488027751610455,
      "fcf_margin_change": -0.10621648407599799
    },
    {
      "date": "2024-12-31T00:00:00",
      "quarter_label": "2024-12 (Q4)",
      "revenue": 2075000000,
      "gross_profit": 1119000000,
      "operating_income": 136000000,
      "net_income": 31000000,
      "opex": 983000000,
      "cogs": null,
      "rd": 199000000,
      "sga": 784000000,
      "fcf": 92000000,
      "ocf": 219000000,
      "capex": -127000000,
      "gross_margin": 0.5392771084337349,
      "op_margin": 0.0655421686746988,
      "fcf_margin": 0.04433734939759036,
      "incr_op_margin_yoy": -6.923076923076923,
      "rev_growth_yoy": 0.019155206286836934,
      "rev_growth_yoy_accel": 0.015297925669672035,
      "fcf_margin_change": 0.007833987245813225
    },
    {
      "date": "2025-03-31T00:00:00",
      "quarter_label": "2025-03 (Q1)",
      "revenue": 2070000000,
      "gross_profit": 1114000000,
      "operating_income": 152000000,
      "net_income": 137000000,
      "opex": 962000000,
      "cogs": null,
      "rd": 193000000,
      "sga": 769000000,
      "fcf": -80000000,
      "ocf": 29000000,
      "capex": -109000000,
      "gross_margin": 0.5381642512077295,
      "op_margin": 0.07342995169082125,
      "fcf_margin": -0.03864734299516908,
      "incr_op_margin_yoy": -4.2407407407407405,
      "rev_growth_yoy": 0.026785714285714284,
      "rev_growth_yoy_accel": 0.0076305079988773505,
      "fcf_margin_change": -0.08298469239275943
    },
    {
      "date": "2025-06-30T00:00:00",
      "quarter_label": "2025-06 (Q2)",
      "revenue": 2161000000,
      "gross_profit": 1175000000,
      "operating_income": 214000000,
      "net_income": 90000000,
      "opex": 961000000,
      "cogs": null,
      "rd": 189000000,
      "sga": 772000000,
      "fcf": 59000000,
      "ocf": 169000000,
      "capex": -110000000,
      "gross_margin": 0.5437297547431744,
      "op_margin": 0.0990282276723739,
      "fcf_margin": 0.027302174919018974,
      "incr_op_margin_yoy": -0.375,
      "rev_growth_yoy": 0.03844305622296973,
      "rev_growth_yoy_accel": 0.011657341937255445,
      "op_leverage_ratio": Infinity,
      "fcf_margin_change": 0.06594951791418806
    },
    {
      "date": "2025-09-30T00:00:00",
      "quarter_label": "2025-09 (Q3)",
      "revenue": 2096000000,
      "gross_profit": 1135000000,
      "operating_income": 1690000000,
      "net_income": 1266000000,
      "opex": -555000000,
      "cogs": null,
      "rd": 183000000,
      "sga": 780000000,
      "fcf": -21000000,
      "ocf": 76000000,
      "capex": -97000000,
      "gross_margin": 0.5415076335877863,
      "op_margin": 0.8062977099236641,
      "fcf_margin": -0.010019083969465648,
      "incr_op_margin_yoy": 101.07142857142857,
      "rev_growth_yoy": 0.0067243035542747355,
      "rev_growth_yoy_accel": -0.03171875266869499,
      "fcf_margin_change": -0.03732125888848462
    }
  ],
  "signals": [
    {
      "quarter": "2025-09 (Q3)",
      "signal": "INCREMENTAL MARGIN (YoY)",
      "detail": "YoY Incr OPM: +10107.1% vs year-ago OPM: +13.2%",
      "severity": "HIGH"
    },
    {
      "quarter": "2025-06 (Q2)",
      "signal": "FCF TURNED POSITIVE",
      "detail": "FCF margin: -3.9% -> +2.7%",
      "severity": "HIGH"
    },
    {
      "quarter": "2024-03 (Q1)",
      "signal": "INCREMENTAL MARGIN (YoY)",
      "detail": "YoY Incr OPM: +320.0% vs year-ago OPM: +18.2%",
      "severity": "HIGH"
    },
    {
      "quarter": "2023-09 (Q3)",
      "signal": "FCF MARGIN EXPANSION",
      "detail": "FCF margin: +14.2% -> +20.6% (+6.4%)",
      "severity": "MEDIUM"
    },
    {
      "quarter": "2023-06 (Q2)",
      "signal": "OPERATING LEVERAGE",
      "detail": "Rev growth +3.2% vs OpEx growth +0.8% (leverage: 4.1x)",
      "severity": "MEDIUM"
    }
  ],
  "data_quality": {
    "n_quarters": 11,
    "coverage": {
      "revenue": [
        11,
        11
      ],
      "gross_profit": [
        11,
        11
      ],
      "op_income": [
        11,
        11
      ],
      "fcf": [
        11,
        11
      ]
    },
    "gaps": [],
    "warnings": []
  },
  "market_cap": null,
  "source": "SEC EDGAR",
  "last_updated": "2026-02-02T20:29:30.001498"
}