{
  "ticker": "SPG-PJ",
  "name": "SIMON PROPERTY GROUP,\u00a0INC.",
  "quarters": [
    {
      "date": "2020-12-31T00:00:00",
      "quarter_label": "2020-12 (Q4)",
      "revenue": 1131429000,
      "gross_profit": null,
      "operating_income": 462047000,
      "net_income": null,
      "opex": 669381000,
      "cogs": null,
      "rd": null,
      "sga": null,
      "fcf": 895077000,
      "ocf": 895077000,
      "capex": null,
      "gross_margin": null,
      "op_margin": 0.4083747190499802,
      "fcf_margin": 0.7911031094306403
    },
    {
      "date": "2021-03-31T00:00:00",
      "quarter_label": "2021-03 (Q1)",
      "revenue": 1239951000,
      "gross_profit": null,
      "operating_income": 604612000,
      "net_income": null,
      "opex": 635339000,
      "cogs": null,
      "rd": null,
      "sga": null,
      "fcf": 875762000,
      "ocf": 875762000,
      "capex": null,
      "gross_margin": null,
      "op_margin": 0.48760959102416146,
      "fcf_margin": 0.7062875871707833,
      "op_leverage_ratio": Infinity,
      "fcf_margin_change": -0.084815522259857
    },
    {
      "date": "2021-06-30T00:00:00",
      "quarter_label": "2021-06 (Q2)",
      "revenue": 1254146000,
      "gross_profit": null,
      "operating_income": 604723000,
      "net_income": null,
      "opex": 649423000,
      "cogs": null,
      "rd": null,
      "sga": null,
      "fcf": 1001987000,
      "ocf": 1001987000,
      "capex": null,
      "gross_margin": null,
      "op_margin": 0.4821791083334795,
      "fcf_margin": 0.7989396768797253,
      "op_leverage_ratio": 0.5164287031675681,
      "fcf_margin_change": 0.09265208970894201
    },
    {
      "date": "2021-09-30T00:00:00",
      "quarter_label": "2021-09 (Q3)",
      "revenue": 1296554000,
      "gross_profit": null,
      "operating_income": 612324000,
      "net_income": null,
      "opex": 684230000,
      "cogs": null,
      "rd": null,
      "sga": null,
      "fcf": 874722000,
      "ocf": 874722000,
      "capex": null,
      "gross_margin": null,
      "op_margin": 0.47227034122759254,
      "fcf_margin": 0.6746514221544185,
      "op_leverage_ratio": 0.6309003468783233,
      "fcf_margin_change": -0.1242882547253068
    },
    {
      "date": "2021-12-31T00:00:00",
      "quarter_label": "2021-12 (Q4)",
      "revenue": 1326138000,
      "gross_profit": null,
      "operating_income": 591533000,
      "net_income": null,
      "opex": 734605000,
      "cogs": null,
      "rd": null,
      "sga": null,
      "fcf": 884931000,
      "ocf": 884931000,
      "capex": null,
      "gross_margin": null,
      "op_margin": 0.446056896039477,
      "fcf_margin": 0.6672993308388719,
      "incr_op_margin_yoy": 0.6650231884504568,
      "rev_growth_yoy": 0.17209122269271868,
      "op_leverage_ratio": 0.3099226645185688,
      "fcf_margin_change": -0.007352091315546594
    },
    {
      "date": "2022-03-31T00:00:00",
      "quarter_label": "2022-03 (Q1)",
      "revenue": 1295922000,
      "gross_profit": null,
      "operating_income": 620391000,
      "net_income": null,
      "opex": 675531000,
      "cogs": null,
      "rd": null,
      "sga": null,
      "fcf": 791869000,
      "ocf": 791869000,
      "capex": null,
      "gross_margin": null,
      "op_margin": 0.47872557144642963,
      "fcf_margin": 0.6110468068294234,
      "incr_op_margin_yoy": 0.28191384824284005,
      "rev_growth_yoy": 0.045139686971501294,
      "rev_growth_yoy_accel": -0.12695153572121737,
      "fcf_margin_change": -0.05625252400944858
    },
    {
      "date": "2022-06-30T00:00:00",
      "quarter_label": "2022-06 (Q2)",
      "revenue": 1279842000,
      "gross_profit": null,
      "operating_income": 626761000,
      "net_income": null,
      "opex": 653081000,
      "cogs": null,
      "rd": null,
      "sga": null,
      "fcf": 1100942000,
      "ocf": 1100942000,
      "capex": null,
      "gross_margin": null,
      "op_margin": 0.48971748075153027,
      "fcf_margin": 0.860217120550818,
      "incr_op_margin_yoy": 0.8576432129514321,
      "rev_growth_yoy": 0.02048884260684163,
      "rev_growth_yoy_accel": -0.024650844364659665,
      "fcf_margin_change": 0.24917031372139464
    },
    {
      "date": "2022-09-30T00:00:00",
      "quarter_label": "2022-09 (Q3)",
      "revenue": 1315786000,
      "gross_profit": null,
      "operating_income": 652196000,
      "net_income": null,
      "opex": 663590000,
      "cogs": null,
      "rd": null,
      "sga": null,
      "fcf": 941651000,
      "ocf": 941651000,
      "capex": null,
      "gross_margin": null,
      "op_margin": 0.495670268569509,
      "fcf_margin": 0.7156566493335542,
      "incr_op_margin_yoy": 2.0732113144758735,
      "rev_growth_yoy": 0.014833165452422345,
      "rev_growth_yoy_accel": -0.005655677154419284,
      "op_leverage_ratio": 1.745322568452469,
      "fcf_margin_change": -0.1445604712172638
    },
    {
      "date": "2022-12-31T00:00:00",
      "quarter_label": "2022-12 (Q4)",
      "revenue": 1399898000,
      "gross_profit": null,
      "operating_income": 684205000,
      "net_income": null,
      "opex": 715692000,
      "cogs": null,
      "rd": null,
      "sga": null,
      "fcf": 932142000,
      "ocf": 932142000,
      "capex": null,
      "gross_margin": null,
      "op_margin": 0.48875346632397504,
      "fcf_margin": 0.6658642272508426,
      "incr_op_margin_yoy": 1.2563991323210413,
      "rev_growth_yoy": 0.05562015416193488,
      "rev_growth_yoy_accel": 0.040786988709512535,
      "op_leverage_ratio": 0.8141757009343491,
      "fcf_margin_change": -0.04979242208271162
    },
    {
      "date": "2023-03-31T00:00:00",
      "quarter_label": "2023-03 (Q1)",
      "revenue": 1350849000,
      "gross_profit": null,
      "operating_income": 662723000,
      "net_income": null,
      "opex": 688126000,
      "cogs": null,
      "rd": null,
      "sga": null,
      "fcf": 828681000,
      "ocf": 828681000,
      "capex": null,
      "gross_margin": null,
      "op_margin": 0.4905973946754967,
      "fcf_margin": 0.6134519846407703,
      "incr_op_margin_yoy": 0.7706956505907842,
      "rev_growth_yoy": 0.042384495363146854,
      "rev_growth_yoy_accel": -0.013235658798788026,
      "fcf_margin_change": -0.05241224261007227
    },
    {
      "date": "2023-06-30T00:00:00",
      "quarter_label": "2023-06 (Q2)",
      "revenue": 1369601000,
      "gross_profit": null,
      "operating_income": 657925000,
      "net_income": null,
      "opex": 711676000,
      "cogs": null,
      "rd": null,
      "sga": null,
      "fcf": 1129491000,
      "ocf": 1129491000,
      "capex": null,
      "gross_margin": null,
      "op_margin": 0.4803771317339868,
      "fcf_margin": 0.8246861677233004,
      "incr_op_margin_yoy": 0.34719638142136167,
      "rev_growth_yoy": 0.0701328757768537,
      "rev_growth_yoy_accel": 0.02774838041370685,
      "op_leverage_ratio": 0.40561858407834767,
      "fcf_margin_change": 0.21123418308253006
    },
    {
      "date": "2023-09-30T00:00:00",
      "quarter_label": "2023-09 (Q3)",
      "revenue": 1410948000,
      "gross_profit": null,
      "operating_income": 694234000,
      "net_income": null,
      "opex": 716714000,
      "cogs": null,
      "rd": null,
      "sga": null,
      "fcf": 935867000,
      "ocf": 935867000,
      "capex": null,
      "gross_margin": null,
      "op_margin": 0.4920337248431551,
      "fcf_margin": 0.6632895046451038,
      "incr_op_margin_yoy": 0.4417519598158929,
      "rev_growth_yoy": 0.07232331093354087,
      "rev_growth_yoy_accel": 0.0021904351566871677,
      "op_leverage_ratio": 4.264558700713547,
      "fcf_margin_change": -0.16139666307819656
    },
    {
      "date": "2023-12-31T00:00:00",
      "quarter_label": "2023-12 (Q4)",
      "revenue": 1527438000,
      "gross_profit": null,
      "operating_income": 792139000,
      "net_income": null,
      "opex": 735299000,
      "cogs": null,
      "rd": null,
      "sga": null,
      "fcf": 1036754000,
      "ocf": 1036754000,
      "capex": null,
      "gross_margin": null,
      "op_margin": 0.5186063198637195,
      "fcf_margin": 0.6787535729764481,
      "incr_op_margin_yoy": 0.8462756782185981,
      "rev_growth_yoy": 0.09110663776932319,
      "rev_growth_yoy_accel": 0.01878332683578232,
      "op_leverage_ratio": 3.1839112936788196,
      "fcf_margin_change": 0.015464068331344283
    },
    {
      "date": "2024-03-31T00:00:00",
      "quarter_label": "2024-03 (Q1)",
      "revenue": 1442590000,
      "gross_profit": null,
      "operating_income": 735180000,
      "net_income": null,
      "opex": 707410000,
      "cogs": null,
      "rd": null,
      "sga": null,
      "fcf": 773103000,
      "ocf": 773103000,
      "capex": null,
      "gross_margin": null,
      "op_margin": 0.5096250493903327,
      "fcf_margin": 0.5359131839261329,
      "incr_op_margin_yoy": 0.789799544369475,
      "rev_growth_yoy": 0.0679135861965327,
      "rev_growth_yoy_accel": -0.023193051572790488,
      "fcf_margin_change": -0.14284038905031526
    },
    {
      "date": "2024-06-30T00:00:00",
      "quarter_label": "2024-06 (Q2)",
      "revenue": 1458266000,
      "gross_profit": null,
      "operating_income": 754101000,
      "net_income": null,
      "opex": 704165000,
      "cogs": null,
      "rd": null,
      "sga": null,
      "fcf": 1063151000,
      "ocf": 1063151000,
      "capex": null,
      "gross_margin": null,
      "op_margin": 0.5171217048192853,
      "fcf_margin": 0.7290514899202203,
      "incr_op_margin_yoy": 1.0847121186488469,
      "rev_growth_yoy": 0.06473783240520414,
      "rev_growth_yoy_accel": -0.0031757537913285616,
      "op_leverage_ratio": Infinity,
      "fcf_margin_change": 0.19313830599408743
    },
    {
      "date": "2024-09-30T00:00:00",
      "quarter_label": "2024-09 (Q3)",
      "revenue": 1480710000,
      "gross_profit": null,
      "operating_income": 767769000,
      "net_income": null,
      "opex": 712941000,
      "cogs": null,
      "rd": null,
      "sga": null,
      "fcf": 892852000,
      "ocf": 892852000,
      "capex": null,
      "gross_margin": null,
      "op_margin": 0.5185140912129992,
      "fcf_margin": 0.6029891065772501,
      "incr_op_margin_yoy": 1.054083885209713,
      "rev_growth_yoy": 0.049443352979698756,
      "rev_growth_yoy_accel": -0.015294479425505388,
      "op_leverage_ratio": 1.2349271259156744,
      "fcf_margin_change": -0.12606238334297015
    },
    {
      "date": "2024-12-31T00:00:00",
      "quarter_label": "2024-12 (Q4)",
      "revenue": 1582232000,
      "gross_profit": null,
      "operating_income": 835746000,
      "net_income": null,
      "opex": 746486000,
      "cogs": null,
      "rd": null,
      "sga": null,
      "fcf": 1085549000,
      "ocf": 1085549000,
      "capex": null,
      "gross_margin": null,
      "op_margin": 0.5282069886084974,
      "fcf_margin": 0.6860871224953105,
      "incr_op_margin_yoy": 0.7958353104354491,
      "rev_growth_yoy": 0.035873141823105095,
      "rev_growth_yoy_accel": -0.01357021115659366,
      "op_leverage_ratio": 1.4571892214003248,
      "fcf_margin_change": 0.08309801591806032
    },
    {
      "date": "2025-03-31T00:00:00",
      "quarter_label": "2025-03 (Q1)",
      "revenue": 1473012000,
      "gross_profit": null,
      "operating_income": 727616000,
      "net_income": null,
      "opex": 745396000,
      "cogs": null,
      "rd": null,
      "sga": null,
      "fcf": 827218000,
      "ocf": 827218000,
      "capex": null,
      "gross_margin": null,
      "op_margin": 0.4939647470624815,
      "fcf_margin": 0.56158266191993,
      "incr_op_margin_yoy": -0.24863585563079352,
      "rev_growth_yoy": 0.02108845895230107,
      "rev_growth_yoy_accel": -0.014784682870804026,
      "fcf_margin_change": -0.12450446057538045
    },
    {
      "date": "2025-06-30T00:00:00",
      "quarter_label": "2025-06 (Q2)",
      "revenue": 1498459000,
      "gross_profit": null,
      "operating_income": 744197000,
      "net_income": null,
      "opex": 754262000,
      "cogs": null,
      "rd": null,
      "sga": null,
      "fcf": 1215332000,
      "ocf": 1215332000,
      "capex": null,
      "gross_margin": null,
      "op_margin": 0.496641549752112,
      "fcf_margin": 0.8110545567145981,
      "incr_op_margin_yoy": -0.24641106660363746,
      "rev_growth_yoy": 0.027562186871256684,
      "rev_growth_yoy_accel": 0.006473727918955615,
      "op_leverage_ratio": 1.4524113559103353,
      "fcf_margin_change": 0.24947189479466814
    },
    {
      "date": "2025-09-30T00:00:00",
      "quarter_label": "2025-09 (Q3)",
      "revenue": 1601572000,
      "gross_profit": null,
      "operating_income": 812914000,
      "net_income": null,
      "opex": 788658000,
      "cogs": null,
      "rd": null,
      "sga": null,
      "fcf": 890260000,
      "ocf": 890260000,
      "capex": null,
      "gross_margin": null,
      "op_margin": 0.5075725599598394,
      "fcf_margin": 0.5558663613000228,
      "incr_op_margin_yoy": 0.3735251774751369,
      "rev_growth_yoy": 0.08162435588332624,
      "rev_growth_yoy_accel": 0.05406216901206956,
      "op_leverage_ratio": 1.508977784638053,
      "fcf_margin_change": -0.2551881954145754
    }
  ],
  "signals": [
    {
      "quarter": "2025-09 (Q3)",
      "signal": "OPERATING LEVERAGE",
      "detail": "Rev growth +6.9% vs OpEx growth +4.6% (leverage: 1.5x)",
      "severity": "MEDIUM"
    },
    {
      "quarter": "2025-09 (Q3)",
      "signal": "YoY REVENUE GROWTH ACCELERATION",
      "detail": "YoY growth: +8.2% vs prior quarter YoY: +2.8% (accel: +5.4%)",
      "severity": "MEDIUM"
    },
    {
      "quarter": "2025-06 (Q2)",
      "signal": "FCF MARGIN EXPANSION",
      "detail": "FCF margin: +56.2% -> +81.1% (+24.9%)",
      "severity": "MEDIUM"
    },
    {
      "quarter": "2024-12 (Q4)",
      "signal": "FCF MARGIN EXPANSION",
      "detail": "FCF margin: +60.3% -> +68.6% (+8.3%)",
      "severity": "MEDIUM"
    },
    {
      "quarter": "2024-12 (Q4)",
      "signal": "INCREMENTAL MARGIN (YoY)",
      "detail": "YoY Incr OPM: +79.6% vs year-ago OPM: +51.9%",
      "severity": "HIGH"
    },
    {
      "quarter": "2024-09 (Q3)",
      "signal": "INCREMENTAL MARGIN (YoY)",
      "detail": "YoY Incr OPM: +105.4% vs year-ago OPM: +49.2%",
      "severity": "HIGH"
    },
    {
      "quarter": "2024-06 (Q2)",
      "signal": "FCF MARGIN EXPANSION",
      "detail": "FCF margin: +53.6% -> +72.9% (+19.3%)",
      "severity": "MEDIUM"
    },
    {
      "quarter": "2024-06 (Q2)",
      "signal": "INCREMENTAL MARGIN (YoY)",
      "detail": "YoY Incr OPM: +108.5% vs year-ago OPM: +48.0%",
      "severity": "HIGH"
    },
    {
      "quarter": "2024-03 (Q1)",
      "signal": "INCREMENTAL MARGIN (YoY)",
      "detail": "YoY Incr OPM: +79.0% vs year-ago OPM: +49.1%",
      "severity": "HIGH"
    },
    {
      "quarter": "2023-12 (Q4)",
      "signal": "OPERATING LEVERAGE",
      "detail": "Rev growth +8.3% vs OpEx growth +2.6% (leverage: 3.2x)",
      "severity": "MEDIUM"
    },
    {
      "quarter": "2023-12 (Q4)",
      "signal": "INCREMENTAL MARGIN (YoY)",
      "detail": "YoY Incr OPM: +84.6% vs year-ago OPM: +48.9%",
      "severity": "HIGH"
    },
    {
      "quarter": "2023-09 (Q3)",
      "signal": "OPERATING LEVERAGE",
      "detail": "Rev growth +3.0% vs OpEx growth +0.7% (leverage: 4.3x)",
      "severity": "MEDIUM"
    },
    {
      "quarter": "2023-06 (Q2)",
      "signal": "FCF MARGIN EXPANSION",
      "detail": "FCF margin: +61.3% -> +82.5% (+21.1%)",
      "severity": "MEDIUM"
    },
    {
      "quarter": "2023-03 (Q1)",
      "signal": "INCREMENTAL MARGIN (YoY)",
      "detail": "YoY Incr OPM: +77.1% vs year-ago OPM: +47.9%",
      "severity": "HIGH"
    },
    {
      "quarter": "2022-12 (Q4)",
      "signal": "INCREMENTAL MARGIN (YoY)",
      "detail": "YoY Incr OPM: +125.6% vs year-ago OPM: +44.6%",
      "severity": "HIGH"
    },
    {
      "quarter": "2022-09 (Q3)",
      "signal": "OPERATING LEVERAGE",
      "detail": "Rev growth +2.8% vs OpEx growth +1.6% (leverage: 1.7x)",
      "severity": "MEDIUM"
    },
    {
      "quarter": "2022-09 (Q3)",
      "signal": "INCREMENTAL MARGIN (YoY)",
      "detail": "YoY Incr OPM: +207.3% vs year-ago OPM: +47.2%",
      "severity": "HIGH"
    },
    {
      "quarter": "2022-06 (Q2)",
      "signal": "FCF MARGIN EXPANSION",
      "detail": "FCF margin: +61.1% -> +86.0% (+24.9%)",
      "severity": "MEDIUM"
    },
    {
      "quarter": "2022-06 (Q2)",
      "signal": "INCREMENTAL MARGIN (YoY)",
      "detail": "YoY Incr OPM: +85.8% vs year-ago OPM: +48.2%",
      "severity": "HIGH"
    },
    {
      "quarter": "2022-03 (Q1)",
      "signal": "YoY REVENUE GROWTH DECELERATION",
      "detail": "YoY growth: +4.5% vs prior quarter YoY: +17.2% (decel: -12.7%)",
      "severity": "WARNING"
    },
    {
      "quarter": "2021-12 (Q4)",
      "signal": "INCREMENTAL MARGIN (YoY)",
      "detail": "YoY Incr OPM: +66.5% vs year-ago OPM: +40.8%",
      "severity": "HIGH"
    },
    {
      "quarter": "2021-06 (Q2)",
      "signal": "FCF MARGIN EXPANSION",
      "detail": "FCF margin: +70.6% -> +79.9% (+9.3%)",
      "severity": "MEDIUM"
    }
  ],
  "data_quality": {
    "n_quarters": 20,
    "coverage": {
      "revenue": [
        20,
        20
      ],
      "gross_profit": [
        0,
        20
      ],
      "op_income": [
        20,
        20
      ],
      "fcf": [
        20,
        20
      ]
    },
    "gaps": [],
    "warnings": [
      "gross_profit: no data"
    ]
  },
  "market_cap": null,
  "source": "SEC EDGAR",
  "last_updated": "2026-02-03T00:53:20.280410"
}