{
  "ticker": "SPHR",
  "name": "SPHERE ENTERTAINMENT CO.",
  "quarters": [
    {
      "date": "2020-12-31T00:00:00",
      "quarter_label": "2020-12 (Q4)",
      "revenue": 23137000,
      "gross_profit": null,
      "operating_income": -112524000,
      "net_income": -124859000,
      "opex": 215564000,
      "cogs": null,
      "rd": null,
      "sga": 74950000,
      "fcf": -115270000,
      "ocf": -7240000,
      "capex": -108030000,
      "gross_margin": null,
      "op_margin": -4.863379003328003,
      "fcf_margin": -4.982063361715002
    },
    {
      "date": "2021-03-31T00:00:00",
      "quarter_label": "2021-03 (Q1)",
      "revenue": 43102000,
      "gross_profit": null,
      "operating_income": -108625000,
      "net_income": -79610000,
      "opex": 253058000,
      "cogs": null,
      "rd": null,
      "sga": 78319000,
      "fcf": -113970000,
      "ocf": -11649000,
      "capex": -102321000,
      "gross_margin": null,
      "op_margin": -2.5201846782051875,
      "fcf_margin": -2.644192844879588,
      "op_leverage_ratio": 4.961085669804329,
      "fcf_margin_change": 2.337870516835414
    },
    {
      "date": "2021-06-30T00:00:00",
      "quarter_label": "2021-06 (Q2)",
      "revenue": 260597000,
      "gross_profit": null,
      "operating_income": -43992000,
      "net_income": -38263000,
      "opex": 304589000,
      "cogs": null,
      "rd": null,
      "sga": 109120000,
      "fcf": -75988000,
      "ocf": 55422000,
      "capex": -131410000,
      "gross_margin": null,
      "op_margin": -0.16881238080254185,
      "fcf_margin": -0.2915919983729667,
      "op_leverage_ratio": 24.78011718378733,
      "fcf_margin_change": 2.352600846506621
    },
    {
      "date": "2021-09-30T00:00:00",
      "quarter_label": "2021-09 (Q3)",
      "revenue": 294510000,
      "gross_profit": null,
      "operating_income": -83338000,
      "net_income": -86853000,
      "opex": 377848000,
      "cogs": null,
      "rd": null,
      "sga": 174839000,
      "fcf": -130283000,
      "ocf": 6988000,
      "capex": -137271000,
      "gross_margin": null,
      "op_margin": -0.28297171573121455,
      "fcf_margin": -0.44237207565108144,
      "op_leverage_ratio": 0.5410657294005733,
      "fcf_margin_change": -0.15078007727811477
    },
    {
      "date": "2021-12-31T00:00:00",
      "quarter_label": "2021-12 (Q4)",
      "revenue": 516439000,
      "gross_profit": null,
      "operating_income": 35350000,
      "net_income": 2271000,
      "opex": 481089000,
      "cogs": null,
      "rd": null,
      "sga": 162277000,
      "fcf": -50007000,
      "ocf": 125798000,
      "capex": -175805000,
      "gross_margin": null,
      "op_margin": 0.06844951678707456,
      "fcf_margin": -0.09683040978702229,
      "incr_op_margin_yoy": 0.2997636336361904,
      "rev_growth_yoy": 21.32091455244846,
      "op_leverage_ratio": 2.7579026733614813,
      "fcf_margin_change": 0.34554166586405916
    },
    {
      "date": "2022-03-31T00:00:00",
      "quarter_label": "2022-03 (Q1)",
      "revenue": 460127000,
      "gross_profit": null,
      "operating_income": 2043000,
      "net_income": -17491000,
      "opex": 458084000,
      "cogs": null,
      "rd": null,
      "sga": 157598000,
      "fcf": -230003000,
      "ocf": -26585000,
      "capex": -203418000,
      "gross_margin": null,
      "op_margin": 0.004440078500066286,
      "fcf_margin": -0.49986851456228387,
      "incr_op_margin_yoy": 0.26537497751933337,
      "rev_growth_yoy": 9.675305090251033,
      "rev_growth_yoy_accel": -11.645609462197427,
      "fcf_margin_change": -0.4030381047752616
    },
    {
      "date": "2022-06-30T00:00:00",
      "quarter_label": "2022-06 (Q2)",
      "revenue": 453542000,
      "gross_profit": null,
      "operating_income": -56752000,
      "net_income": -99943000,
      "opex": 510294000,
      "cogs": null,
      "rd": null,
      "sga": 187082000,
      "fcf": -205084000,
      "ocf": 35139000,
      "capex": -240223000,
      "gross_margin": null,
      "op_margin": -0.12513063839732594,
      "fcf_margin": -0.452183039277509,
      "incr_op_margin_yoy": -0.06613283578221774,
      "rev_growth_yoy": 0.74039609051524,
      "rev_growth_yoy_accel": -8.934908999735793,
      "fcf_margin_change": 0.04768547528477485
    },
    {
      "date": "2022-09-30T00:00:00",
      "quarter_label": "2022-09 (Q3)",
      "revenue": 401218000,
      "gross_profit": null,
      "operating_income": -44848000,
      "net_income": -44757000,
      "opex": 174184000,
      "cogs": null,
      "rd": null,
      "sga": 164410000,
      "fcf": -353271000,
      "ocf": -81183000,
      "capex": -272088000,
      "gross_margin": null,
      "op_margin": -0.11177963102353335,
      "fcf_margin": -0.8804963884970266,
      "incr_op_margin_yoy": 0.36070397720883157,
      "rev_growth_yoy": 0.36232385997079897,
      "rev_growth_yoy_accel": -0.37807223054444106,
      "fcf_margin_change": -0.4283133492195176
    },
    {
      "date": "2022-12-31T00:00:00",
      "quarter_label": "2022-12 (Q4)",
      "revenue": 642198000,
      "gross_profit": null,
      "operating_income": 73950000,
      "net_income": 67584000,
      "opex": 209276000,
      "cogs": null,
      "rd": null,
      "sga": 182433000,
      "fcf": -153572000,
      "ocf": 136148000,
      "capex": -289720000,
      "gross_margin": null,
      "op_margin": 0.11515140190408565,
      "fcf_margin": -0.23913497083454013,
      "incr_op_margin_yoy": 0.3069362828902902,
      "rev_growth_yoy": 0.243511818433542,
      "rev_growth_yoy_accel": -0.11881204153725697,
      "op_leverage_ratio": 2.9812660208016073,
      "fcf_margin_change": 0.6413614176624864
    },
    {
      "date": "2023-03-31T00:00:00",
      "quarter_label": "2023-03 (Q1)",
      "revenue": 363297000,
      "gross_profit": null,
      "operating_income": -101907000,
      "net_income": -56847000,
      "opex": 263969000,
      "cogs": null,
      "rd": null,
      "sga": null,
      "fcf": 82859000,
      "ocf": 82859000,
      "capex": null,
      "gross_margin": null,
      "op_margin": -0.28050603225460163,
      "fcf_margin": 0.22807510108809045,
      "incr_op_margin_yoy": 1.0735309304967469,
      "rev_growth_yoy": -0.21044189973637714,
      "rev_growth_yoy_accel": -0.45395371816991914,
      "fcf_margin_change": 0.4672100719226306
    },
    {
      "date": "2023-06-30T00:00:00",
      "quarter_label": "2023-06 (Q2)",
      "revenue": 129099000,
      "gross_profit": null,
      "operating_income": -70345000,
      "net_income": 536795000,
      "opex": 199444000,
      "cogs": null,
      "rd": null,
      "sga": null,
      "fcf": 15767000,
      "ocf": 15767000,
      "capex": null,
      "gross_margin": null,
      "op_margin": -0.5448919046623134,
      "fcf_margin": 0.12213107770005964,
      "incr_op_margin_yoy": 0.0418964194018672,
      "rev_growth_yoy": -0.7153538150821754,
      "rev_growth_yoy_accel": -0.5049119153457983,
      "fcf_margin_change": -0.10594402338803081
    },
    {
      "date": "2023-09-30T00:00:00",
      "quarter_label": "2023-09 (Q3)",
      "revenue": 118007000,
      "gross_profit": null,
      "operating_income": -69789000,
      "net_income": 66425000,
      "opex": 187796000,
      "cogs": null,
      "rd": null,
      "sga": 87144000,
      "fcf": -94641000,
      "ocf": -94641000,
      "capex": null,
      "gross_margin": null,
      "op_margin": -0.5913971205098003,
      "fcf_margin": -0.8019947969188268,
      "incr_op_margin_yoy": 0.08806508221785171,
      "rev_growth_yoy": -0.7058781011819011,
      "rev_growth_yoy_accel": 0.009475713900274352,
      "fcf_margin_change": -0.9241258746188864
    },
    {
      "date": "2023-12-31T00:00:00",
      "quarter_label": "2023-12 (Q4)",
      "revenue": 314157000,
      "gross_profit": null,
      "operating_income": -159682000,
      "net_income": -173248000,
      "opex": 473839000,
      "cogs": null,
      "rd": null,
      "sga": null,
      "fcf": 46403000,
      "ocf": 46403000,
      "capex": null,
      "gross_margin": null,
      "op_margin": -0.5082872576450628,
      "fcf_margin": 0.14770640157628193,
      "incr_op_margin_yoy": 0.7122036574696455,
      "rev_growth_yoy": -0.5108097502639373,
      "rev_growth_yoy_accel": 0.19506835091796382,
      "op_leverage_ratio": 1.0912783923675717,
      "fcf_margin_change": 0.9497011984951087
    },
    {
      "date": "2024-03-31T00:00:00",
      "quarter_label": "2024-03 (Q1)",
      "revenue": 321330000,
      "gross_profit": null,
      "operating_income": -40393000,
      "net_income": -47240000,
      "opex": 361723000,
      "cogs": null,
      "rd": null,
      "sga": 123149000,
      "fcf": 101018000,
      "ocf": 101018000,
      "capex": null,
      "gross_margin": null,
      "op_margin": -0.12570566084710422,
      "fcf_margin": 0.3143746304422245,
      "incr_op_margin_yoy": -1.465770724616961,
      "rev_growth_yoy": -0.11551705629278525,
      "rev_growth_yoy_accel": 0.395292693971152,
      "op_leverage_ratio": Infinity,
      "fcf_margin_change": 0.1666682288659426
    },
    {
      "date": "2024-06-30T00:00:00",
      "quarter_label": "2024-06 (Q2)",
      "revenue": 273395000,
      "gross_profit": null,
      "operating_income": -71377000,
      "net_income": -46586000,
      "opex": 344772000,
      "cogs": null,
      "rd": null,
      "sga": 107040000,
      "fcf": -72448000,
      "ocf": -72448000,
      "capex": null,
      "gross_margin": null,
      "op_margin": -0.26107646445618976,
      "fcf_margin": -0.26499387333345525,
      "incr_op_margin_yoy": -0.007151965404446415,
      "rev_growth_yoy": 1.1177158614706544,
      "rev_growth_yoy_accel": 1.2332329177634396,
      "fcf_margin_change": -0.5793685037756797
    },
    {
      "date": "2024-09-30T00:00:00",
      "quarter_label": "2024-09 (Q3)",
      "revenue": 227913000,
      "gross_profit": null,
      "operating_income": -117619000,
      "net_income": -105283000,
      "opex": 345532000,
      "cogs": null,
      "rd": null,
      "sga": 118977000,
      "fcf": 34094000,
      "ocf": 34094000,
      "capex": null,
      "gross_margin": null,
      "op_margin": -0.5160697283612606,
      "fcf_margin": 0.14959216894165756,
      "incr_op_margin_yoy": -0.43519007151565886,
      "rev_growth_yoy": 0.9313515299939834,
      "rev_growth_yoy_accel": -0.18636433147667097,
      "fcf_margin_change": 0.4145860422751128
    },
    {
      "date": "2024-12-31T00:00:00",
      "quarter_label": "2024-12 (Q4)",
      "revenue": 308290000,
      "gross_profit": null,
      "operating_income": -142941000,
      "net_income": -125950000,
      "opex": 451231000,
      "cogs": null,
      "rd": null,
      "sga": null,
      "fcf": 6733000,
      "ocf": 6733000,
      "capex": null,
      "gross_margin": null,
      "op_margin": -0.46365759512147653,
      "fcf_margin": 0.021839826137727465,
      "incr_op_margin_yoy": -2.853417419464803,
      "rev_growth_yoy": -0.018675375687952203,
      "rev_growth_yoy_accel": -0.9500269056819356,
      "op_leverage_ratio": 1.1528693417770561,
      "fcf_margin_change": -0.12775234280393008
    },
    {
      "date": "2025-03-31T00:00:00",
      "quarter_label": "2025-03 (Q1)",
      "revenue": 280574000,
      "gross_profit": null,
      "operating_income": -78609000,
      "net_income": -81954000,
      "opex": null,
      "cogs": null,
      "rd": null,
      "sga": 114269000,
      "fcf": 6348000,
      "ocf": 6348000,
      "capex": null,
      "gross_margin": null,
      "op_margin": -0.2801720758160058,
      "fcf_margin": 0.022625047224618104,
      "incr_op_margin_yoy": 0.9376778879183433,
      "rev_growth_yoy": -0.12683534061556656,
      "rev_growth_yoy_accel": -0.10815996492761436,
      "fcf_margin_change": 0.0007852210868906397
    },
    {
      "date": "2025-06-30T00:00:00",
      "quarter_label": "2025-06 (Q2)",
      "revenue": 282677000,
      "gross_profit": null,
      "operating_income": -50159000,
      "net_income": 151816000,
      "opex": null,
      "cogs": null,
      "rd": null,
      "sga": 113023000,
      "fcf": -59059000,
      "ocf": -59059000,
      "capex": null,
      "gross_margin": null,
      "op_margin": -0.17744280574648805,
      "fcf_margin": -0.20892750382945907,
      "incr_op_margin_yoy": 2.2859297565179917,
      "rev_growth_yoy": 0.03395087693630096,
      "rev_growth_yoy_accel": 0.1607862175518675,
      "fcf_margin_change": -0.23155255105407718
    },
    {
      "date": "2025-09-30T00:00:00",
      "quarter_label": "2025-09 (Q3)",
      "revenue": 262511000,
      "gross_profit": null,
      "operating_income": -129717000,
      "net_income": -101196000,
      "opex": null,
      "cogs": null,
      "rd": null,
      "sga": 99692000,
      "fcf": 115838000,
      "ocf": 115838000,
      "capex": null,
      "gross_margin": null,
      "op_margin": -0.4941392932105702,
      "fcf_margin": 0.4412691277698839,
      "incr_op_margin_yoy": -0.3496733915255217,
      "rev_growth_yoy": 0.15180353906973276,
      "rev_growth_yoy_accel": 0.1178526621334318,
      "fcf_margin_change": 0.650196631599343
    }
  ],
  "signals": [
    {
      "quarter": "2025-09 (Q3)",
      "signal": "FCF TURNED POSITIVE",
      "detail": "FCF margin: -20.9% -> +44.1%",
      "severity": "HIGH"
    },
    {
      "quarter": "2025-09 (Q3)",
      "signal": "YoY REVENUE GROWTH ACCELERATION",
      "detail": "YoY growth: +15.2% vs prior quarter YoY: +3.4% (accel: +11.8%)",
      "severity": "MEDIUM"
    },
    {
      "quarter": "2025-06 (Q2)",
      "signal": "YoY REVENUE GROWTH ACCELERATION",
      "detail": "YoY growth: +3.4% vs prior quarter YoY: -12.7% (accel: +16.1%)",
      "severity": "HIGH"
    },
    {
      "quarter": "2025-03 (Q1)",
      "signal": "YoY REVENUE GROWTH DECELERATION",
      "detail": "YoY growth: -12.7% vs prior quarter YoY: -1.9% (decel: -10.8%)",
      "severity": "WARNING"
    },
    {
      "quarter": "2024-12 (Q4)",
      "signal": "YoY REVENUE GROWTH DECELERATION",
      "detail": "YoY growth: -1.9% vs prior quarter YoY: +93.1% (decel: -95.0%)",
      "severity": "WARNING"
    },
    {
      "quarter": "2024-09 (Q3)",
      "signal": "FCF TURNED POSITIVE",
      "detail": "FCF margin: -26.5% -> +15.0%",
      "severity": "HIGH"
    },
    {
      "quarter": "2024-09 (Q3)",
      "signal": "YoY REVENUE GROWTH DECELERATION",
      "detail": "YoY growth: +93.1% vs prior quarter YoY: +111.8% (decel: -18.6%)",
      "severity": "WARNING"
    },
    {
      "quarter": "2024-06 (Q2)",
      "signal": "YoY REVENUE GROWTH ACCELERATION",
      "detail": "YoY growth: +111.8% vs prior quarter YoY: -11.6% (accel: +123.3%)",
      "severity": "HIGH"
    },
    {
      "quarter": "2024-03 (Q1)",
      "signal": "FCF MARGIN EXPANSION",
      "detail": "FCF margin: +14.8% -> +31.4% (+16.7%)",
      "severity": "MEDIUM"
    },
    {
      "quarter": "2024-03 (Q1)",
      "signal": "YoY REVENUE GROWTH ACCELERATION",
      "detail": "YoY growth: -11.6% vs prior quarter YoY: -51.1% (accel: +39.5%)",
      "severity": "HIGH"
    },
    {
      "quarter": "2023-12 (Q4)",
      "signal": "FCF TURNED POSITIVE",
      "detail": "FCF margin: -80.2% -> +14.8%",
      "severity": "HIGH"
    },
    {
      "quarter": "2023-12 (Q4)",
      "signal": "YoY REVENUE GROWTH ACCELERATION",
      "detail": "YoY growth: -51.1% vs prior quarter YoY: -70.6% (accel: +19.5%)",
      "severity": "HIGH"
    },
    {
      "quarter": "2023-06 (Q2)",
      "signal": "YoY REVENUE GROWTH DECELERATION",
      "detail": "YoY growth: -71.5% vs prior quarter YoY: -21.0% (decel: -50.5%)",
      "severity": "WARNING"
    },
    {
      "quarter": "2023-03 (Q1)",
      "signal": "FCF TURNED POSITIVE",
      "detail": "FCF margin: -23.9% -> +22.8%",
      "severity": "HIGH"
    },
    {
      "quarter": "2023-03 (Q1)",
      "signal": "YoY REVENUE GROWTH DECELERATION",
      "detail": "YoY growth: -21.0% vs prior quarter YoY: +24.4% (decel: -45.4%)",
      "severity": "WARNING"
    },
    {
      "quarter": "2022-12 (Q4)",
      "signal": "FCF MARGIN EXPANSION",
      "detail": "FCF margin: -88.0% -> -23.9% (+64.1%)",
      "severity": "MEDIUM"
    },
    {
      "quarter": "2022-12 (Q4)",
      "signal": "OPERATING LEVERAGE",
      "detail": "Rev growth +60.1% vs OpEx growth +20.1% (leverage: 3.0x)",
      "severity": "MEDIUM"
    },
    {
      "quarter": "2022-12 (Q4)",
      "signal": "YoY REVENUE GROWTH DECELERATION",
      "detail": "YoY growth: +24.4% vs prior quarter YoY: +36.2% (decel: -11.9%)",
      "severity": "WARNING"
    },
    {
      "quarter": "2022-12 (Q4)",
      "signal": "INCREMENTAL MARGIN (YoY)",
      "detail": "YoY Incr OPM: +30.7% vs year-ago OPM: +6.8%",
      "severity": "HIGH"
    },
    {
      "quarter": "2022-12 (Q4)",
      "signal": "OP MARGIN TURNED POSITIVE (QoQ)",
      "detail": "Op margin: -11.2% -> +11.5%",
      "severity": "HIGH"
    },
    {
      "quarter": "2022-09 (Q3)",
      "signal": "YoY REVENUE GROWTH DECELERATION",
      "detail": "YoY growth: +36.2% vs prior quarter YoY: +74.0% (decel: -37.8%)",
      "severity": "WARNING"
    },
    {
      "quarter": "2022-06 (Q2)",
      "signal": "YoY REVENUE GROWTH DECELERATION",
      "detail": "YoY growth: +74.0% vs prior quarter YoY: +967.5% (decel: -893.5%)",
      "severity": "WARNING"
    },
    {
      "quarter": "2022-03 (Q1)",
      "signal": "YoY REVENUE GROWTH DECELERATION",
      "detail": "YoY growth: +967.5% vs prior quarter YoY: +2132.1% (decel: -1164.6%)",
      "severity": "WARNING"
    },
    {
      "quarter": "2022-03 (Q1)",
      "signal": "OP MARGIN TURNED POSITIVE (YoY)",
      "detail": "Op margin: -252.0% (year-ago) -> +0.4%",
      "severity": "HIGH"
    },
    {
      "quarter": "2021-12 (Q4)",
      "signal": "FCF MARGIN EXPANSION",
      "detail": "FCF margin: -44.2% -> -9.7% (+34.6%)",
      "severity": "MEDIUM"
    },
    {
      "quarter": "2021-12 (Q4)",
      "signal": "OPERATING LEVERAGE",
      "detail": "Rev growth +75.4% vs OpEx growth +27.3% (leverage: 2.8x)",
      "severity": "MEDIUM"
    },
    {
      "quarter": "2021-12 (Q4)",
      "signal": "OP MARGIN TURNED POSITIVE (YoY)",
      "detail": "Op margin: -486.3% (year-ago) -> +6.8%",
      "severity": "HIGH"
    },
    {
      "quarter": "2021-12 (Q4)",
      "signal": "OP MARGIN TURNED POSITIVE (QoQ)",
      "detail": "Op margin: -28.3% -> +6.8%",
      "severity": "HIGH"
    },
    {
      "quarter": "2021-06 (Q2)",
      "signal": "FCF MARGIN EXPANSION",
      "detail": "FCF margin: -264.4% -> -29.2% (+235.3%)",
      "severity": "MEDIUM"
    },
    {
      "quarter": "2021-06 (Q2)",
      "signal": "OPERATING LEVERAGE",
      "detail": "Rev growth +504.6% vs OpEx growth +20.4% (leverage: 24.8x)",
      "severity": "MEDIUM"
    },
    {
      "quarter": "2021-03 (Q1)",
      "signal": "FCF MARGIN EXPANSION",
      "detail": "FCF margin: -498.2% -> -264.4% (+233.8%)",
      "severity": "MEDIUM"
    },
    {
      "quarter": "2021-03 (Q1)",
      "signal": "OPERATING LEVERAGE",
      "detail": "Rev growth +86.3% vs OpEx growth +17.4% (leverage: 5.0x)",
      "severity": "MEDIUM"
    }
  ],
  "data_quality": {
    "n_quarters": 20,
    "coverage": {
      "revenue": [
        20,
        20
      ],
      "gross_profit": [
        0,
        20
      ],
      "op_income": [
        20,
        20
      ],
      "fcf": [
        20,
        20
      ]
    },
    "gaps": [],
    "warnings": [
      "gross_profit: no data"
    ]
  },
  "market_cap": null,
  "source": "SEC EDGAR",
  "last_updated": "2026-02-02T21:17:54.226435"
}