{
  "ticker": "SPLP",
  "name": "STEEL PARTNERS HOLDINGS L.P.",
  "quarters": [
    {
      "date": "2020-03-31T00:00:00",
      "quarter_label": "2020-03 (Q1)",
      "revenue": 347900000,
      "gross_profit": 126821000,
      "operating_income": null,
      "net_income": -61737000,
      "opex": 353281000,
      "cogs": 221079000,
      "rd": null,
      "sga": 76664000,
      "fcf": 157661000,
      "ocf": 164655000,
      "capex": -6994000,
      "gross_margin": 0.3645329117562518,
      "op_margin": null,
      "fcf_margin": 0.4531790744466801
    },
    {
      "date": "2020-06-30T00:00:00",
      "quarter_label": "2020-06 (Q2)",
      "revenue": 295437000,
      "gross_profit": 100238000,
      "operating_income": null,
      "net_income": -1868000,
      "opex": 302067000,
      "cogs": 195199000,
      "rd": null,
      "sga": 74936000,
      "fcf": 89525000,
      "ocf": 93566000,
      "capex": -4041000,
      "gross_margin": 0.3392872253644601,
      "op_margin": null,
      "fcf_margin": 0.3030256873715885,
      "fcf_margin_change": -0.15015338707509157
    },
    {
      "date": "2020-09-30T00:00:00",
      "quarter_label": "2020-09 (Q3)",
      "revenue": 330007000,
      "gross_profit": 113685000,
      "operating_income": null,
      "net_income": 38275000,
      "opex": 281035000,
      "cogs": 216322000,
      "rd": null,
      "sga": 67418000,
      "fcf": 31814000,
      "ocf": 36360000,
      "capex": -4546000,
      "gross_margin": 0.3444926925792483,
      "op_margin": null,
      "fcf_margin": 0.09640401567239483,
      "op_leverage_ratio": Infinity,
      "fcf_margin_change": -0.2066216716991937
    },
    {
      "date": "2020-12-31T00:00:00",
      "quarter_label": "2020-12 (Q4)",
      "revenue": 337292000,
      "gross_profit": 110029000,
      "operating_income": null,
      "net_income": 98005000,
      "opex": 248854000,
      "cogs": 227263000,
      "rd": null,
      "sga": 71766000,
      "fcf": 21864000,
      "ocf": 29509000,
      "capex": -7645000,
      "gross_margin": 0.3262128956512458,
      "op_margin": null,
      "fcf_margin": 0.06482217188667386,
      "op_leverage_ratio": Infinity,
      "fcf_margin_change": -0.03158184378572097
    },
    {
      "date": "2021-03-31T00:00:00",
      "quarter_label": "2021-03 (Q1)",
      "revenue": 314493000,
      "gross_profit": 105808000,
      "operating_income": null,
      "net_income": 52951000,
      "opex": 272678000,
      "cogs": 208685000,
      "rd": null,
      "sga": 68800000,
      "fcf": 2328000,
      "ocf": 7229000,
      "capex": -4901000,
      "gross_margin": 0.3364399207613524,
      "op_margin": null,
      "fcf_margin": 0.007402390514256279,
      "rev_growth_yoy": -0.09602471974705375,
      "fcf_margin_change": -0.05741978137241758
    },
    {
      "date": "2021-06-30T00:00:00",
      "quarter_label": "2021-06 (Q2)",
      "revenue": 386433000,
      "gross_profit": 135836000,
      "operating_income": null,
      "net_income": 27240000,
      "opex": 326425000,
      "cogs": 250597000,
      "rd": null,
      "sga": 74588000,
      "fcf": -1128000,
      "ocf": 7896000,
      "capex": -9024000,
      "gross_margin": 0.35151242259330856,
      "op_margin": null,
      "fcf_margin": -0.0029190053644486884,
      "rev_growth_yoy": 0.30800475228221247,
      "rev_growth_yoy_accel": 0.4040294720292662,
      "op_leverage_ratio": 1.160527194965474,
      "fcf_margin_change": -0.010321395878704967
    },
    {
      "date": "2021-09-30T00:00:00",
      "quarter_label": "2021-09 (Q3)",
      "revenue": 392113000,
      "gross_profit": 139294000,
      "operating_income": null,
      "net_income": 22300000,
      "opex": 360902000,
      "cogs": 252819000,
      "rd": null,
      "sga": 80405000,
      "fcf": 38263000,
      "ocf": 43894000,
      "capex": -5631000,
      "gross_margin": 0.3552394335306404,
      "op_margin": null,
      "fcf_margin": 0.0975815644979891,
      "rev_growth_yoy": 0.18819600796346744,
      "rev_growth_yoy_accel": -0.11980874431874503,
      "op_leverage_ratio": 0.13916437487752978,
      "fcf_margin_change": 0.10050056986243779
    },
    {
      "date": "2021-12-31T00:00:00",
      "quarter_label": "2021-12 (Q4)",
      "revenue": 431857000,
      "gross_profit": 139865000,
      "operating_income": null,
      "net_income": 28917000,
      "opex": 364026000,
      "cogs": 291992000,
      "rd": null,
      "sga": 80220000,
      "fcf": -14018000,
      "ocf": 18752000,
      "capex": -32770000,
      "gross_margin": 0.32386878063803526,
      "op_margin": null,
      "fcf_margin": -0.03245981887522953,
      "rev_growth_yoy": 0.2803653807383513,
      "rev_growth_yoy_accel": 0.09216937277488388,
      "op_leverage_ratio": 11.709506627138268,
      "fcf_margin_change": -0.13004138337321863
    },
    {
      "date": "2022-03-31T00:00:00",
      "quarter_label": "2022-03 (Q1)",
      "revenue": 405745000,
      "gross_profit": 137575000,
      "operating_income": null,
      "net_income": 4565000,
      "opex": 388952000,
      "cogs": 268170000,
      "rd": null,
      "sga": 86124000,
      "fcf": -21056000,
      "ocf": -13310000,
      "capex": -7746000,
      "gross_margin": 0.3390676410060506,
      "op_margin": null,
      "fcf_margin": -0.05189466290404072,
      "rev_growth_yoy": 0.290155901721183,
      "rev_growth_yoy_accel": 0.009790520982831674,
      "fcf_margin_change": -0.01943484402881119
    },
    {
      "date": "2022-06-30T00:00:00",
      "quarter_label": "2022-06 (Q2)",
      "revenue": 441408000,
      "gross_profit": 152595000,
      "operating_income": null,
      "net_income": 92078000,
      "opex": 312119000,
      "cogs": 288813000,
      "rd": null,
      "sga": 100841000,
      "fcf": -98275000,
      "ocf": -87551000,
      "capex": -10724000,
      "gross_margin": 0.34570057633753803,
      "op_margin": null,
      "fcf_margin": -0.2226398252863564,
      "rev_growth_yoy": 0.1422626949561761,
      "rev_growth_yoy_accel": -0.1478932067650069,
      "op_leverage_ratio": Infinity,
      "fcf_margin_change": -0.17074516238231568
    },
    {
      "date": "2022-09-30T00:00:00",
      "quarter_label": "2022-09 (Q3)",
      "revenue": 425673000,
      "gross_profit": 152016000,
      "operating_income": null,
      "net_income": 36317000,
      "opex": 380650000,
      "cogs": 273657000,
      "rd": null,
      "sga": 93634000,
      "fcf": 30619000,
      "ocf": 42337000,
      "capex": -11718000,
      "gross_margin": 0.35711919713019147,
      "op_margin": null,
      "fcf_margin": 0.07193080134281479,
      "rev_growth_yoy": 0.0855875729700367,
      "rev_growth_yoy_accel": -0.0566751219861394,
      "fcf_margin_change": 0.2945706266291712
    },
    {
      "date": "2022-12-31T00:00:00",
      "quarter_label": "2022-12 (Q4)",
      "revenue": 422615000,
      "gross_profit": 156319000,
      "operating_income": null,
      "net_income": 73012000,
      "opex": 338222000,
      "cogs": 266296000,
      "rd": null,
      "sga": 102778000,
      "fcf": -169059000,
      "ocf": -151706000,
      "capex": -17353000,
      "gross_margin": 0.36988512002650165,
      "op_margin": null,
      "fcf_margin": -0.40003076085799133,
      "rev_growth_yoy": -0.021400602514258193,
      "rev_growth_yoy_accel": -0.1069881754842949,
      "fcf_margin_change": -0.4719615622008061
    },
    {
      "date": "2023-03-31T00:00:00",
      "quarter_label": "2023-03 (Q1)",
      "revenue": 445371000,
      "gross_profit": 184078000,
      "operating_income": null,
      "net_income": 24846000,
      "opex": 401997000,
      "cogs": 261293000,
      "rd": null,
      "sga": 114954000,
      "fcf": -58956000,
      "ocf": -48248000,
      "capex": -10708000,
      "gross_margin": 0.4133138439637965,
      "op_margin": null,
      "fcf_margin": -0.13237503115380211,
      "rev_growth_yoy": 0.0976623248592096,
      "rev_growth_yoy_accel": 0.1190629273734678,
      "op_leverage_ratio": 0.2855633075789024,
      "fcf_margin_change": 0.2676557297041892
    },
    {
      "date": "2023-06-30T00:00:00",
      "quarter_label": "2023-06 (Q2)",
      "revenue": 500925000,
      "gross_profit": 211526000,
      "operating_income": null,
      "net_income": 59150000,
      "opex": 452803000,
      "cogs": 289399000,
      "rd": null,
      "sga": 136364000,
      "fcf": -19106000,
      "ocf": -6263000,
      "capex": -12843000,
      "gross_margin": 0.42227079902180964,
      "op_margin": null,
      "fcf_margin": -0.038141438339072714,
      "rev_growth_yoy": 0.13483443888647237,
      "rev_growth_yoy_accel": 0.03717211402726277,
      "op_leverage_ratio": 0.9869637635632498,
      "fcf_margin_change": 0.0942335928147294
    },
    {
      "date": "2023-09-30T00:00:00",
      "quarter_label": "2023-09 (Q3)",
      "revenue": 492254000,
      "gross_profit": 208969000,
      "operating_income": null,
      "net_income": 25572000,
      "opex": 462208000,
      "cogs": 283285000,
      "rd": null,
      "sga": 124934000,
      "fcf": 53070000,
      "ocf": 66186000,
      "capex": -13116000,
      "gross_margin": 0.4245145798713672,
      "op_margin": null,
      "fcf_margin": 0.1078101955494521,
      "rev_growth_yoy": 0.15641349110702346,
      "rev_growth_yoy_accel": 0.021579052220551093,
      "fcf_margin_change": 0.14595163388852483
    },
    {
      "date": "2023-12-31T00:00:00",
      "quarter_label": "2023-12 (Q4)",
      "revenue": 466907000,
      "gross_profit": 197867000,
      "operating_income": null,
      "net_income": 41261000,
      "opex": 427243000,
      "cogs": 269040000,
      "rd": null,
      "sga": 128708000,
      "fcf": -5237000,
      "ocf": 9547000,
      "capex": -14784000,
      "gross_margin": 0.42378246631556177,
      "op_margin": null,
      "fcf_margin": -0.011216366428432215,
      "rev_growth_yoy": 0.104804609396259,
      "rev_growth_yoy_accel": -0.051608881710764457,
      "fcf_margin_change": -0.11902656197788432
    },
    {
      "date": "2024-03-31T00:00:00",
      "quarter_label": "2024-03 (Q1)",
      "revenue": 476346000,
      "gross_profit": 202190000,
      "operating_income": null,
      "net_income": 34231000,
      "opex": 430677000,
      "cogs": 274156000,
      "rd": null,
      "sga": 135292000,
      "fcf": 187394000,
      "ocf": 197460000,
      "capex": -10066000,
      "gross_margin": 0.4244603712427521,
      "op_margin": null,
      "fcf_margin": 0.39339891591406245,
      "rev_growth_yoy": 0.06954875822628774,
      "rev_growth_yoy_accel": -0.035255851169971264,
      "op_leverage_ratio": 2.515186921642418,
      "fcf_margin_change": 0.40461528234249466
    },
    {
      "date": "2024-06-30T00:00:00",
      "quarter_label": "2024-06 (Q2)",
      "revenue": 533159000,
      "gross_profit": 229963000,
      "operating_income": null,
      "net_income": 116338000,
      "opex": 467204000,
      "cogs": 303196000,
      "rd": null,
      "sga": 139699000,
      "fcf": 60658000,
      "ocf": 68955000,
      "capex": -8297000,
      "gross_margin": 0.43132161325233187,
      "op_margin": null,
      "fcf_margin": 0.11377093887564498,
      "rev_growth_yoy": 0.06434895443429656,
      "rev_growth_yoy_accel": -0.005199803791991184,
      "op_leverage_ratio": 1.406251098167942,
      "fcf_margin_change": -0.27962797703841746
    },
    {
      "date": "2024-09-30T00:00:00",
      "quarter_label": "2024-09 (Q3)",
      "revenue": 520423000,
      "gross_profit": 224846000,
      "operating_income": null,
      "net_income": 36416000,
      "opex": 467326000,
      "cogs": 295577000,
      "rd": null,
      "sga": 137310000,
      "fcf": 64409000,
      "ocf": 101758000,
      "capex": -37349000,
      "gross_margin": 0.432044702098101,
      "op_margin": null,
      "fcf_margin": 0.12376278527274928,
      "rev_growth_yoy": 0.05722452229946329,
      "rev_growth_yoy_accel": -0.0071244321348332695,
      "fcf_margin_change": 0.009991846397104306
    },
    {
      "date": "2024-12-31T00:00:00",
      "quarter_label": "2024-12 (Q4)",
      "revenue": 497920000,
      "gross_profit": 218494000,
      "operating_income": null,
      "net_income": 74577000,
      "opex": 439059000,
      "cogs": 279426000,
      "rd": null,
      "sga": 134824000,
      "fcf": -14142000,
      "ocf": -4891000,
      "capex": -9251000,
      "gross_margin": 0.43881346401028276,
      "op_margin": null,
      "fcf_margin": -0.0284021529562982,
      "rev_growth_yoy": 0.06642222112754788,
      "rev_growth_yoy_accel": 0.009197698828084591,
      "fcf_margin_change": -0.15216493822904748
    }
  ],
  "signals": [
    {
      "quarter": "2024-03 (Q1)",
      "signal": "FCF TURNED POSITIVE",
      "detail": "FCF margin: -1.1% -> +39.3%",
      "severity": "HIGH"
    },
    {
      "quarter": "2024-03 (Q1)",
      "signal": "OPERATING LEVERAGE",
      "detail": "Rev growth +2.0% vs OpEx growth +0.8% (leverage: 2.5x)",
      "severity": "MEDIUM"
    },
    {
      "quarter": "2023-12 (Q4)",
      "signal": "YoY REVENUE GROWTH DECELERATION",
      "detail": "YoY growth: +10.5% vs prior quarter YoY: +15.6% (decel: -5.2%)",
      "severity": "WARNING"
    },
    {
      "quarter": "2023-09 (Q3)",
      "signal": "FCF TURNED POSITIVE",
      "detail": "FCF margin: -3.8% -> +10.8%",
      "severity": "HIGH"
    },
    {
      "quarter": "2023-06 (Q2)",
      "signal": "FCF MARGIN EXPANSION",
      "detail": "FCF margin: -13.2% -> -3.8% (+9.4%)",
      "severity": "MEDIUM"
    },
    {
      "quarter": "2023-03 (Q1)",
      "signal": "FCF MARGIN EXPANSION",
      "detail": "FCF margin: -40.0% -> -13.2% (+26.8%)",
      "severity": "MEDIUM"
    },
    {
      "quarter": "2023-03 (Q1)",
      "signal": "YoY REVENUE GROWTH ACCELERATION",
      "detail": "YoY growth: +9.8% vs prior quarter YoY: -2.1% (accel: +11.9%)",
      "severity": "MEDIUM"
    },
    {
      "quarter": "2022-12 (Q4)",
      "signal": "YoY REVENUE GROWTH DECELERATION",
      "detail": "YoY growth: -2.1% vs prior quarter YoY: +8.6% (decel: -10.7%)",
      "severity": "WARNING"
    },
    {
      "quarter": "2022-09 (Q3)",
      "signal": "FCF TURNED POSITIVE",
      "detail": "FCF margin: -22.3% -> +7.2%",
      "severity": "HIGH"
    },
    {
      "quarter": "2022-09 (Q3)",
      "signal": "YoY REVENUE GROWTH DECELERATION",
      "detail": "YoY growth: +8.6% vs prior quarter YoY: +14.2% (decel: -5.7%)",
      "severity": "WARNING"
    },
    {
      "quarter": "2022-06 (Q2)",
      "signal": "YoY REVENUE GROWTH DECELERATION",
      "detail": "YoY growth: +14.2% vs prior quarter YoY: +29.0% (decel: -14.8%)",
      "severity": "WARNING"
    },
    {
      "quarter": "2021-12 (Q4)",
      "signal": "OPERATING LEVERAGE",
      "detail": "Rev growth +10.1% vs OpEx growth +0.9% (leverage: 11.7x)",
      "severity": "MEDIUM"
    },
    {
      "quarter": "2021-12 (Q4)",
      "signal": "YoY REVENUE GROWTH ACCELERATION",
      "detail": "YoY growth: +28.0% vs prior quarter YoY: +18.8% (accel: +9.2%)",
      "severity": "MEDIUM"
    },
    {
      "quarter": "2021-09 (Q3)",
      "signal": "FCF TURNED POSITIVE",
      "detail": "FCF margin: -0.3% -> +9.8%",
      "severity": "HIGH"
    },
    {
      "quarter": "2021-09 (Q3)",
      "signal": "YoY REVENUE GROWTH DECELERATION",
      "detail": "YoY growth: +18.8% vs prior quarter YoY: +30.8% (decel: -12.0%)",
      "severity": "WARNING"
    },
    {
      "quarter": "2021-06 (Q2)",
      "signal": "YoY REVENUE GROWTH ACCELERATION",
      "detail": "YoY growth: +30.8% vs prior quarter YoY: -9.6% (accel: +40.4%)",
      "severity": "HIGH"
    }
  ],
  "data_quality": {
    "n_quarters": 20,
    "coverage": {
      "revenue": [
        20,
        20
      ],
      "gross_profit": [
        20,
        20
      ],
      "op_income": [
        0,
        20
      ],
      "fcf": [
        20,
        20
      ]
    },
    "gaps": [],
    "warnings": [
      "op_income: no data"
    ]
  },
  "market_cap": null,
  "source": "SEC EDGAR",
  "last_updated": "2026-02-03T00:56:47.394245"
}