{
  "ticker": "SPRO",
  "name": "SPERO THERAPEUTICS, INC.",
  "quarters": [
    {
      "date": "2020-12-31T00:00:00",
      "quarter_label": "2020-12 (Q4)",
      "revenue": 1907000,
      "gross_profit": null,
      "operating_income": -18796000,
      "net_income": -18600000,
      "opex": 20703000,
      "cogs": null,
      "rd": 13205000,
      "sga": null,
      "fcf": -16395000,
      "ocf": -16383000,
      "capex": -12000,
      "gross_margin": null,
      "op_margin": -9.856318825380178,
      "fcf_margin": -8.597273203985317
    },
    {
      "date": "2021-03-31T00:00:00",
      "quarter_label": "2021-03 (Q1)",
      "revenue": 7300000,
      "gross_profit": null,
      "operating_income": -19403000,
      "net_income": -19400000,
      "opex": 26703000,
      "cogs": null,
      "rd": 18404000,
      "sga": null,
      "fcf": -15479000,
      "ocf": -15479000,
      "capex": null,
      "gross_margin": null,
      "op_margin": -2.657945205479452,
      "fcf_margin": -2.1204109589041096,
      "op_leverage_ratio": 9.758021237545883,
      "fcf_margin_change": 6.4768622450812074
    },
    {
      "date": "2021-06-30T00:00:00",
      "quarter_label": "2021-06 (Q2)",
      "revenue": 5148000,
      "gross_profit": null,
      "operating_income": -18542000,
      "net_income": -18600000,
      "opex": 23690000,
      "cogs": null,
      "rd": 14461000,
      "sga": null,
      "fcf": -16567000,
      "ocf": -16567000,
      "capex": null,
      "gross_margin": null,
      "op_margin": -3.6017871017871017,
      "fcf_margin": -3.2181429681429683,
      "fcf_margin_change": -1.0977320092388587
    },
    {
      "date": "2021-09-30T00:00:00",
      "quarter_label": "2021-09 (Q3)",
      "revenue": 3064000,
      "gross_profit": null,
      "operating_income": -22524000,
      "net_income": -22500000,
      "opex": 25588000,
      "cogs": null,
      "rd": 14436000,
      "sga": null,
      "fcf": -4952000,
      "ocf": -4952000,
      "capex": null,
      "gross_margin": null,
      "op_margin": -7.351174934725848,
      "fcf_margin": -1.6161879895561357,
      "fcf_margin_change": 1.6019549785868326
    },
    {
      "date": "2021-12-31T00:00:00",
      "quarter_label": "2021-12 (Q4)",
      "revenue": 2744000,
      "gross_profit": null,
      "operating_income": -27502000,
      "net_income": -29300000,
      "opex": 30246000,
      "cogs": null,
      "rd": 17225000,
      "sga": null,
      "fcf": -27349000,
      "ocf": -27349000,
      "capex": null,
      "gross_margin": null,
      "op_margin": -10.022594752186588,
      "fcf_margin": -9.966836734693878,
      "rev_growth_yoy": 0.4389092815941269,
      "fcf_margin_change": -8.350648745137743
    },
    {
      "date": "2022-03-31T00:00:00",
      "quarter_label": "2022-03 (Q1)",
      "revenue": 2069000,
      "gross_profit": null,
      "operating_income": -30207000,
      "net_income": -32800000,
      "opex": 32276000,
      "cogs": null,
      "rd": 16971000,
      "sga": null,
      "fcf": -28223000,
      "ocf": -28223000,
      "capex": null,
      "gross_margin": null,
      "op_margin": -14.599806669888835,
      "fcf_margin": -13.640889318511357,
      "incr_op_margin_yoy": 2.065379468552858,
      "rev_growth_yoy": -0.7165753424657534,
      "rev_growth_yoy_accel": -1.1554846240598802,
      "fcf_margin_change": -3.6740525838174793
    },
    {
      "date": "2022-06-30T00:00:00",
      "quarter_label": "2022-06 (Q2)",
      "revenue": 1993000,
      "gross_profit": null,
      "operating_income": -26080000,
      "net_income": -28700000,
      "opex": 28073000,
      "cogs": null,
      "rd": 8173000,
      "sga": null,
      "fcf": -23033000,
      "ocf": -23033000,
      "capex": null,
      "gross_margin": null,
      "op_margin": -13.085800301053688,
      "fcf_margin": -11.556949322629203,
      "incr_op_margin_yoy": 2.3892234548335973,
      "rev_growth_yoy": -0.6128593628593628,
      "rev_growth_yoy_accel": 0.10371597960639056,
      "fcf_margin_change": 2.0839399958821545
    },
    {
      "date": "2022-09-30T00:00:00",
      "quarter_label": "2022-09 (Q3)",
      "revenue": 2006000,
      "gross_profit": null,
      "operating_income": -11834000,
      "net_income": -11700000,
      "opex": 13840000,
      "cogs": null,
      "rd": 7360000,
      "sga": null,
      "fcf": -957000,
      "ocf": -957000,
      "capex": null,
      "gross_margin": null,
      "op_margin": -5.899302093718844,
      "fcf_margin": -0.47706879361914256,
      "incr_op_margin_yoy": -10.103969754253308,
      "rev_growth_yoy": -0.3453002610966057,
      "rev_growth_yoy_accel": 0.2675591017627571,
      "fcf_margin_change": 11.07988052901006
    },
    {
      "date": "2022-12-31T00:00:00",
      "quarter_label": "2022-12 (Q4)",
      "revenue": 47441000,
      "gross_profit": null,
      "operating_income": 25924000,
      "net_income": null,
      "opex": 21517000,
      "cogs": null,
      "rd": 15089000,
      "sga": null,
      "fcf": 44482000,
      "ocf": 44482000,
      "capex": null,
      "gross_margin": null,
      "op_margin": 0.5464471659535002,
      "fcf_margin": 0.9376277903079615,
      "incr_op_margin_yoy": 1.1952927489540686,
      "rev_growth_yoy": 16.28899416909621,
      "rev_growth_yoy_accel": 16.634294430192817,
      "op_leverage_ratio": 40.832329116597066,
      "fcf_margin_change": 1.4146965839271042
    },
    {
      "date": "2023-03-31T00:00:00",
      "quarter_label": "2023-03 (Q1)",
      "revenue": 2069000,
      "gross_profit": null,
      "operating_income": -14227000,
      "net_income": -13300000,
      "opex": 16296000,
      "cogs": null,
      "rd": 8979000,
      "sga": null,
      "fcf": -12853000,
      "ocf": -12853000,
      "capex": null,
      "gross_margin": null,
      "op_margin": -6.8762687288545195,
      "fcf_margin": -6.212179797003383,
      "rev_growth_yoy": 0.0,
      "rev_growth_yoy_accel": -16.28899416909621,
      "fcf_margin_change": -7.1498075873113445
    },
    {
      "date": "2023-06-30T00:00:00",
      "quarter_label": "2023-06 (Q2)",
      "revenue": 2716000,
      "gross_profit": null,
      "operating_income": -12890000,
      "net_income": -11900000,
      "opex": 15606000,
      "cogs": null,
      "rd": 9510000,
      "sga": null,
      "fcf": -18564000,
      "ocf": -18564000,
      "capex": null,
      "gross_margin": null,
      "op_margin": -4.7459499263622975,
      "fcf_margin": -6.835051546391752,
      "rev_growth_yoy": 0.36276969392875064,
      "rev_growth_yoy_accel": 0.36276969392875064,
      "op_leverage_ratio": Infinity,
      "fcf_margin_change": -0.6228717493883691
    },
    {
      "date": "2023-09-30T00:00:00",
      "quarter_label": "2023-09 (Q3)",
      "revenue": 25473000,
      "gross_profit": null,
      "operating_income": -1934000,
      "net_income": -3200000,
      "opex": 27407000,
      "cogs": null,
      "rd": 16393000,
      "sga": null,
      "fcf": 15915000,
      "ocf": 15915000,
      "capex": null,
      "gross_margin": null,
      "op_margin": -0.07592352687158953,
      "fcf_margin": 0.6247791779531269,
      "incr_op_margin_yoy": 0.4218690075425065,
      "rev_growth_yoy": 11.69840478564307,
      "rev_growth_yoy_accel": 11.33563509171432,
      "op_leverage_ratio": 11.080466271860587,
      "fcf_margin_change": 7.459830724344879
    },
    {
      "date": "2023-12-31T00:00:00",
      "quarter_label": "2023-12 (Q4)",
      "revenue": 73522000,
      "gross_profit": null,
      "operating_income": 50532000,
      "net_income": 51206000,
      "opex": 22990000,
      "cogs": null,
      "rd": 16557000,
      "sga": null,
      "fcf": -17493000,
      "ocf": -17493000,
      "capex": null,
      "gross_margin": null,
      "op_margin": 0.6873044802916134,
      "fcf_margin": -0.23792878322134872,
      "incr_op_margin_yoy": 0.9435221042137955,
      "rev_growth_yoy": 0.5497565397019456,
      "rev_growth_yoy_accel": -11.148648245941125,
      "op_leverage_ratio": Infinity,
      "fcf_margin_change": -0.8627079611744756
    },
    {
      "date": "2024-03-31T00:00:00",
      "quarter_label": "2024-03 (Q1)",
      "revenue": 9267000,
      "gross_profit": null,
      "operating_income": -13982000,
      "net_income": -12700000,
      "opex": 23249000,
      "cogs": null,
      "rd": 17332000,
      "sga": null,
      "fcf": 5938000,
      "ocf": 5938000,
      "capex": null,
      "gross_margin": null,
      "op_margin": -1.5087946476745442,
      "fcf_margin": 0.6407683176864142,
      "incr_op_margin_yoy": 0.034037232564601276,
      "rev_growth_yoy": 3.4789753504108263,
      "rev_growth_yoy_accel": 2.9292188107088806,
      "fcf_margin_change": 0.8786971009077629
    },
    {
      "date": "2024-06-30T00:00:00",
      "quarter_label": "2024-06 (Q2)",
      "revenue": 10197000,
      "gross_profit": null,
      "operating_income": -19061000,
      "net_income": -17900000,
      "opex": 29258000,
      "cogs": null,
      "rd": 23725000,
      "sga": null,
      "fcf": -18744000,
      "ocf": -18744000,
      "capex": null,
      "gross_margin": null,
      "op_margin": -1.8692752770422674,
      "fcf_margin": -1.838187702265372,
      "incr_op_margin_yoy": -0.8248897206255849,
      "rev_growth_yoy": 2.754418262150221,
      "rev_growth_yoy_accel": -0.7245570882606054,
      "op_leverage_ratio": 0.38828074926565587,
      "fcf_margin_change": -2.478956019951786
    },
    {
      "date": "2024-09-30T00:00:00",
      "quarter_label": "2024-09 (Q3)",
      "revenue": 13469000,
      "gross_profit": null,
      "operating_income": -18593000,
      "net_income": -17147000,
      "opex": 32062000,
      "cogs": null,
      "rd": 26864000,
      "sga": null,
      "fcf": 12763000,
      "ocf": 12763000,
      "capex": null,
      "gross_margin": null,
      "op_margin": -1.3804291335659662,
      "fcf_margin": 0.9475833395203801,
      "incr_op_margin_yoy": 1.3877874041986005,
      "rev_growth_yoy": -0.4712440623405174,
      "rev_growth_yoy_accel": -3.225662324490738,
      "op_leverage_ratio": 3.3481700094444715,
      "fcf_margin_change": 2.785771041785752
    },
    {
      "date": "2024-12-31T00:00:00",
      "quarter_label": "2024-12 (Q4)",
      "revenue": 15044000,
      "gross_profit": null,
      "operating_income": -21725000,
      "net_income": -20888000,
      "opex": 36769000,
      "cogs": null,
      "rd": 28836000,
      "sga": null,
      "fcf": -23401000,
      "ocf": -23401000,
      "capex": null,
      "gross_margin": null,
      "op_margin": -1.4440973145440044,
      "fcf_margin": -1.5555038553576177,
      "incr_op_margin_yoy": 1.2356270734293238,
      "rev_growth_yoy": -0.7953809744022198,
      "rev_growth_yoy_accel": -0.32413691206170236,
      "op_leverage_ratio": 0.7965107043480767,
      "fcf_margin_change": -2.503087194877998
    },
    {
      "date": "2025-03-31T00:00:00",
      "quarter_label": "2025-03 (Q1)",
      "revenue": 5874000,
      "gross_profit": null,
      "operating_income": -14731000,
      "net_income": -13866000,
      "opex": 20605000,
      "cogs": null,
      "rd": 13606000,
      "sga": null,
      "fcf": -4002000,
      "ocf": -4002000,
      "capex": null,
      "gross_margin": null,
      "op_margin": -2.5078311201906707,
      "fcf_margin": -0.6813074565883555,
      "incr_op_margin_yoy": 0.2207486000589449,
      "rev_growth_yoy": -0.36613790870831986,
      "rev_growth_yoy_accel": 0.4292430656938999,
      "fcf_margin_change": 0.8741963987692623
    },
    {
      "date": "2025-06-30T00:00:00",
      "quarter_label": "2025-06 (Q2)",
      "revenue": 14189000,
      "gross_profit": null,
      "operating_income": -2444000,
      "net_income": -1700000,
      "opex": 16633000,
      "cogs": null,
      "rd": 10672000,
      "sga": null,
      "fcf": -17693000,
      "ocf": -17693000,
      "capex": null,
      "gross_margin": null,
      "op_margin": -0.17224610613855804,
      "fcf_margin": -1.246951864120093,
      "incr_op_margin_yoy": 4.162575150300601,
      "rev_growth_yoy": 0.39148769245856624,
      "rev_growth_yoy_accel": 0.757625601166886,
      "op_leverage_ratio": Infinity,
      "fcf_margin_change": -0.5656444075317375
    },
    {
      "date": "2025-09-30T00:00:00",
      "quarter_label": "2025-09 (Q3)",
      "revenue": 5442000,
      "gross_profit": null,
      "operating_income": -7916000,
      "net_income": -7382000,
      "opex": 13358000,
      "cogs": null,
      "rd": 8597000,
      "sga": null,
      "fcf": 17422000,
      "ocf": 17422000,
      "capex": null,
      "gross_margin": null,
      "op_margin": -1.4546122748989343,
      "fcf_margin": 3.201396545387725,
      "incr_op_margin_yoy": -1.3301357917030023,
      "rev_growth_yoy": -0.595961095849729,
      "rev_growth_yoy_accel": -0.9874487883082952,
      "fcf_margin_change": 4.448348409507818
    }
  ],
  "signals": [
    {
      "quarter": "2025-09 (Q3)",
      "signal": "FCF TURNED POSITIVE",
      "detail": "FCF margin: -124.7% -> +320.1%",
      "severity": "HIGH"
    },
    {
      "quarter": "2025-09 (Q3)",
      "signal": "YoY REVENUE GROWTH DECELERATION",
      "detail": "YoY growth: -59.6% vs prior quarter YoY: +39.1% (decel: -98.7%)",
      "severity": "WARNING"
    },
    {
      "quarter": "2025-06 (Q2)",
      "signal": "YoY REVENUE GROWTH ACCELERATION",
      "detail": "YoY growth: +39.1% vs prior quarter YoY: -36.6% (accel: +75.8%)",
      "severity": "HIGH"
    },
    {
      "quarter": "2025-03 (Q1)",
      "signal": "FCF MARGIN EXPANSION",
      "detail": "FCF margin: -155.6% -> -68.1% (+87.4%)",
      "severity": "MEDIUM"
    },
    {
      "quarter": "2025-03 (Q1)",
      "signal": "YoY REVENUE GROWTH ACCELERATION",
      "detail": "YoY growth: -36.6% vs prior quarter YoY: -79.5% (accel: +42.9%)",
      "severity": "HIGH"
    },
    {
      "quarter": "2024-12 (Q4)",
      "signal": "YoY REVENUE GROWTH DECELERATION",
      "detail": "YoY growth: -79.5% vs prior quarter YoY: -47.1% (decel: -32.4%)",
      "severity": "WARNING"
    },
    {
      "quarter": "2024-09 (Q3)",
      "signal": "FCF TURNED POSITIVE",
      "detail": "FCF margin: -183.8% -> +94.8%",
      "severity": "HIGH"
    },
    {
      "quarter": "2024-09 (Q3)",
      "signal": "OPERATING LEVERAGE",
      "detail": "Rev growth +32.1% vs OpEx growth +9.6% (leverage: 3.3x)",
      "severity": "MEDIUM"
    },
    {
      "quarter": "2024-09 (Q3)",
      "signal": "YoY REVENUE GROWTH DECELERATION",
      "detail": "YoY growth: -47.1% vs prior quarter YoY: +275.4% (decel: -322.6%)",
      "severity": "WARNING"
    },
    {
      "quarter": "2024-06 (Q2)",
      "signal": "YoY REVENUE GROWTH DECELERATION",
      "detail": "YoY growth: +275.4% vs prior quarter YoY: +347.9% (decel: -72.5%)",
      "severity": "WARNING"
    },
    {
      "quarter": "2024-03 (Q1)",
      "signal": "FCF TURNED POSITIVE",
      "detail": "FCF margin: -23.8% -> +64.1%",
      "severity": "HIGH"
    },
    {
      "quarter": "2024-03 (Q1)",
      "signal": "YoY REVENUE GROWTH ACCELERATION",
      "detail": "YoY growth: +347.9% vs prior quarter YoY: +55.0% (accel: +292.9%)",
      "severity": "HIGH"
    },
    {
      "quarter": "2023-12 (Q4)",
      "signal": "YoY REVENUE GROWTH DECELERATION",
      "detail": "YoY growth: +55.0% vs prior quarter YoY: +1169.8% (decel: -1114.9%)",
      "severity": "WARNING"
    },
    {
      "quarter": "2023-12 (Q4)",
      "signal": "INCREMENTAL MARGIN (YoY)",
      "detail": "YoY Incr OPM: +94.4% vs year-ago OPM: +54.6%",
      "severity": "HIGH"
    },
    {
      "quarter": "2023-12 (Q4)",
      "signal": "OP MARGIN TURNED POSITIVE (QoQ)",
      "detail": "Op margin: -7.6% -> +68.7%",
      "severity": "HIGH"
    },
    {
      "quarter": "2023-09 (Q3)",
      "signal": "FCF TURNED POSITIVE",
      "detail": "FCF margin: -683.5% -> +62.5%",
      "severity": "HIGH"
    },
    {
      "quarter": "2023-09 (Q3)",
      "signal": "OPERATING LEVERAGE",
      "detail": "Rev growth +837.9% vs OpEx growth +75.6% (leverage: 11.1x)",
      "severity": "MEDIUM"
    },
    {
      "quarter": "2023-09 (Q3)",
      "signal": "YoY REVENUE GROWTH ACCELERATION",
      "detail": "YoY growth: +1169.8% vs prior quarter YoY: +36.3% (accel: +1133.6%)",
      "severity": "HIGH"
    },
    {
      "quarter": "2023-06 (Q2)",
      "signal": "YoY REVENUE GROWTH ACCELERATION",
      "detail": "YoY growth: +36.3% vs prior quarter YoY: +0.0% (accel: +36.3%)",
      "severity": "HIGH"
    },
    {
      "quarter": "2023-03 (Q1)",
      "signal": "YoY REVENUE GROWTH DECELERATION",
      "detail": "YoY growth: +0.0% vs prior quarter YoY: +1628.9% (decel: -1628.9%)",
      "severity": "WARNING"
    },
    {
      "quarter": "2022-12 (Q4)",
      "signal": "FCF TURNED POSITIVE",
      "detail": "FCF margin: -47.7% -> +93.8%",
      "severity": "HIGH"
    },
    {
      "quarter": "2022-12 (Q4)",
      "signal": "OPERATING LEVERAGE",
      "detail": "Rev growth +2265.0% vs OpEx growth +55.5% (leverage: 40.8x)",
      "severity": "MEDIUM"
    },
    {
      "quarter": "2022-12 (Q4)",
      "signal": "YoY REVENUE GROWTH ACCELERATION",
      "detail": "YoY growth: +1628.9% vs prior quarter YoY: -34.5% (accel: +1663.4%)",
      "severity": "HIGH"
    },
    {
      "quarter": "2022-12 (Q4)",
      "signal": "OP MARGIN TURNED POSITIVE (YoY)",
      "detail": "Op margin: -1002.3% (year-ago) -> +54.6%",
      "severity": "HIGH"
    },
    {
      "quarter": "2022-12 (Q4)",
      "signal": "OP MARGIN TURNED POSITIVE (QoQ)",
      "detail": "Op margin: -589.9% -> +54.6%",
      "severity": "HIGH"
    },
    {
      "quarter": "2022-09 (Q3)",
      "signal": "FCF MARGIN EXPANSION",
      "detail": "FCF margin: -1155.7% -> -47.7% (+1108.0%)",
      "severity": "MEDIUM"
    },
    {
      "quarter": "2022-09 (Q3)",
      "signal": "YoY REVENUE GROWTH ACCELERATION",
      "detail": "YoY growth: -34.5% vs prior quarter YoY: -61.3% (accel: +26.8%)",
      "severity": "HIGH"
    },
    {
      "quarter": "2022-06 (Q2)",
      "signal": "FCF MARGIN EXPANSION",
      "detail": "FCF margin: -1364.1% -> -1155.7% (+208.4%)",
      "severity": "MEDIUM"
    },
    {
      "quarter": "2022-06 (Q2)",
      "signal": "YoY REVENUE GROWTH ACCELERATION",
      "detail": "YoY growth: -61.3% vs prior quarter YoY: -71.7% (accel: +10.4%)",
      "severity": "MEDIUM"
    },
    {
      "quarter": "2022-03 (Q1)",
      "signal": "YoY REVENUE GROWTH DECELERATION",
      "detail": "YoY growth: -71.7% vs prior quarter YoY: +43.9% (decel: -115.5%)",
      "severity": "WARNING"
    },
    {
      "quarter": "2021-09 (Q3)",
      "signal": "FCF MARGIN EXPANSION",
      "detail": "FCF margin: -321.8% -> -161.6% (+160.2%)",
      "severity": "MEDIUM"
    },
    {
      "quarter": "2021-03 (Q1)",
      "signal": "FCF MARGIN EXPANSION",
      "detail": "FCF margin: -859.7% -> -212.0% (+647.7%)",
      "severity": "MEDIUM"
    },
    {
      "quarter": "2021-03 (Q1)",
      "signal": "OPERATING LEVERAGE",
      "detail": "Rev growth +282.8% vs OpEx growth +29.0% (leverage: 9.8x)",
      "severity": "MEDIUM"
    }
  ],
  "data_quality": {
    "n_quarters": 20,
    "coverage": {
      "revenue": [
        20,
        20
      ],
      "gross_profit": [
        0,
        20
      ],
      "op_income": [
        20,
        20
      ],
      "fcf": [
        20,
        20
      ]
    },
    "gaps": [],
    "warnings": [
      "gross_profit: no data"
    ]
  },
  "market_cap": null,
  "source": "SEC EDGAR",
  "last_updated": "2026-02-02T23:13:21.068008"
}