{
  "ticker": "SR",
  "name": "Spire Inc.",
  "quarters": [
    {
      "date": "2020-12-31T00:00:00",
      "quarter_label": "2020-12 (Q4)",
      "revenue": 512600000,
      "gross_profit": null,
      "operating_income": 132900000,
      "net_income": 88900000,
      "opex": 379700000,
      "cogs": null,
      "rd": null,
      "sga": null,
      "fcf": -156000000,
      "ocf": 7600000,
      "capex": -163600000,
      "gross_margin": null,
      "op_margin": 0.259266484588373,
      "fcf_margin": -0.30433086227077644
    },
    {
      "date": "2021-03-31T00:00:00",
      "quarter_label": "2021-03 (Q1)",
      "revenue": 1104900000,
      "gross_profit": null,
      "operating_income": 257400000,
      "net_income": 187400000,
      "opex": 847500000,
      "cogs": null,
      "rd": null,
      "sga": null,
      "fcf": 11700000,
      "ocf": 151600000,
      "capex": -139900000,
      "gross_margin": null,
      "op_margin": 0.23296225902796633,
      "fcf_margin": 0.010589193592180288,
      "op_leverage_ratio": 0.9378718708386206,
      "fcf_margin_change": 0.31492005586295674
    },
    {
      "date": "2021-06-30T00:00:00",
      "quarter_label": "2021-06 (Q2)",
      "revenue": 327800000,
      "gross_profit": null,
      "operating_income": 33200000,
      "net_income": 5300000,
      "opex": 294600000,
      "cogs": null,
      "rd": null,
      "sga": null,
      "fcf": -98200000,
      "ocf": 61500000,
      "capex": -159700000,
      "gross_margin": null,
      "op_margin": 0.10128126906650396,
      "fcf_margin": -0.29957291031116534,
      "fcf_margin_change": -0.31016210390334564
    },
    {
      "date": "2021-09-30T00:00:00",
      "quarter_label": "2021-09 (Q3)",
      "revenue": 290200000,
      "gross_profit": null,
      "operating_income": 95300000,
      "net_income": 55700000,
      "opex": 460100000,
      "cogs": null,
      "rd": null,
      "sga": null,
      "fcf": -132500000,
      "ocf": 29100000,
      "capex": -161600000,
      "gross_margin": null,
      "op_margin": 0.328394210889042,
      "fcf_margin": -0.4565816678152998,
      "fcf_margin_change": -0.15700875750413446
    },
    {
      "date": "2021-12-31T00:00:00",
      "quarter_label": "2021-12 (Q4)",
      "revenue": 555400000,
      "gross_profit": null,
      "operating_income": 95300000,
      "net_income": 55700000,
      "opex": 460100000,
      "cogs": null,
      "rd": null,
      "sga": null,
      "fcf": -375600000,
      "ocf": -229900000,
      "capex": -145700000,
      "gross_margin": null,
      "op_margin": 0.1715880446525027,
      "fcf_margin": -0.6762693554195175,
      "incr_op_margin_yoy": -0.8785046728971962,
      "rev_growth_yoy": 0.08349590323839251,
      "op_leverage_ratio": Infinity,
      "fcf_margin_change": -0.2196876876042177
    },
    {
      "date": "2022-03-31T00:00:00",
      "quarter_label": "2022-03 (Q1)",
      "revenue": 880900000,
      "gross_profit": null,
      "operating_income": 245200000,
      "net_income": 173600000,
      "opex": 635700000,
      "cogs": null,
      "rd": null,
      "sga": null,
      "fcf": 254800000,
      "ocf": 385000000,
      "capex": -130200000,
      "gross_margin": null,
      "op_margin": 0.278351685775911,
      "fcf_margin": 0.28924963105914403,
      "incr_op_margin_yoy": 0.054464285714285715,
      "rev_growth_yoy": -0.20273327902977645,
      "rev_growth_yoy_accel": -0.28622918226816896,
      "op_leverage_ratio": 1.5355813864784191,
      "fcf_margin_change": 0.9655189864786615
    },
    {
      "date": "2022-06-30T00:00:00",
      "quarter_label": "2022-06 (Q2)",
      "revenue": 448000000,
      "gross_profit": null,
      "operating_income": 37900000,
      "net_income": -1400000,
      "opex": 410100000,
      "cogs": null,
      "rd": null,
      "sga": null,
      "fcf": -77100000,
      "ocf": 49500000,
      "capex": -126600000,
      "gross_margin": null,
      "op_margin": 0.08459821428571429,
      "fcf_margin": -0.17209821428571428,
      "incr_op_margin_yoy": 0.039101497504159734,
      "rev_growth_yoy": 0.3666870042708969,
      "rev_growth_yoy_accel": 0.5694202833006734,
      "fcf_margin_change": -0.4613478453448583
    },
    {
      "date": "2022-09-30T00:00:00",
      "quarter_label": "2022-09 (Q3)",
      "revenue": 314200000,
      "gross_profit": null,
      "operating_income": 150200000,
      "net_income": 91000000,
      "opex": 663800000,
      "cogs": null,
      "rd": null,
      "sga": null,
      "fcf": -299300000,
      "ocf": -149600000,
      "capex": -149700000,
      "gross_margin": null,
      "op_margin": 0.47803946530872055,
      "fcf_margin": -0.952577975811585,
      "incr_op_margin_yoy": 2.2875,
      "rev_growth_yoy": 0.08270158511371468,
      "rev_growth_yoy_accel": -0.28398541915718223,
      "fcf_margin_change": -0.7804797615258707
    },
    {
      "date": "2022-12-31T00:00:00",
      "quarter_label": "2022-12 (Q4)",
      "revenue": 814000000,
      "gross_profit": null,
      "operating_income": 150200000,
      "net_income": 91000000,
      "opex": 663800000,
      "cogs": null,
      "rd": null,
      "sga": null,
      "fcf": -325600000,
      "ocf": -170800000,
      "capex": -154800000,
      "gross_margin": null,
      "op_margin": 0.18452088452088453,
      "fcf_margin": -0.4,
      "incr_op_margin_yoy": 0.2122969837587007,
      "rev_growth_yoy": 0.4656103709038531,
      "rev_growth_yoy_accel": 0.38290878579013843,
      "op_leverage_ratio": Infinity,
      "fcf_margin_change": 0.552577975811585
    },
    {
      "date": "2023-03-31T00:00:00",
      "quarter_label": "2023-03 (Q1)",
      "revenue": 1123400000,
      "gross_profit": null,
      "operating_income": 260300000,
      "net_income": 179200000,
      "opex": 863100000,
      "cogs": null,
      "rd": null,
      "sga": null,
      "fcf": 197700000,
      "ocf": 350700000,
      "capex": -153000000,
      "gross_margin": null,
      "op_margin": 0.23170731707317074,
      "fcf_margin": 0.17598362115008012,
      "incr_op_margin_yoy": 0.0622680412371134,
      "rev_growth_yoy": 0.2752866386650017,
      "rev_growth_yoy_accel": -0.1903237322388514,
      "op_leverage_ratio": 1.2659771115365697,
      "fcf_margin_change": 0.5759836211500802
    },
    {
      "date": "2023-06-30T00:00:00",
      "quarter_label": "2023-06 (Q2)",
      "revenue": 418500000,
      "gross_profit": null,
      "operating_income": 12000000,
      "net_income": -21600000,
      "opex": 406500000,
      "cogs": null,
      "rd": null,
      "sga": null,
      "fcf": 48700000,
      "ocf": 224200000,
      "capex": -175500000,
      "gross_margin": null,
      "op_margin": 0.02867383512544803,
      "fcf_margin": 0.11636798088410992,
      "incr_op_margin_yoy": 0.8779661016949153,
      "rev_growth_yoy": -0.06584821428571429,
      "rev_growth_yoy_accel": -0.341134852950716,
      "fcf_margin_change": -0.0596156402659702
    },
    {
      "date": "2023-09-30T00:00:00",
      "quarter_label": "2023-09 (Q3)",
      "revenue": 310400000,
      "gross_profit": null,
      "operating_income": -3900000,
      "net_income": -31100000,
      "opex": 314300000,
      "cogs": null,
      "rd": null,
      "sga": null,
      "fcf": -143100000,
      "ocf": 36100000,
      "capex": -179200000,
      "gross_margin": null,
      "op_margin": -0.012564432989690722,
      "fcf_margin": -0.46101804123711343,
      "incr_op_margin_yoy": 40.55263157894737,
      "rev_growth_yoy": -0.0120942075111394,
      "rev_growth_yoy_accel": 0.05375400677457488,
      "fcf_margin_change": -0.5773860221212234
    },
    {
      "date": "2023-12-31T00:00:00",
      "quarter_label": "2023-12 (Q4)",
      "revenue": 756600000,
      "gross_profit": null,
      "operating_income": 139200000,
      "net_income": 85100000,
      "opex": 617400000,
      "cogs": null,
      "rd": null,
      "sga": null,
      "fcf": -156500000,
      "ocf": 70000000,
      "capex": -226500000,
      "gross_margin": null,
      "op_margin": 0.18398096748612214,
      "fcf_margin": -0.20684641818662436,
      "incr_op_margin_yoy": 0.1916376306620209,
      "rev_growth_yoy": -0.07051597051597051,
      "rev_growth_yoy_accel": -0.05842176300483111,
      "op_leverage_ratio": 1.4906177829099307,
      "fcf_margin_change": 0.25417162305048907
    },
    {
      "date": "2024-03-31T00:00:00",
      "quarter_label": "2024-03 (Q1)",
      "revenue": 1128500000,
      "gross_profit": null,
      "operating_income": 298600000,
      "net_income": 204300000,
      "opex": 829900000,
      "cogs": null,
      "rd": null,
      "sga": null,
      "fcf": 306600000,
      "ocf": 489400000,
      "capex": -182800000,
      "gross_margin": null,
      "op_margin": 0.264599025254763,
      "fcf_margin": 0.2716880815241471,
      "incr_op_margin_yoy": 7.509803921568627,
      "rev_growth_yoy": 0.00453978992344668,
      "rev_growth_yoy_accel": 0.0750557604394172,
      "op_leverage_ratio": 1.4281293091384055,
      "fcf_margin_change": 0.47853449971077144
    },
    {
      "date": "2024-06-30T00:00:00",
      "quarter_label": "2024-06 (Q2)",
      "revenue": 414100000,
      "gross_profit": null,
      "operating_income": 30700000,
      "net_income": -12600000,
      "opex": 383400000,
      "cogs": null,
      "rd": null,
      "sga": null,
      "fcf": 47900000,
      "ocf": 270100000,
      "capex": -222200000,
      "gross_margin": null,
      "op_margin": 0.07413668196087901,
      "fcf_margin": 0.11567254286404251,
      "incr_op_margin_yoy": -4.25,
      "rev_growth_yoy": -0.010513739545997611,
      "rev_growth_yoy_accel": -0.015053529469444292,
      "fcf_margin_change": -0.1560155386601046
    },
    {
      "date": "2024-09-30T00:00:00",
      "quarter_label": "2024-09 (Q3)",
      "revenue": 293800000,
      "gross_profit": null,
      "operating_income": 19800000,
      "net_income": -25900000,
      "opex": 274000000,
      "cogs": null,
      "rd": null,
      "sga": null,
      "fcf": -146900000,
      "ocf": 82900000,
      "capex": -229800000,
      "gross_margin": null,
      "op_margin": 0.0673927842069435,
      "fcf_margin": -0.5,
      "incr_op_margin_yoy": -1.427710843373494,
      "rev_growth_yoy": -0.053479381443298966,
      "rev_growth_yoy_accel": -0.04296564189730136,
      "fcf_margin_change": -0.6156725428640425
    },
    {
      "date": "2024-12-31T00:00:00",
      "quarter_label": "2024-12 (Q4)",
      "revenue": 669100000,
      "gross_profit": null,
      "operating_income": 148800000,
      "net_income": 81300000,
      "opex": 520300000,
      "cogs": null,
      "rd": null,
      "sga": null,
      "fcf": -179500000,
      "ocf": 81100000,
      "capex": -260600000,
      "gross_margin": null,
      "op_margin": 0.22238828276789718,
      "fcf_margin": -0.26827081153788673,
      "incr_op_margin_yoy": -0.10971428571428571,
      "rev_growth_yoy": -0.11564895585514143,
      "rev_growth_yoy_accel": -0.06216957441184246,
      "op_leverage_ratio": 1.4210616649903942,
      "fcf_margin_change": 0.23172918846211327
    },
    {
      "date": "2025-03-31T00:00:00",
      "quarter_label": "2025-03 (Q1)",
      "revenue": 1051300000,
      "gross_profit": null,
      "operating_income": 306400000,
      "net_income": 209300000,
      "opex": 744900000,
      "cogs": null,
      "rd": null,
      "sga": null,
      "fcf": 154100000,
      "ocf": 372700000,
      "capex": -218600000,
      "gross_margin": null,
      "op_margin": 0.29144868258346807,
      "fcf_margin": 0.14658042423665937,
      "incr_op_margin_yoy": -0.10103626943005181,
      "rev_growth_yoy": -0.06840939299955694,
      "rev_growth_yoy_accel": 0.04723956285558449,
      "op_leverage_ratio": 1.3232555579969263,
      "fcf_margin_change": 0.4148512357745461
    },
    {
      "date": "2025-06-30T00:00:00",
      "quarter_label": "2025-06 (Q2)",
      "revenue": 421900000,
      "gross_profit": null,
      "operating_income": 69200000,
      "net_income": 20900000,
      "opex": 352700000,
      "cogs": null,
      "rd": null,
      "sga": null,
      "fcf": -91400000,
      "ocf": 129100000,
      "capex": -220500000,
      "gross_margin": null,
      "op_margin": 0.16401990993126334,
      "fcf_margin": -0.21663901398435648,
      "incr_op_margin_yoy": 4.935897435897436,
      "rev_growth_yoy": 0.01883602994445786,
      "rev_growth_yoy_accel": 0.0872454229440148,
      "fcf_margin_change": -0.3632194382210159
    },
    {
      "date": "2025-09-30T00:00:00",
      "quarter_label": "2025-09 (Q3)",
      "revenue": 334100000,
      "gross_profit": null,
      "operating_income": -500000,
      "net_income": -39800000,
      "opex": 334600000,
      "cogs": null,
      "rd": null,
      "sga": null,
      "fcf": -227600000,
      "ocf": -4900000,
      "capex": -222700000,
      "gross_margin": null,
      "op_margin": -0.00149655791679138,
      "fcf_margin": -0.6812331637234361,
      "incr_op_margin_yoy": -0.5037220843672456,
      "rev_growth_yoy": 0.13716814159292035,
      "rev_growth_yoy_accel": 0.11833211164846248,
      "fcf_margin_change": -0.46459414973907964
    }
  ],
  "signals": [
    {
      "quarter": "2025-09 (Q3)",
      "signal": "YoY REVENUE GROWTH ACCELERATION",
      "detail": "YoY growth: +13.7% vs prior quarter YoY: +1.9% (accel: +11.8%)",
      "severity": "MEDIUM"
    },
    {
      "quarter": "2025-06 (Q2)",
      "signal": "YoY REVENUE GROWTH ACCELERATION",
      "detail": "YoY growth: +1.9% vs prior quarter YoY: -6.8% (accel: +8.7%)",
      "severity": "MEDIUM"
    },
    {
      "quarter": "2025-06 (Q2)",
      "signal": "INCREMENTAL MARGIN (YoY)",
      "detail": "YoY Incr OPM: +493.6% vs year-ago OPM: +7.4%",
      "severity": "HIGH"
    },
    {
      "quarter": "2025-03 (Q1)",
      "signal": "FCF TURNED POSITIVE",
      "detail": "FCF margin: -26.8% -> +14.7%",
      "severity": "HIGH"
    },
    {
      "quarter": "2024-12 (Q4)",
      "signal": "FCF MARGIN EXPANSION",
      "detail": "FCF margin: -50.0% -> -26.8% (+23.2%)",
      "severity": "MEDIUM"
    },
    {
      "quarter": "2024-12 (Q4)",
      "signal": "YoY REVENUE GROWTH DECELERATION",
      "detail": "YoY growth: -11.6% vs prior quarter YoY: -5.3% (decel: -6.2%)",
      "severity": "WARNING"
    },
    {
      "quarter": "2024-09 (Q3)",
      "signal": "OP MARGIN TURNED POSITIVE (YoY)",
      "detail": "Op margin: -1.3% (year-ago) -> +6.7%",
      "severity": "HIGH"
    },
    {
      "quarter": "2024-03 (Q1)",
      "signal": "FCF TURNED POSITIVE",
      "detail": "FCF margin: -20.7% -> +27.2%",
      "severity": "HIGH"
    },
    {
      "quarter": "2024-03 (Q1)",
      "signal": "YoY REVENUE GROWTH ACCELERATION",
      "detail": "YoY growth: +0.5% vs prior quarter YoY: -7.1% (accel: +7.5%)",
      "severity": "MEDIUM"
    },
    {
      "quarter": "2024-03 (Q1)",
      "signal": "INCREMENTAL MARGIN (YoY)",
      "detail": "YoY Incr OPM: +751.0% vs year-ago OPM: +23.2%",
      "severity": "HIGH"
    },
    {
      "quarter": "2023-12 (Q4)",
      "signal": "FCF MARGIN EXPANSION",
      "detail": "FCF margin: -46.1% -> -20.7% (+25.4%)",
      "severity": "MEDIUM"
    },
    {
      "quarter": "2023-12 (Q4)",
      "signal": "YoY REVENUE GROWTH DECELERATION",
      "detail": "YoY growth: -7.1% vs prior quarter YoY: -1.2% (decel: -5.8%)",
      "severity": "WARNING"
    },
    {
      "quarter": "2023-12 (Q4)",
      "signal": "OP MARGIN TURNED POSITIVE (QoQ)",
      "detail": "Op margin: -1.3% -> +18.4%",
      "severity": "HIGH"
    },
    {
      "quarter": "2023-09 (Q3)",
      "signal": "YoY REVENUE GROWTH ACCELERATION",
      "detail": "YoY growth: -1.2% vs prior quarter YoY: -6.6% (accel: +5.4%)",
      "severity": "MEDIUM"
    },
    {
      "quarter": "2023-06 (Q2)",
      "signal": "YoY REVENUE GROWTH DECELERATION",
      "detail": "YoY growth: -6.6% vs prior quarter YoY: +27.5% (decel: -34.1%)",
      "severity": "WARNING"
    },
    {
      "quarter": "2023-06 (Q2)",
      "signal": "INCREMENTAL MARGIN (YoY)",
      "detail": "YoY Incr OPM: +87.8% vs year-ago OPM: +8.5%",
      "severity": "HIGH"
    },
    {
      "quarter": "2023-03 (Q1)",
      "signal": "FCF TURNED POSITIVE",
      "detail": "FCF margin: -40.0% -> +17.6%",
      "severity": "HIGH"
    },
    {
      "quarter": "2023-03 (Q1)",
      "signal": "YoY REVENUE GROWTH DECELERATION",
      "detail": "YoY growth: +27.5% vs prior quarter YoY: +46.6% (decel: -19.0%)",
      "severity": "WARNING"
    },
    {
      "quarter": "2022-12 (Q4)",
      "signal": "FCF MARGIN EXPANSION",
      "detail": "FCF margin: -95.3% -> -40.0% (+55.3%)",
      "severity": "MEDIUM"
    },
    {
      "quarter": "2022-12 (Q4)",
      "signal": "YoY REVENUE GROWTH ACCELERATION",
      "detail": "YoY growth: +46.6% vs prior quarter YoY: +8.3% (accel: +38.3%)",
      "severity": "HIGH"
    },
    {
      "quarter": "2022-09 (Q3)",
      "signal": "YoY REVENUE GROWTH DECELERATION",
      "detail": "YoY growth: +8.3% vs prior quarter YoY: +36.7% (decel: -28.4%)",
      "severity": "WARNING"
    },
    {
      "quarter": "2022-09 (Q3)",
      "signal": "INCREMENTAL MARGIN (YoY)",
      "detail": "YoY Incr OPM: +228.8% vs year-ago OPM: +32.8%",
      "severity": "HIGH"
    },
    {
      "quarter": "2022-06 (Q2)",
      "signal": "YoY REVENUE GROWTH ACCELERATION",
      "detail": "YoY growth: +36.7% vs prior quarter YoY: -20.3% (accel: +56.9%)",
      "severity": "HIGH"
    },
    {
      "quarter": "2022-03 (Q1)",
      "signal": "FCF TURNED POSITIVE",
      "detail": "FCF margin: -67.6% -> +28.9%",
      "severity": "HIGH"
    },
    {
      "quarter": "2022-03 (Q1)",
      "signal": "OPERATING LEVERAGE",
      "detail": "Rev growth +58.6% vs OpEx growth +38.2% (leverage: 1.5x)",
      "severity": "MEDIUM"
    },
    {
      "quarter": "2022-03 (Q1)",
      "signal": "YoY REVENUE GROWTH DECELERATION",
      "detail": "YoY growth: -20.3% vs prior quarter YoY: +8.3% (decel: -28.6%)",
      "severity": "WARNING"
    },
    {
      "quarter": "2021-03 (Q1)",
      "signal": "FCF TURNED POSITIVE",
      "detail": "FCF margin: -30.4% -> +1.1%",
      "severity": "HIGH"
    }
  ],
  "data_quality": {
    "n_quarters": 20,
    "coverage": {
      "revenue": [
        20,
        20
      ],
      "gross_profit": [
        0,
        20
      ],
      "op_income": [
        20,
        20
      ],
      "fcf": [
        20,
        20
      ]
    },
    "gaps": [],
    "warnings": [
      "gross_profit: no data"
    ]
  },
  "market_cap": null,
  "source": "SEC EDGAR",
  "last_updated": "2026-02-02T21:03:55.931603"
}