{
  "ticker": "SREA",
  "name": "Sempra",
  "quarters": [
    {
      "date": "2020-12-31T00:00:00",
      "quarter_label": "2020-12 (Q4)",
      "revenue": 3171000000,
      "gross_profit": null,
      "operating_income": null,
      "net_income": 414000000,
      "opex": null,
      "cogs": null,
      "rd": null,
      "sga": null,
      "fcf": 962000000,
      "ocf": 962000000,
      "capex": null,
      "gross_margin": null,
      "op_margin": null,
      "fcf_margin": 0.3033743298643961
    },
    {
      "date": "2021-03-31T00:00:00",
      "quarter_label": "2021-03 (Q1)",
      "revenue": 3259000000,
      "gross_profit": null,
      "operating_income": null,
      "net_income": null,
      "opex": null,
      "cogs": null,
      "rd": null,
      "sga": null,
      "fcf": 321000000,
      "ocf": 1502000000,
      "capex": -1181000000,
      "gross_margin": null,
      "op_margin": null,
      "fcf_margin": 0.09849647131021785,
      "fcf_margin_change": -0.20487785855417825
    },
    {
      "date": "2021-06-30T00:00:00",
      "quarter_label": "2021-06 (Q2)",
      "revenue": 2741000000,
      "gross_profit": null,
      "operating_income": null,
      "net_income": null,
      "opex": null,
      "cogs": null,
      "rd": null,
      "sga": null,
      "fcf": -490000000,
      "ocf": 753000000,
      "capex": -1243000000,
      "gross_margin": null,
      "op_margin": null,
      "fcf_margin": -0.1787668734038672,
      "fcf_margin_change": -0.2772633447140851
    },
    {
      "date": "2021-09-30T00:00:00",
      "quarter_label": "2021-09 (Q3)",
      "revenue": 3013000000,
      "gross_profit": null,
      "operating_income": null,
      "net_income": null,
      "opex": null,
      "cogs": null,
      "rd": null,
      "sga": null,
      "fcf": -456000000,
      "ocf": 726000000,
      "capex": -1182000000,
      "gross_margin": null,
      "op_margin": null,
      "fcf_margin": -0.15134417524062396,
      "fcf_margin_change": 0.027422698163243248
    },
    {
      "date": "2021-12-31T00:00:00",
      "quarter_label": "2021-12 (Q4)",
      "revenue": 3844000000,
      "gross_profit": null,
      "operating_income": null,
      "net_income": null,
      "opex": null,
      "cogs": null,
      "rd": null,
      "sga": null,
      "fcf": 861000000,
      "ocf": 861000000,
      "capex": null,
      "gross_margin": null,
      "op_margin": null,
      "fcf_margin": 0.22398543184183142,
      "rev_growth_yoy": 0.21223588773257648,
      "fcf_margin_change": 0.3753296070824554
    },
    {
      "date": "2022-03-31T00:00:00",
      "quarter_label": "2022-03 (Q1)",
      "revenue": 3820000000,
      "gross_profit": null,
      "operating_income": null,
      "net_income": null,
      "opex": null,
      "cogs": null,
      "rd": null,
      "sga": null,
      "fcf": 403000000,
      "ocf": 1607000000,
      "capex": -1204000000,
      "gross_margin": null,
      "op_margin": null,
      "fcf_margin": 0.10549738219895288,
      "rev_growth_yoy": 0.17213869285056765,
      "rev_growth_yoy_accel": -0.04009719488200883,
      "fcf_margin_change": -0.11848804964287854
    },
    {
      "date": "2022-06-30T00:00:00",
      "quarter_label": "2022-06 (Q2)",
      "revenue": 3547000000,
      "gross_profit": null,
      "operating_income": null,
      "net_income": null,
      "opex": null,
      "cogs": null,
      "rd": null,
      "sga": null,
      "fcf": -400000000,
      "ocf": 757000000,
      "capex": -1157000000,
      "gross_margin": null,
      "op_margin": null,
      "fcf_margin": -0.11277135607555681,
      "rev_growth_yoy": 0.29405326523166725,
      "rev_growth_yoy_accel": 0.1219145723810996,
      "fcf_margin_change": -0.2182687382745097
    },
    {
      "date": "2022-09-30T00:00:00",
      "quarter_label": "2022-09 (Q3)",
      "revenue": 3617000000,
      "gross_profit": null,
      "operating_income": null,
      "net_income": null,
      "opex": null,
      "cogs": null,
      "rd": null,
      "sga": null,
      "fcf": -2088000000,
      "ocf": -909000000,
      "capex": -1179000000,
      "gross_margin": null,
      "op_margin": null,
      "fcf_margin": -0.5772739839646116,
      "rev_growth_yoy": 0.2004646531695984,
      "rev_growth_yoy_accel": -0.09358861206206884,
      "fcf_margin_change": -0.4645026278890548
    },
    {
      "date": "2022-12-31T00:00:00",
      "quarter_label": "2022-12 (Q4)",
      "revenue": 3455000000,
      "gross_profit": null,
      "operating_income": null,
      "net_income": null,
      "opex": null,
      "cogs": null,
      "rd": null,
      "sga": null,
      "fcf": -313000000,
      "ocf": -313000000,
      "capex": null,
      "gross_margin": null,
      "op_margin": null,
      "fcf_margin": -0.09059334298118668,
      "rev_growth_yoy": -0.10119667013527575,
      "rev_growth_yoy_accel": -0.30166132330487416,
      "fcf_margin_change": 0.4866806409834249
    },
    {
      "date": "2023-03-31T00:00:00",
      "quarter_label": "2023-03 (Q1)",
      "revenue": 6560000000,
      "gross_profit": null,
      "operating_income": null,
      "net_income": 980000000,
      "opex": null,
      "cogs": null,
      "rd": null,
      "sga": null,
      "fcf": 150000000,
      "ocf": 1980000000,
      "capex": -1830000000,
      "gross_margin": null,
      "op_margin": null,
      "fcf_margin": 0.022865853658536585,
      "rev_growth_yoy": 0.7172774869109948,
      "rev_growth_yoy_accel": 0.8184741570462706,
      "fcf_margin_change": 0.11345919663972326
    },
    {
      "date": "2023-06-30T00:00:00",
      "quarter_label": "2023-06 (Q2)",
      "revenue": 3335000000,
      "gross_profit": null,
      "operating_income": null,
      "net_income": 615000000,
      "opex": null,
      "cogs": null,
      "rd": null,
      "sga": null,
      "fcf": -695000000,
      "ocf": 1757000000,
      "capex": -2452000000,
      "gross_margin": null,
      "op_margin": null,
      "fcf_margin": -0.20839580209895053,
      "rev_growth_yoy": -0.05976881872004511,
      "rev_growth_yoy_accel": -0.7770463056310399,
      "fcf_margin_change": -0.2312616557574871
    },
    {
      "date": "2023-09-30T00:00:00",
      "quarter_label": "2023-09 (Q3)",
      "revenue": 3334000000,
      "gross_profit": null,
      "operating_income": null,
      "net_income": 732000000,
      "opex": null,
      "cogs": null,
      "rd": null,
      "sga": null,
      "fcf": -400000000,
      "ocf": 1392000000,
      "capex": -1792000000,
      "gross_margin": null,
      "op_margin": null,
      "fcf_margin": -0.11997600479904019,
      "rev_growth_yoy": -0.07824163671551009,
      "rev_growth_yoy_accel": -0.018472817995464977,
      "fcf_margin_change": 0.08841979729991034
    },
    {
      "date": "2023-12-31T00:00:00",
      "quarter_label": "2023-12 (Q4)",
      "revenue": 3491000000,
      "gross_profit": null,
      "operating_income": null,
      "net_income": 748000000,
      "opex": null,
      "cogs": null,
      "rd": null,
      "sga": null,
      "fcf": 1089000000,
      "ocf": 1089000000,
      "capex": null,
      "gross_margin": null,
      "op_margin": null,
      "fcf_margin": 0.31194500143225434,
      "rev_growth_yoy": 0.010419681620839363,
      "rev_growth_yoy_accel": 0.08866131833634945,
      "fcf_margin_change": 0.43192100623129454
    },
    {
      "date": "2024-03-31T00:00:00",
      "quarter_label": "2024-03 (Q1)",
      "revenue": 3640000000,
      "gross_profit": null,
      "operating_income": null,
      "net_income": 812000000,
      "opex": null,
      "cogs": null,
      "rd": null,
      "sga": null,
      "fcf": 1851000000,
      "ocf": 1851000000,
      "capex": null,
      "gross_margin": null,
      "op_margin": null,
      "fcf_margin": 0.5085164835164835,
      "rev_growth_yoy": -0.4451219512195122,
      "rev_growth_yoy_accel": -0.45554163284035154,
      "fcf_margin_change": 0.19657148208422914
    },
    {
      "date": "2024-06-30T00:00:00",
      "quarter_label": "2024-06 (Q2)",
      "revenue": 3011000000,
      "gross_profit": null,
      "operating_income": null,
      "net_income": 725000000,
      "opex": null,
      "cogs": null,
      "rd": null,
      "sga": null,
      "fcf": 669000000,
      "ocf": 669000000,
      "capex": null,
      "gross_margin": null,
      "op_margin": null,
      "fcf_margin": 0.22218532049153106,
      "rev_growth_yoy": -0.09715142428785607,
      "rev_growth_yoy_accel": 0.34797052693165614,
      "fcf_margin_change": -0.28633116302495243
    },
    {
      "date": "2024-09-30T00:00:00",
      "quarter_label": "2024-09 (Q3)",
      "revenue": 2776000000,
      "gross_profit": null,
      "operating_income": null,
      "net_income": 649000000,
      "opex": null,
      "cogs": null,
      "rd": null,
      "sga": null,
      "fcf": 1022000000,
      "ocf": 1022000000,
      "capex": null,
      "gross_margin": null,
      "op_margin": null,
      "fcf_margin": 0.3681556195965418,
      "rev_growth_yoy": -0.16736652669466107,
      "rev_growth_yoy_accel": -0.070215102406805,
      "fcf_margin_change": 0.14597029910501075
    },
    {
      "date": "2024-12-31T00:00:00",
      "quarter_label": "2024-12 (Q4)",
      "revenue": 3758000000,
      "gross_profit": null,
      "operating_income": null,
      "net_income": 676000000,
      "opex": null,
      "cogs": null,
      "rd": null,
      "sga": null,
      "fcf": 1365000000,
      "ocf": 1365000000,
      "capex": null,
      "gross_margin": null,
      "op_margin": null,
      "fcf_margin": 0.36322511974454497,
      "rev_growth_yoy": 0.07648238327126898,
      "rev_growth_yoy_accel": 0.24384890996593006,
      "fcf_margin_change": -0.004930499851996839
    },
    {
      "date": "2025-03-31T00:00:00",
      "quarter_label": "2025-03 (Q1)",
      "revenue": 3681000000,
      "gross_profit": null,
      "operating_income": null,
      "net_income": 917000000,
      "opex": null,
      "cogs": null,
      "rd": null,
      "sga": null,
      "fcf": 1482000000,
      "ocf": 1482000000,
      "capex": null,
      "gross_margin": null,
      "op_margin": null,
      "fcf_margin": 0.4026079869600652,
      "rev_growth_yoy": 0.011263736263736264,
      "rev_growth_yoy_accel": -0.06521864700753272,
      "fcf_margin_change": 0.039382867215520256
    },
    {
      "date": "2025-06-30T00:00:00",
      "quarter_label": "2025-06 (Q2)",
      "revenue": 2700000000,
      "gross_profit": null,
      "operating_income": null,
      "net_income": 473000000,
      "opex": null,
      "cogs": null,
      "rd": null,
      "sga": null,
      "fcf": 784000000,
      "ocf": 784000000,
      "capex": null,
      "gross_margin": null,
      "op_margin": null,
      "fcf_margin": 0.2903703703703704,
      "rev_growth_yoy": -0.10328794420458319,
      "rev_growth_yoy_accel": -0.11455168046831946,
      "fcf_margin_change": -0.11223761658969483
    },
    {
      "date": "2025-09-30T00:00:00",
      "quarter_label": "2025-09 (Q3)",
      "revenue": 2756000000,
      "gross_profit": null,
      "operating_income": null,
      "net_income": 95000000,
      "opex": null,
      "cogs": null,
      "rd": null,
      "sga": null,
      "fcf": 1110000000,
      "ocf": 1110000000,
      "capex": null,
      "gross_margin": null,
      "op_margin": null,
      "fcf_margin": 0.4027576197387518,
      "rev_growth_yoy": -0.007204610951008645,
      "rev_growth_yoy_accel": 0.09608333325357454,
      "fcf_margin_change": 0.1123872493683814
    }
  ],
  "signals": [
    {
      "quarter": "2025-09 (Q3)",
      "signal": "FCF MARGIN EXPANSION",
      "detail": "FCF margin: +29.0% -> +40.3% (+11.2%)",
      "severity": "MEDIUM"
    },
    {
      "quarter": "2025-09 (Q3)",
      "signal": "YoY REVENUE GROWTH ACCELERATION",
      "detail": "YoY growth: -0.7% vs prior quarter YoY: -10.3% (accel: +9.6%)",
      "severity": "MEDIUM"
    },
    {
      "quarter": "2025-06 (Q2)",
      "signal": "YoY REVENUE GROWTH DECELERATION",
      "detail": "YoY growth: -10.3% vs prior quarter YoY: +1.1% (decel: -11.5%)",
      "severity": "WARNING"
    },
    {
      "quarter": "2025-03 (Q1)",
      "signal": "YoY REVENUE GROWTH DECELERATION",
      "detail": "YoY growth: +1.1% vs prior quarter YoY: +7.6% (decel: -6.5%)",
      "severity": "WARNING"
    },
    {
      "quarter": "2024-12 (Q4)",
      "signal": "YoY REVENUE GROWTH ACCELERATION",
      "detail": "YoY growth: +7.6% vs prior quarter YoY: -16.7% (accel: +24.4%)",
      "severity": "HIGH"
    },
    {
      "quarter": "2024-09 (Q3)",
      "signal": "FCF MARGIN EXPANSION",
      "detail": "FCF margin: +22.2% -> +36.8% (+14.6%)",
      "severity": "MEDIUM"
    },
    {
      "quarter": "2024-09 (Q3)",
      "signal": "YoY REVENUE GROWTH DECELERATION",
      "detail": "YoY growth: -16.7% vs prior quarter YoY: -9.7% (decel: -7.0%)",
      "severity": "WARNING"
    },
    {
      "quarter": "2024-06 (Q2)",
      "signal": "YoY REVENUE GROWTH ACCELERATION",
      "detail": "YoY growth: -9.7% vs prior quarter YoY: -44.5% (accel: +34.8%)",
      "severity": "HIGH"
    },
    {
      "quarter": "2024-03 (Q1)",
      "signal": "FCF MARGIN EXPANSION",
      "detail": "FCF margin: +31.2% -> +50.9% (+19.7%)",
      "severity": "MEDIUM"
    },
    {
      "quarter": "2024-03 (Q1)",
      "signal": "YoY REVENUE GROWTH DECELERATION",
      "detail": "YoY growth: -44.5% vs prior quarter YoY: +1.0% (decel: -45.6%)",
      "severity": "WARNING"
    },
    {
      "quarter": "2023-12 (Q4)",
      "signal": "FCF TURNED POSITIVE",
      "detail": "FCF margin: -12.0% -> +31.2%",
      "severity": "HIGH"
    },
    {
      "quarter": "2023-12 (Q4)",
      "signal": "YoY REVENUE GROWTH ACCELERATION",
      "detail": "YoY growth: +1.0% vs prior quarter YoY: -7.8% (accel: +8.9%)",
      "severity": "MEDIUM"
    },
    {
      "quarter": "2023-09 (Q3)",
      "signal": "FCF MARGIN EXPANSION",
      "detail": "FCF margin: -20.8% -> -12.0% (+8.8%)",
      "severity": "MEDIUM"
    },
    {
      "quarter": "2023-06 (Q2)",
      "signal": "YoY REVENUE GROWTH DECELERATION",
      "detail": "YoY growth: -6.0% vs prior quarter YoY: +71.7% (decel: -77.7%)",
      "severity": "WARNING"
    },
    {
      "quarter": "2023-03 (Q1)",
      "signal": "FCF TURNED POSITIVE",
      "detail": "FCF margin: -9.1% -> +2.3%",
      "severity": "HIGH"
    },
    {
      "quarter": "2023-03 (Q1)",
      "signal": "YoY REVENUE GROWTH ACCELERATION",
      "detail": "YoY growth: +71.7% vs prior quarter YoY: -10.1% (accel: +81.8%)",
      "severity": "HIGH"
    },
    {
      "quarter": "2022-12 (Q4)",
      "signal": "FCF MARGIN EXPANSION",
      "detail": "FCF margin: -57.7% -> -9.1% (+48.7%)",
      "severity": "MEDIUM"
    },
    {
      "quarter": "2022-12 (Q4)",
      "signal": "YoY REVENUE GROWTH DECELERATION",
      "detail": "YoY growth: -10.1% vs prior quarter YoY: +20.0% (decel: -30.2%)",
      "severity": "WARNING"
    },
    {
      "quarter": "2022-09 (Q3)",
      "signal": "YoY REVENUE GROWTH DECELERATION",
      "detail": "YoY growth: +20.0% vs prior quarter YoY: +29.4% (decel: -9.4%)",
      "severity": "WARNING"
    },
    {
      "quarter": "2022-06 (Q2)",
      "signal": "YoY REVENUE GROWTH ACCELERATION",
      "detail": "YoY growth: +29.4% vs prior quarter YoY: +17.2% (accel: +12.2%)",
      "severity": "MEDIUM"
    },
    {
      "quarter": "2021-12 (Q4)",
      "signal": "FCF TURNED POSITIVE",
      "detail": "FCF margin: -15.1% -> +22.4%",
      "severity": "HIGH"
    }
  ],
  "data_quality": {
    "n_quarters": 20,
    "coverage": {
      "revenue": [
        20,
        20
      ],
      "gross_profit": [
        0,
        20
      ],
      "op_income": [
        0,
        20
      ],
      "fcf": [
        20,
        20
      ]
    },
    "gaps": [],
    "warnings": [
      "gross_profit: no data",
      "op_income: no data"
    ]
  },
  "market_cap": null,
  "source": "SEC EDGAR",
  "last_updated": "2026-02-03T01:07:52.233600"
}