{
  "ticker": "SRNE",
  "name": "SORRENTO THERAPEUTICS, INC.",
  "quarters": [
    {
      "date": "2018-09-30T00:00:00",
      "quarter_label": "2018-09 (Q3)",
      "revenue": 4105000,
      "gross_profit": 1928000,
      "operating_income": -47907000,
      "net_income": -47328000,
      "opex": 52012000,
      "cogs": 2177000,
      "rd": null,
      "sga": 20102000,
      "fcf": -23640000,
      "ocf": -20704000,
      "capex": -2936000,
      "gross_margin": 0.46967113276492084,
      "op_margin": -11.670401948842875,
      "fcf_margin": -5.758830694275274
    },
    {
      "date": "2018-12-31T00:00:00",
      "quarter_label": "2018-12 (Q4)",
      "revenue": 6929000,
      "gross_profit": 4584000,
      "operating_income": -41600000,
      "net_income": -49774000,
      "opex": 48530000,
      "cogs": 2345000,
      "rd": null,
      "sga": null,
      "fcf": -50425000,
      "ocf": -44978000,
      "capex": -5447000,
      "gross_margin": 0.6615673257324289,
      "op_margin": -6.0037523452157595,
      "fcf_margin": -7.2773849040265555,
      "op_leverage_ratio": Infinity,
      "fcf_margin_change": -1.5185542097512812
    },
    {
      "date": "2019-03-31T00:00:00",
      "quarter_label": "2019-03 (Q1)",
      "revenue": 6143000,
      "gross_profit": 3835000,
      "operating_income": -123170000,
      "net_income": -108071000,
      "opex": 129313000,
      "cogs": 2308000,
      "rd": null,
      "sga": null,
      "fcf": -49537000,
      "ocf": -44309000,
      "capex": -5228000,
      "gross_margin": 0.6242878072602963,
      "op_margin": -20.050463942699007,
      "fcf_margin": -8.063975256389387,
      "fcf_margin_change": -0.7865903523628317
    },
    {
      "date": "2019-06-30T00:00:00",
      "quarter_label": "2019-06 (Q2)",
      "revenue": 6477000,
      "gross_profit": 3196000,
      "operating_income": -50361000,
      "net_income": -56762000,
      "opex": 56838000,
      "cogs": 3281000,
      "rd": null,
      "sga": 27772000,
      "fcf": -49094000,
      "ocf": -46834000,
      "capex": -2260000,
      "gross_margin": 0.49343832020997375,
      "op_margin": -7.775358962482631,
      "fcf_margin": -7.579743708507025,
      "op_leverage_ratio": Infinity,
      "fcf_margin_change": 0.484231547882362
    },
    {
      "date": "2019-09-30T00:00:00",
      "quarter_label": "2019-09 (Q3)",
      "revenue": 5778000,
      "gross_profit": null,
      "operating_income": -53283000,
      "net_income": -64415000,
      "opex": 59061000,
      "cogs": null,
      "rd": null,
      "sga": 25234000,
      "fcf": -47925000,
      "ocf": -45831000,
      "capex": -2094000,
      "gross_margin": null,
      "op_margin": -9.221703011422637,
      "fcf_margin": -8.294392523364486,
      "incr_op_margin_yoy": -3.213389121338912,
      "rev_growth_yoy": 0.4075517661388551,
      "fcf_margin_change": -0.714648814857461
    },
    {
      "date": "2019-12-31T00:00:00",
      "quarter_label": "2019-12 (Q4)",
      "revenue": 13034000,
      "gross_profit": null,
      "operating_income": -32579000,
      "net_income": -62820000,
      "opex": 45613000,
      "cogs": null,
      "rd": null,
      "sga": null,
      "fcf": -37882000,
      "ocf": -36022000,
      "capex": -1860000,
      "gross_margin": null,
      "op_margin": -2.499539665490256,
      "fcf_margin": -2.906398649685438,
      "incr_op_margin_yoy": 1.4776412776412777,
      "rev_growth_yoy": 0.8810795208543801,
      "rev_growth_yoy_accel": 0.47352775471552505,
      "op_leverage_ratio": Infinity,
      "fcf_margin_change": 5.387993873679048
    },
    {
      "date": "2020-03-31T00:00:00",
      "quarter_label": "2020-03 (Q1)",
      "revenue": 7721000,
      "gross_profit": null,
      "operating_income": -43163000,
      "net_income": -65195000,
      "opex": 50884000,
      "cogs": null,
      "rd": null,
      "sga": null,
      "fcf": -38571000,
      "ocf": -38550000,
      "capex": -21000,
      "gross_margin": null,
      "op_margin": -5.590338039114104,
      "fcf_margin": -4.995596425333506,
      "incr_op_margin_yoy": 50.70152091254753,
      "rev_growth_yoy": 0.25687774702913885,
      "rev_growth_yoy_accel": -0.6242017738252412,
      "fcf_margin_change": -2.089197775648068
    },
    {
      "date": "2020-06-30T00:00:00",
      "quarter_label": "2020-06 (Q2)",
      "revenue": 9007000,
      "gross_profit": null,
      "operating_income": -47728000,
      "net_income": -77740000,
      "opex": 56735000,
      "cogs": null,
      "rd": null,
      "sga": null,
      "fcf": -38474000,
      "ocf": -37525000,
      "capex": -949000,
      "gross_margin": null,
      "op_margin": -5.298989674697458,
      "fcf_margin": -4.271566559342733,
      "incr_op_margin_yoy": 1.0407114624505929,
      "rev_growth_yoy": 0.3906129380886213,
      "rev_growth_yoy_accel": 0.13373519105948245,
      "op_leverage_ratio": 1.4485002082209433,
      "fcf_margin_change": 0.7240298659907731
    },
    {
      "date": "2020-09-30T00:00:00",
      "quarter_label": "2020-09 (Q3)",
      "revenue": 11753000,
      "gross_profit": null,
      "operating_income": -83104000,
      "net_income": -84023000,
      "opex": 94857000,
      "cogs": null,
      "rd": null,
      "sga": null,
      "fcf": -45462000,
      "ocf": -42592000,
      "capex": -2870000,
      "gross_margin": null,
      "op_margin": -7.070875521143538,
      "fcf_margin": -3.8681187781842934,
      "incr_op_margin_yoy": -4.990962343096235,
      "rev_growth_yoy": 1.0340948425060574,
      "rev_growth_yoy_accel": 0.6434819044174361,
      "op_leverage_ratio": 0.45372817918050523,
      "fcf_margin_change": 0.4034477811584396
    },
    {
      "date": "2020-12-31T00:00:00",
      "quarter_label": "2020-12 (Q4)",
      "revenue": 11505000,
      "gross_profit": null,
      "operating_income": -70523000,
      "net_income": -71503000,
      "opex": 82028000,
      "cogs": null,
      "rd": null,
      "sga": null,
      "fcf": -43557000,
      "ocf": -40869000,
      "capex": -2688000,
      "gross_margin": null,
      "op_margin": -6.129769665362886,
      "fcf_margin": -3.7859191655801827,
      "incr_op_margin_yoy": 24.81621975147155,
      "rev_growth_yoy": -0.1173085775663649,
      "rev_growth_yoy_accel": -1.1514034200724224,
      "fcf_margin_change": 0.08219961260411068
    },
    {
      "date": "2021-03-31T00:00:00",
      "quarter_label": "2021-03 (Q1)",
      "revenue": 14255000,
      "gross_profit": null,
      "operating_income": -84905000,
      "net_income": 2510000,
      "opex": 99160000,
      "cogs": null,
      "rd": null,
      "sga": null,
      "fcf": -50051000,
      "ocf": -48057000,
      "capex": -1994000,
      "gross_margin": null,
      "op_margin": -5.956155734829884,
      "fcf_margin": -3.5111189056471415,
      "incr_op_margin_yoy": -6.3884297520661155,
      "rev_growth_yoy": 0.8462634373785779,
      "rev_growth_yoy_accel": 0.9635720149449428,
      "op_leverage_ratio": 1.1444587076668187,
      "fcf_margin_change": 0.27480025993304125
    },
    {
      "date": "2021-06-30T00:00:00",
      "quarter_label": "2021-06 (Q2)",
      "revenue": 13511000,
      "gross_profit": null,
      "operating_income": -100550000,
      "net_income": -166615000,
      "opex": 114061000,
      "cogs": null,
      "rd": null,
      "sga": null,
      "fcf": -82008000,
      "ocf": -78515000,
      "capex": -3493000,
      "gross_margin": null,
      "op_margin": -7.442084227666346,
      "fcf_margin": -6.069720968100067,
      "incr_op_margin_yoy": -11.727797513321493,
      "rev_growth_yoy": 0.5000555123792606,
      "rev_growth_yoy_accel": -0.3462079249993173,
      "fcf_margin_change": -2.5586020624529255
    },
    {
      "date": "2021-09-30T00:00:00",
      "quarter_label": "2021-09 (Q3)",
      "revenue": 12062000,
      "gross_profit": null,
      "operating_income": -101387000,
      "net_income": -119803000,
      "opex": 113449000,
      "cogs": null,
      "rd": null,
      "sga": null,
      "fcf": -84287000,
      "ocf": -83112000,
      "capex": -1175000,
      "gross_margin": null,
      "op_margin": -8.405488310396287,
      "fcf_margin": -6.987812966340574,
      "rev_growth_yoy": 0.026291159703905387,
      "rev_growth_yoy_accel": -0.4737643526753552,
      "fcf_margin_change": -0.9180919982405067
    },
    {
      "date": "2021-12-31T00:00:00",
      "quarter_label": "2021-12 (Q4)",
      "revenue": 13076000,
      "gross_profit": null,
      "operating_income": -114609000,
      "net_income": -144417000,
      "opex": 127685000,
      "cogs": null,
      "rd": null,
      "sga": null,
      "fcf": -74346000,
      "ocf": -72137000,
      "capex": -2209000,
      "gross_margin": null,
      "op_margin": -8.764836341388804,
      "fcf_margin": -5.685683695319669,
      "incr_op_margin_yoy": -28.062380649267983,
      "rev_growth_yoy": 0.13654932637983486,
      "rev_growth_yoy_accel": 0.11025816667592947,
      "op_leverage_ratio": 0.669932926857392,
      "fcf_margin_change": 1.3021292710209043
    },
    {
      "date": "2022-03-31T00:00:00",
      "quarter_label": "2022-03 (Q1)",
      "revenue": 18385000,
      "gross_profit": null,
      "operating_income": -106883000,
      "net_income": -40815000,
      "opex": 125268000,
      "cogs": null,
      "rd": null,
      "sga": null,
      "fcf": -85953000,
      "ocf": -83360000,
      "capex": -2593000,
      "gross_margin": null,
      "op_margin": -5.813598041881969,
      "fcf_margin": -4.6751699755235245,
      "incr_op_margin_yoy": -5.321549636803874,
      "rev_growth_yoy": 0.2897229042441249,
      "rev_growth_yoy_accel": 0.15317357786429003,
      "op_leverage_ratio": Infinity,
      "fcf_margin_change": 1.010513719796145
    },
    {
      "date": "2022-06-30T00:00:00",
      "quarter_label": "2022-06 (Q2)",
      "revenue": 11461000,
      "gross_profit": null,
      "operating_income": -118361000,
      "net_income": -218759000,
      "opex": 129822000,
      "cogs": null,
      "rd": null,
      "sga": null,
      "fcf": -83693000,
      "ocf": -80988000,
      "capex": -2705000,
      "gross_margin": null,
      "op_margin": -10.32728383212634,
      "fcf_margin": -7.302416892068755,
      "incr_op_margin_yoy": 8.688292682926829,
      "rev_growth_yoy": -0.15172822144918954,
      "rev_growth_yoy_accel": -0.44145112569331446,
      "fcf_margin_change": -2.6272469165452303
    },
    {
      "date": "2022-09-30T00:00:00",
      "quarter_label": "2022-09 (Q3)",
      "revenue": 17400000,
      "gross_profit": null,
      "operating_income": -109443000,
      "net_income": -89576000,
      "opex": 126843000,
      "cogs": null,
      "rd": null,
      "sga": null,
      "fcf": -65006000,
      "ocf": -61171000,
      "capex": -3835000,
      "gross_margin": null,
      "op_margin": -6.289827586206896,
      "fcf_margin": -3.7359770114942528,
      "incr_op_margin_yoy": -1.5091794679655302,
      "rev_growth_yoy": 0.44254684131984745,
      "rev_growth_yoy_accel": 0.594275062769037,
      "op_leverage_ratio": Infinity,
      "fcf_margin_change": 3.566439880574502
    },
    {
      "date": "2022-12-31T00:00:00",
      "quarter_label": "2022-12 (Q4)",
      "revenue": 15594000,
      "gross_profit": null,
      "operating_income": -169627000,
      "net_income": -223692000,
      "opex": 185221000,
      "cogs": null,
      "rd": null,
      "sga": null,
      "fcf": -72862000,
      "ocf": -68338000,
      "capex": -4524000,
      "gross_margin": null,
      "op_margin": -10.877709375400794,
      "fcf_margin": -4.672438117224574,
      "incr_op_margin_yoy": -21.84988085782367,
      "rev_growth_yoy": 0.19256653410829,
      "rev_growth_yoy_accel": -0.24998030721155745,
      "fcf_margin_change": -0.9364611057303209
    },
    {
      "date": "2023-03-31T00:00:00",
      "quarter_label": "2023-03 (Q1)",
      "revenue": 16251000,
      "gross_profit": null,
      "operating_income": -106344000,
      "net_income": -139616000,
      "opex": 122595000,
      "cogs": null,
      "rd": null,
      "sga": null,
      "fcf": -49545000,
      "ocf": -49459000,
      "capex": -86000,
      "gross_margin": null,
      "op_margin": -6.543843455787336,
      "fcf_margin": -3.048735462433081,
      "incr_op_margin_yoy": -0.25257731958762886,
      "rev_growth_yoy": -0.11607288550448736,
      "rev_growth_yoy_accel": -0.30863941961277735,
      "op_leverage_ratio": Infinity,
      "fcf_margin_change": 1.6237026547914928
    },
    {
      "date": "2023-06-30T00:00:00",
      "quarter_label": "2023-06 (Q2)",
      "revenue": 15025000,
      "gross_profit": null,
      "operating_income": -77233000,
      "net_income": -95212000,
      "opex": 92258000,
      "cogs": null,
      "rd": null,
      "sga": null,
      "fcf": -55799000,
      "ocf": -55659000,
      "capex": -140000,
      "gross_margin": null,
      "op_margin": -5.140299500831947,
      "fcf_margin": -3.7137437603993346,
      "incr_op_margin_yoy": 11.539842873176207,
      "rev_growth_yoy": 0.3109676293517145,
      "rev_growth_yoy_accel": 0.42704051485620187,
      "fcf_margin_change": -0.6650082979662537
    }
  ],
  "signals": [
    {
      "quarter": "2023-06 (Q2)",
      "signal": "YoY REVENUE GROWTH ACCELERATION",
      "detail": "YoY growth: +31.1% vs prior quarter YoY: -11.6% (accel: +42.7%)",
      "severity": "HIGH"
    },
    {
      "quarter": "2023-03 (Q1)",
      "signal": "FCF MARGIN EXPANSION",
      "detail": "FCF margin: -467.2% -> -304.9% (+162.4%)",
      "severity": "MEDIUM"
    },
    {
      "quarter": "2023-03 (Q1)",
      "signal": "YoY REVENUE GROWTH DECELERATION",
      "detail": "YoY growth: -11.6% vs prior quarter YoY: +19.3% (decel: -30.9%)",
      "severity": "WARNING"
    },
    {
      "quarter": "2022-12 (Q4)",
      "signal": "YoY REVENUE GROWTH DECELERATION",
      "detail": "YoY growth: +19.3% vs prior quarter YoY: +44.3% (decel: -25.0%)",
      "severity": "WARNING"
    },
    {
      "quarter": "2022-09 (Q3)",
      "signal": "FCF MARGIN EXPANSION",
      "detail": "FCF margin: -730.2% -> -373.6% (+356.6%)",
      "severity": "MEDIUM"
    },
    {
      "quarter": "2022-09 (Q3)",
      "signal": "YoY REVENUE GROWTH ACCELERATION",
      "detail": "YoY growth: +44.3% vs prior quarter YoY: -15.2% (accel: +59.4%)",
      "severity": "HIGH"
    },
    {
      "quarter": "2022-06 (Q2)",
      "signal": "YoY REVENUE GROWTH DECELERATION",
      "detail": "YoY growth: -15.2% vs prior quarter YoY: +29.0% (decel: -44.1%)",
      "severity": "WARNING"
    },
    {
      "quarter": "2022-03 (Q1)",
      "signal": "FCF MARGIN EXPANSION",
      "detail": "FCF margin: -568.6% -> -467.5% (+101.1%)",
      "severity": "MEDIUM"
    },
    {
      "quarter": "2022-03 (Q1)",
      "signal": "YoY REVENUE GROWTH ACCELERATION",
      "detail": "YoY growth: +29.0% vs prior quarter YoY: +13.7% (accel: +15.3%)",
      "severity": "HIGH"
    },
    {
      "quarter": "2021-12 (Q4)",
      "signal": "FCF MARGIN EXPANSION",
      "detail": "FCF margin: -698.8% -> -568.6% (+130.2%)",
      "severity": "MEDIUM"
    },
    {
      "quarter": "2021-12 (Q4)",
      "signal": "YoY REVENUE GROWTH ACCELERATION",
      "detail": "YoY growth: +13.7% vs prior quarter YoY: +2.6% (accel: +11.0%)",
      "severity": "MEDIUM"
    },
    {
      "quarter": "2021-09 (Q3)",
      "signal": "YoY REVENUE GROWTH DECELERATION",
      "detail": "YoY growth: +2.6% vs prior quarter YoY: +50.0% (decel: -47.4%)",
      "severity": "WARNING"
    },
    {
      "quarter": "2021-06 (Q2)",
      "signal": "YoY REVENUE GROWTH DECELERATION",
      "detail": "YoY growth: +50.0% vs prior quarter YoY: +84.6% (decel: -34.6%)",
      "severity": "WARNING"
    },
    {
      "quarter": "2021-03 (Q1)",
      "signal": "FCF MARGIN EXPANSION",
      "detail": "FCF margin: -378.6% -> -351.1% (+27.5%)",
      "severity": "MEDIUM"
    },
    {
      "quarter": "2021-03 (Q1)",
      "signal": "YoY REVENUE GROWTH ACCELERATION",
      "detail": "YoY growth: +84.6% vs prior quarter YoY: -11.7% (accel: +96.4%)",
      "severity": "HIGH"
    },
    {
      "quarter": "2020-12 (Q4)",
      "signal": "FCF MARGIN EXPANSION",
      "detail": "FCF margin: -386.8% -> -378.6% (+8.2%)",
      "severity": "MEDIUM"
    },
    {
      "quarter": "2020-12 (Q4)",
      "signal": "YoY REVENUE GROWTH DECELERATION",
      "detail": "YoY growth: -11.7% vs prior quarter YoY: +103.4% (decel: -115.1%)",
      "severity": "WARNING"
    },
    {
      "quarter": "2020-09 (Q3)",
      "signal": "FCF MARGIN EXPANSION",
      "detail": "FCF margin: -427.2% -> -386.8% (+40.3%)",
      "severity": "MEDIUM"
    },
    {
      "quarter": "2020-09 (Q3)",
      "signal": "YoY REVENUE GROWTH ACCELERATION",
      "detail": "YoY growth: +103.4% vs prior quarter YoY: +39.1% (accel: +64.3%)",
      "severity": "HIGH"
    },
    {
      "quarter": "2020-06 (Q2)",
      "signal": "FCF MARGIN EXPANSION",
      "detail": "FCF margin: -499.6% -> -427.2% (+72.4%)",
      "severity": "MEDIUM"
    },
    {
      "quarter": "2020-06 (Q2)",
      "signal": "YoY REVENUE GROWTH ACCELERATION",
      "detail": "YoY growth: +39.1% vs prior quarter YoY: +25.7% (accel: +13.4%)",
      "severity": "MEDIUM"
    },
    {
      "quarter": "2020-03 (Q1)",
      "signal": "YoY REVENUE GROWTH DECELERATION",
      "detail": "YoY growth: +25.7% vs prior quarter YoY: +88.1% (decel: -62.4%)",
      "severity": "WARNING"
    },
    {
      "quarter": "2019-12 (Q4)",
      "signal": "FCF MARGIN EXPANSION",
      "detail": "FCF margin: -829.4% -> -290.6% (+538.8%)",
      "severity": "MEDIUM"
    },
    {
      "quarter": "2019-12 (Q4)",
      "signal": "YoY REVENUE GROWTH ACCELERATION",
      "detail": "YoY growth: +88.1% vs prior quarter YoY: +40.8% (accel: +47.4%)",
      "severity": "HIGH"
    },
    {
      "quarter": "2019-06 (Q2)",
      "signal": "FCF MARGIN EXPANSION",
      "detail": "FCF margin: -806.4% -> -758.0% (+48.4%)",
      "severity": "MEDIUM"
    }
  ],
  "data_quality": {
    "n_quarters": 20,
    "coverage": {
      "revenue": [
        20,
        20
      ],
      "gross_profit": [
        4,
        20
      ],
      "op_income": [
        20,
        20
      ],
      "fcf": [
        20,
        20
      ]
    },
    "gaps": [],
    "warnings": [
      "gross_profit: 4/20Q"
    ]
  },
  "market_cap": null,
  "source": "SEC EDGAR",
  "last_updated": "2026-02-03T01:04:19.788864"
}