{
  "ticker": "SRPT",
  "name": "Sarepta Therapeutics, Inc.",
  "quarters": [
    {
      "date": "2020-12-31T00:00:00",
      "quarter_label": "2020-12 (Q4)",
      "revenue": 145138000,
      "gross_profit": null,
      "operating_income": -170716000,
      "net_income": -189317000,
      "opex": 315854000,
      "cogs": null,
      "rd": 207239000,
      "sga": 86046000,
      "fcf": -203145000,
      "ocf": -174535000,
      "capex": -28610000,
      "gross_margin": null,
      "op_margin": -1.176232275489534,
      "fcf_margin": -1.3996679022723202
    },
    {
      "date": "2021-03-31T00:00:00",
      "quarter_label": "2021-03 (Q1)",
      "revenue": 146931000,
      "gross_profit": null,
      "operating_income": -151865000,
      "net_income": -167250000,
      "opex": 298796000,
      "cogs": null,
      "rd": null,
      "sga": 71131000,
      "fcf": -201520000,
      "ocf": -180371000,
      "capex": -21149000,
      "gross_margin": null,
      "op_margin": -1.0335803880733134,
      "fcf_margin": -1.3715281322525539,
      "op_leverage_ratio": Infinity,
      "fcf_margin_change": 0.028139770019766308
    },
    {
      "date": "2021-06-30T00:00:00",
      "quarter_label": "2021-06 (Q2)",
      "revenue": 164089000,
      "gross_profit": null,
      "operating_income": -167574000,
      "net_income": -81405000,
      "opex": 331663000,
      "cogs": null,
      "rd": null,
      "sga": 72347000,
      "fcf": -115040000,
      "ocf": -109146000,
      "capex": -5894000,
      "gross_margin": null,
      "op_margin": -1.0212384742426366,
      "fcf_margin": -0.701082948887494,
      "op_leverage_ratio": 1.0616171934938359,
      "fcf_margin_change": 0.6704451833650599
    },
    {
      "date": "2021-09-30T00:00:00",
      "quarter_label": "2021-09 (Q3)",
      "revenue": 189406000,
      "gross_profit": null,
      "operating_income": -34458000,
      "net_income": -48144000,
      "opex": 223864000,
      "cogs": null,
      "rd": null,
      "sga": 61127000,
      "fcf": -133570000,
      "ocf": -124329000,
      "capex": -9241000,
      "gross_margin": null,
      "op_margin": -0.1819266549106153,
      "fcf_margin": -0.7052046925651775,
      "op_leverage_ratio": Infinity,
      "fcf_margin_change": -0.004121743677683476
    },
    {
      "date": "2021-12-31T00:00:00",
      "quarter_label": "2021-12 (Q4)",
      "revenue": 201461000,
      "gross_profit": null,
      "operating_income": -105813000,
      "net_income": -121981000,
      "opex": 307274000,
      "cogs": null,
      "rd": null,
      "sga": 78055000,
      "fcf": -31532000,
      "ocf": -29326000,
      "capex": -2206000,
      "gross_margin": null,
      "op_margin": -0.525228207940991,
      "fcf_margin": -0.15651664590168818,
      "incr_op_margin_yoy": 1.152335635530778,
      "rev_growth_yoy": 0.3880651517865755,
      "op_leverage_ratio": 0.1708203551726108,
      "fcf_margin_change": 0.5486880466634894
    },
    {
      "date": "2022-03-31T00:00:00",
      "quarter_label": "2022-03 (Q1)",
      "revenue": 210830000,
      "gross_profit": null,
      "operating_income": -86881000,
      "net_income": -105025000,
      "opex": 297711000,
      "cogs": null,
      "rd": null,
      "sga": 71840000,
      "fcf": -106726000,
      "ocf": -101175000,
      "capex": -5551000,
      "gross_margin": null,
      "op_margin": -0.41209030972821703,
      "fcf_margin": -0.5062182801309112,
      "incr_op_margin_yoy": 1.0169799214385202,
      "rev_growth_yoy": 0.4348912074375047,
      "rev_growth_yoy_accel": 0.04682605565092918,
      "op_leverage_ratio": Infinity,
      "fcf_margin_change": -0.349701634229223
    },
    {
      "date": "2022-06-30T00:00:00",
      "quarter_label": "2022-06 (Q2)",
      "revenue": 233487000,
      "gross_profit": null,
      "operating_income": -211132000,
      "net_income": -231481000,
      "opex": 444619000,
      "cogs": null,
      "rd": null,
      "sga": 154316000,
      "fcf": -75893000,
      "ocf": -66815000,
      "capex": -9078000,
      "gross_margin": null,
      "op_margin": -0.9042559114640215,
      "fcf_margin": -0.325041651141177,
      "incr_op_margin_yoy": -0.6276549756477132,
      "rev_growth_yoy": 0.4229290202268281,
      "rev_growth_yoy_accel": -0.0119621872106766,
      "op_leverage_ratio": 0.2177807209104488,
      "fcf_margin_change": 0.1811766289897342
    },
    {
      "date": "2022-09-30T00:00:00",
      "quarter_label": "2022-09 (Q3)",
      "revenue": 230269000,
      "gross_profit": null,
      "operating_income": -131355000,
      "net_income": -257738000,
      "opex": 361624000,
      "cogs": null,
      "rd": null,
      "sga": 104787000,
      "fcf": -73195000,
      "ocf": -64964000,
      "capex": -8231000,
      "gross_margin": null,
      "op_margin": -0.5704415270835415,
      "fcf_margin": -0.3178673638223122,
      "incr_op_margin_yoy": -2.3712649585199324,
      "rev_growth_yoy": 0.21574290149203298,
      "rev_growth_yoy_accel": -0.20718611873479512,
      "fcf_margin_change": 0.007174287318864825
    },
    {
      "date": "2022-12-31T00:00:00",
      "quarter_label": "2022-12 (Q4)",
      "revenue": 258427000,
      "gross_profit": null,
      "operating_income": -106833000,
      "net_income": -109244000,
      "opex": 365260000,
      "cogs": null,
      "rd": null,
      "sga": 120478000,
      "fcf": -100356000,
      "ocf": -92392000,
      "capex": -7964000,
      "gross_margin": null,
      "op_margin": -0.4133972069481904,
      "fcf_margin": -0.3883340363042561,
      "incr_op_margin_yoy": -0.01790541726643963,
      "rev_growth_yoy": 0.2827644060140672,
      "rev_growth_yoy_accel": 0.06702150452203423,
      "op_leverage_ratio": 12.161851628057853,
      "fcf_margin_change": -0.07046667248194394
    },
    {
      "date": "2023-03-31T00:00:00",
      "quarter_label": "2023-03 (Q1)",
      "revenue": 253500000,
      "gross_profit": null,
      "operating_income": -138088000,
      "net_income": -516755000,
      "opex": 391588000,
      "cogs": null,
      "rd": null,
      "sga": 110714000,
      "fcf": -218881000,
      "ocf": -209396000,
      "capex": -9485000,
      "gross_margin": null,
      "op_margin": -0.5447258382642998,
      "fcf_margin": -0.8634358974358974,
      "incr_op_margin_yoy": -1.2000703070072651,
      "rev_growth_yoy": 0.20239055162927477,
      "rev_growth_yoy_accel": -0.08037385438479244,
      "fcf_margin_change": -0.4751018611316413
    },
    {
      "date": "2023-06-30T00:00:00",
      "quarter_label": "2023-06 (Q2)",
      "revenue": 261238000,
      "gross_profit": null,
      "operating_income": -133519000,
      "net_income": -23940000,
      "opex": 394757000,
      "cogs": null,
      "rd": null,
      "sga": 118564000,
      "fcf": -140143000,
      "ocf": -122234000,
      "capex": -17909000,
      "gross_margin": null,
      "op_margin": -0.5111009883707577,
      "fcf_margin": -0.5364571769803781,
      "incr_op_margin_yoy": 2.796764080573673,
      "rev_growth_yoy": 0.11885458291039758,
      "rev_growth_yoy_accel": -0.0835359687188772,
      "op_leverage_ratio": 3.771880257648833,
      "fcf_margin_change": 0.32697872045551934
    },
    {
      "date": "2023-09-30T00:00:00",
      "quarter_label": "2023-09 (Q3)",
      "revenue": 331817000,
      "gross_profit": null,
      "operating_income": -20842000,
      "net_income": -40937000,
      "opex": 352659000,
      "cogs": null,
      "rd": null,
      "sga": 120893000,
      "fcf": -144379000,
      "ocf": -114706000,
      "capex": -29673000,
      "gross_margin": null,
      "op_margin": -0.06281173056232803,
      "fcf_margin": -0.43511634424999324,
      "incr_op_margin_yoy": 1.0882833733800765,
      "rev_growth_yoy": 0.4409972684121614,
      "rev_growth_yoy_accel": 0.32214268550176384,
      "op_leverage_ratio": Infinity,
      "fcf_margin_change": 0.10134083273038486
    },
    {
      "date": "2023-12-31T00:00:00",
      "quarter_label": "2023-12 (Q4)",
      "revenue": 396781000,
      "gross_profit": null,
      "operating_income": 24625000,
      "net_income": 45655000,
      "opex": 372156000,
      "cogs": null,
      "rd": null,
      "sga": 131700000,
      "fcf": -73696000,
      "ocf": -54657000,
      "capex": -19039000,
      "gross_margin": null,
      "op_margin": 0.062061943490237685,
      "fcf_margin": -0.1857346999982358,
      "incr_op_margin_yoy": 0.9501568440377582,
      "rev_growth_yoy": 0.5353697562561187,
      "rev_growth_yoy_accel": 0.0943724878439573,
      "op_leverage_ratio": 3.541288468187469,
      "fcf_margin_change": 0.24938164425175743
    },
    {
      "date": "2024-03-31T00:00:00",
      "quarter_label": "2024-03 (Q1)",
      "revenue": 413464000,
      "gross_profit": null,
      "operating_income": 34905000,
      "net_income": 36119000,
      "opex": 378559000,
      "cogs": null,
      "rd": null,
      "sga": 127003000,
      "fcf": -274520000,
      "ocf": -242076000,
      "capex": -32444000,
      "gross_margin": null,
      "op_margin": 0.08442089275003387,
      "fcf_margin": -0.6639513960102935,
      "incr_op_margin_yoy": 1.0814495761546348,
      "rev_growth_yoy": 0.6310216962524655,
      "rev_growth_yoy_accel": 0.0956519399963468,
      "op_leverage_ratio": 2.443795189247597,
      "fcf_margin_change": -0.47821669601205774
    },
    {
      "date": "2024-06-30T00:00:00",
      "quarter_label": "2024-06 (Q2)",
      "revenue": 362931000,
      "gross_profit": null,
      "operating_income": -701000,
      "net_income": 6460000,
      "opex": 363632000,
      "cogs": null,
      "rd": null,
      "sga": 138796000,
      "fcf": -14225000,
      "ocf": 14942000,
      "capex": -29167000,
      "gross_margin": null,
      "op_margin": -0.00193149662056975,
      "fcf_margin": -0.03919477807076276,
      "incr_op_margin_yoy": 1.306068264285644,
      "rev_growth_yoy": 0.38927338289222857,
      "rev_growth_yoy_accel": -0.24174831336023694,
      "fcf_margin_change": 0.6247566179395307
    },
    {
      "date": "2024-09-30T00:00:00",
      "quarter_label": "2024-09 (Q3)",
      "revenue": 467172000,
      "gross_profit": null,
      "operating_income": 22196000,
      "net_income": 33611000,
      "opex": 444976000,
      "cogs": null,
      "rd": null,
      "sga": 128200000,
      "fcf": -107962000,
      "ocf": -70699000,
      "capex": -37263000,
      "gross_margin": null,
      "op_margin": 0.04751140907417396,
      "fcf_margin": -0.23109689793052665,
      "incr_op_margin_yoy": 0.3179638727789886,
      "rev_growth_yoy": 0.40792063095019243,
      "rev_growth_yoy_accel": 0.01864724805796386,
      "op_leverage_ratio": 1.2839587571206825,
      "fcf_margin_change": -0.19190211985976388
    },
    {
      "date": "2024-12-31T00:00:00",
      "quarter_label": "2024-12 (Q4)",
      "revenue": 658412000,
      "gross_profit": null,
      "operating_income": 161681000,
      "net_income": 159049000,
      "opex": 496731000,
      "cogs": null,
      "rd": null,
      "sga": 163873000,
      "fcf": 53964000,
      "ocf": 92046000,
      "capex": -38082000,
      "gross_margin": null,
      "op_margin": 0.2455620492943628,
      "fcf_margin": 0.08196083910985827,
      "incr_op_margin_yoy": 0.5238522957906364,
      "rev_growth_yoy": 0.6593838918698224,
      "rev_growth_yoy_accel": 0.25146326091962995,
      "op_leverage_ratio": 3.5195424235079695,
      "fcf_margin_change": 0.3130577370403849
    },
    {
      "date": "2025-03-31T00:00:00",
      "quarter_label": "2025-03 (Q1)",
      "revenue": 744856000,
      "gross_profit": null,
      "operating_income": -300386000,
      "net_income": -447508000,
      "opex": 1045242000,
      "cogs": null,
      "rd": null,
      "sga": 133629000,
      "fcf": -627088000,
      "ocf": -583437000,
      "capex": -43651000,
      "gross_margin": null,
      "op_margin": -0.4032806341091432,
      "fcf_margin": -0.8418915870987144,
      "incr_op_margin_yoy": -1.011765522402472,
      "rev_growth_yoy": 0.8015014608285123,
      "rev_growth_yoy_accel": 0.14211756895868988,
      "op_leverage_ratio": 0.1188975867590588,
      "fcf_margin_change": -0.9238524262085727
    },
    {
      "date": "2025-06-30T00:00:00",
      "quarter_label": "2025-06 (Q2)",
      "revenue": 611091000,
      "gross_profit": null,
      "operating_income": 115577000,
      "net_income": 196892000,
      "opex": 495514000,
      "cogs": null,
      "rd": null,
      "sga": 137897000,
      "fcf": 229541000,
      "ocf": 261337000,
      "capex": -31796000,
      "gross_margin": null,
      "op_margin": 0.18913222416955902,
      "fcf_margin": 0.3756249069287553,
      "incr_op_margin_yoy": 0.46856060606060607,
      "rev_growth_yoy": 0.6837663357497706,
      "rev_growth_yoy_accel": -0.11773512507874162,
      "fcf_margin_change": 1.2175164940274696
    },
    {
      "date": "2025-09-30T00:00:00",
      "quarter_label": "2025-09 (Q3)",
      "revenue": 399356000,
      "gross_profit": null,
      "operating_income": -103389000,
      "net_income": -179947000,
      "opex": 502745000,
      "cogs": null,
      "rd": null,
      "sga": 91893000,
      "fcf": -37519000,
      "ocf": -14585000,
      "capex": -22934000,
      "gross_margin": null,
      "op_margin": -0.2588893117919851,
      "fcf_margin": -0.09394875749957432,
      "incr_op_margin_yoy": 1.8518491211513508,
      "rev_growth_yoy": -0.1451628094149478,
      "rev_growth_yoy_accel": -0.8289291451647185,
      "fcf_margin_change": -0.4695736644283296
    }
  ],
  "signals": [
    {
      "quarter": "2025-09 (Q3)",
      "signal": "YoY REVENUE GROWTH DECELERATION",
      "detail": "YoY growth: -14.5% vs prior quarter YoY: +68.4% (decel: -82.9%)",
      "severity": "WARNING"
    },
    {
      "quarter": "2025-06 (Q2)",
      "signal": "FCF TURNED POSITIVE",
      "detail": "FCF margin: -84.2% -> +37.6%",
      "severity": "HIGH"
    },
    {
      "quarter": "2025-06 (Q2)",
      "signal": "YoY REVENUE GROWTH DECELERATION",
      "detail": "YoY growth: +68.4% vs prior quarter YoY: +80.2% (decel: -11.8%)",
      "severity": "WARNING"
    },
    {
      "quarter": "2025-06 (Q2)",
      "signal": "OP MARGIN TURNED POSITIVE (YoY)",
      "detail": "Op margin: -0.2% (year-ago) -> +18.9%",
      "severity": "HIGH"
    },
    {
      "quarter": "2025-06 (Q2)",
      "signal": "OP MARGIN TURNED POSITIVE (QoQ)",
      "detail": "Op margin: -40.3% -> +18.9%",
      "severity": "HIGH"
    },
    {
      "quarter": "2025-03 (Q1)",
      "signal": "YoY REVENUE GROWTH ACCELERATION",
      "detail": "YoY growth: +80.2% vs prior quarter YoY: +65.9% (accel: +14.2%)",
      "severity": "MEDIUM"
    },
    {
      "quarter": "2024-12 (Q4)",
      "signal": "FCF TURNED POSITIVE",
      "detail": "FCF margin: -23.1% -> +8.2%",
      "severity": "HIGH"
    },
    {
      "quarter": "2024-12 (Q4)",
      "signal": "OPERATING LEVERAGE",
      "detail": "Rev growth +40.9% vs OpEx growth +11.6% (leverage: 3.5x)",
      "severity": "MEDIUM"
    },
    {
      "quarter": "2024-12 (Q4)",
      "signal": "YoY REVENUE GROWTH ACCELERATION",
      "detail": "YoY growth: +65.9% vs prior quarter YoY: +40.8% (accel: +25.1%)",
      "severity": "HIGH"
    },
    {
      "quarter": "2024-12 (Q4)",
      "signal": "INCREMENTAL MARGIN (YoY)",
      "detail": "YoY Incr OPM: +52.4% vs year-ago OPM: +6.2%",
      "severity": "HIGH"
    },
    {
      "quarter": "2024-09 (Q3)",
      "signal": "OP MARGIN TURNED POSITIVE (YoY)",
      "detail": "Op margin: -6.3% (year-ago) -> +4.8%",
      "severity": "HIGH"
    },
    {
      "quarter": "2024-09 (Q3)",
      "signal": "OP MARGIN TURNED POSITIVE (QoQ)",
      "detail": "Op margin: -0.2% -> +4.8%",
      "severity": "HIGH"
    },
    {
      "quarter": "2024-06 (Q2)",
      "signal": "FCF MARGIN EXPANSION",
      "detail": "FCF margin: -66.4% -> -3.9% (+62.5%)",
      "severity": "MEDIUM"
    },
    {
      "quarter": "2024-06 (Q2)",
      "signal": "YoY REVENUE GROWTH DECELERATION",
      "detail": "YoY growth: +38.9% vs prior quarter YoY: +63.1% (decel: -24.2%)",
      "severity": "WARNING"
    },
    {
      "quarter": "2024-03 (Q1)",
      "signal": "OPERATING LEVERAGE",
      "detail": "Rev growth +4.2% vs OpEx growth +1.7% (leverage: 2.4x)",
      "severity": "MEDIUM"
    },
    {
      "quarter": "2024-03 (Q1)",
      "signal": "YoY REVENUE GROWTH ACCELERATION",
      "detail": "YoY growth: +63.1% vs prior quarter YoY: +53.5% (accel: +9.6%)",
      "severity": "MEDIUM"
    },
    {
      "quarter": "2024-03 (Q1)",
      "signal": "OP MARGIN TURNED POSITIVE (YoY)",
      "detail": "Op margin: -54.5% (year-ago) -> +8.4%",
      "severity": "HIGH"
    },
    {
      "quarter": "2023-12 (Q4)",
      "signal": "FCF MARGIN EXPANSION",
      "detail": "FCF margin: -43.5% -> -18.6% (+24.9%)",
      "severity": "MEDIUM"
    },
    {
      "quarter": "2023-12 (Q4)",
      "signal": "OPERATING LEVERAGE",
      "detail": "Rev growth +19.6% vs OpEx growth +5.5% (leverage: 3.5x)",
      "severity": "MEDIUM"
    },
    {
      "quarter": "2023-12 (Q4)",
      "signal": "YoY REVENUE GROWTH ACCELERATION",
      "detail": "YoY growth: +53.5% vs prior quarter YoY: +44.1% (accel: +9.4%)",
      "severity": "MEDIUM"
    },
    {
      "quarter": "2023-12 (Q4)",
      "signal": "OP MARGIN TURNED POSITIVE (YoY)",
      "detail": "Op margin: -41.3% (year-ago) -> +6.2%",
      "severity": "HIGH"
    },
    {
      "quarter": "2023-12 (Q4)",
      "signal": "OP MARGIN TURNED POSITIVE (QoQ)",
      "detail": "Op margin: -6.3% -> +6.2%",
      "severity": "HIGH"
    },
    {
      "quarter": "2023-09 (Q3)",
      "signal": "FCF MARGIN EXPANSION",
      "detail": "FCF margin: -53.6% -> -43.5% (+10.1%)",
      "severity": "MEDIUM"
    },
    {
      "quarter": "2023-09 (Q3)",
      "signal": "YoY REVENUE GROWTH ACCELERATION",
      "detail": "YoY growth: +44.1% vs prior quarter YoY: +11.9% (accel: +32.2%)",
      "severity": "HIGH"
    },
    {
      "quarter": "2023-06 (Q2)",
      "signal": "FCF MARGIN EXPANSION",
      "detail": "FCF margin: -86.3% -> -53.6% (+32.7%)",
      "severity": "MEDIUM"
    },
    {
      "quarter": "2023-06 (Q2)",
      "signal": "OPERATING LEVERAGE",
      "detail": "Rev growth +3.1% vs OpEx growth +0.8% (leverage: 3.8x)",
      "severity": "MEDIUM"
    },
    {
      "quarter": "2023-06 (Q2)",
      "signal": "YoY REVENUE GROWTH DECELERATION",
      "detail": "YoY growth: +11.9% vs prior quarter YoY: +20.2% (decel: -8.4%)",
      "severity": "WARNING"
    },
    {
      "quarter": "2023-03 (Q1)",
      "signal": "YoY REVENUE GROWTH DECELERATION",
      "detail": "YoY growth: +20.2% vs prior quarter YoY: +28.3% (decel: -8.0%)",
      "severity": "WARNING"
    },
    {
      "quarter": "2022-12 (Q4)",
      "signal": "OPERATING LEVERAGE",
      "detail": "Rev growth +12.2% vs OpEx growth +1.0% (leverage: 12.2x)",
      "severity": "MEDIUM"
    },
    {
      "quarter": "2022-12 (Q4)",
      "signal": "YoY REVENUE GROWTH ACCELERATION",
      "detail": "YoY growth: +28.3% vs prior quarter YoY: +21.6% (accel: +6.7%)",
      "severity": "MEDIUM"
    },
    {
      "quarter": "2022-09 (Q3)",
      "signal": "YoY REVENUE GROWTH DECELERATION",
      "detail": "YoY growth: +21.6% vs prior quarter YoY: +42.3% (decel: -20.7%)",
      "severity": "WARNING"
    },
    {
      "quarter": "2022-06 (Q2)",
      "signal": "FCF MARGIN EXPANSION",
      "detail": "FCF margin: -50.6% -> -32.5% (+18.1%)",
      "severity": "MEDIUM"
    },
    {
      "quarter": "2021-12 (Q4)",
      "signal": "FCF MARGIN EXPANSION",
      "detail": "FCF margin: -70.5% -> -15.7% (+54.9%)",
      "severity": "MEDIUM"
    },
    {
      "quarter": "2021-06 (Q2)",
      "signal": "FCF MARGIN EXPANSION",
      "detail": "FCF margin: -137.2% -> -70.1% (+67.0%)",
      "severity": "MEDIUM"
    }
  ],
  "data_quality": {
    "n_quarters": 20,
    "coverage": {
      "revenue": [
        20,
        20
      ],
      "gross_profit": [
        0,
        20
      ],
      "op_income": [
        20,
        20
      ],
      "fcf": [
        20,
        20
      ]
    },
    "gaps": [],
    "warnings": [
      "gross_profit: no data"
    ]
  },
  "market_cap": null,
  "source": "SEC EDGAR",
  "last_updated": "2026-02-02T21:31:42.820537"
}