{
  "ticker": "SRRK",
  "name": "Scholar Rock Holding Corporation",
  "quarters": [
    {
      "date": "2017-06-30T00:00:00",
      "quarter_label": "2017-06 (Q2)",
      "revenue": 0,
      "gross_profit": null,
      "operating_income": null,
      "net_income": null,
      "opex": null,
      "cogs": null,
      "rd": null,
      "sga": null,
      "fcf": null,
      "ocf": null,
      "capex": null,
      "gross_margin": null,
      "op_margin": null,
      "fcf_margin": null
    },
    {
      "date": "2017-09-30T00:00:00",
      "quarter_label": "2017-09 (Q3)",
      "revenue": 0,
      "gross_profit": null,
      "operating_income": null,
      "net_income": null,
      "opex": null,
      "cogs": null,
      "rd": null,
      "sga": null,
      "fcf": null,
      "ocf": null,
      "capex": null,
      "gross_margin": null,
      "op_margin": null,
      "fcf_margin": null
    },
    {
      "date": "2018-06-30T00:00:00",
      "quarter_label": "2018-06 (Q2)",
      "revenue": 0,
      "gross_profit": null,
      "operating_income": null,
      "net_income": null,
      "opex": null,
      "cogs": null,
      "rd": null,
      "sga": null,
      "fcf": null,
      "ocf": null,
      "capex": null,
      "gross_margin": null,
      "op_margin": null,
      "fcf_margin": null
    },
    {
      "date": "2018-09-30T00:00:00",
      "quarter_label": "2018-09 (Q3)",
      "revenue": 0,
      "gross_profit": null,
      "operating_income": null,
      "net_income": null,
      "opex": null,
      "cogs": null,
      "rd": null,
      "sga": null,
      "fcf": null,
      "ocf": null,
      "capex": null,
      "gross_margin": null,
      "op_margin": null,
      "fcf_margin": null
    },
    {
      "date": "2018-12-31T00:00:00",
      "quarter_label": "2018-12 (Q4)",
      "revenue": 0,
      "gross_profit": null,
      "operating_income": null,
      "net_income": null,
      "opex": null,
      "cogs": null,
      "rd": null,
      "sga": null,
      "fcf": null,
      "ocf": null,
      "capex": null,
      "gross_margin": null,
      "op_margin": null,
      "fcf_margin": null
    },
    {
      "date": "2019-03-31T00:00:00",
      "quarter_label": "2019-03 (Q1)",
      "revenue": 3106000,
      "gross_profit": null,
      "operating_income": null,
      "net_income": null,
      "opex": null,
      "cogs": null,
      "rd": null,
      "sga": null,
      "fcf": null,
      "ocf": null,
      "capex": null,
      "gross_margin": null,
      "op_margin": null,
      "fcf_margin": null
    },
    {
      "date": "2019-06-30T00:00:00",
      "quarter_label": "2019-06 (Q2)",
      "revenue": 5039000,
      "gross_profit": null,
      "operating_income": null,
      "net_income": null,
      "opex": null,
      "cogs": null,
      "rd": null,
      "sga": null,
      "fcf": null,
      "ocf": null,
      "capex": null,
      "gross_margin": null,
      "op_margin": null,
      "fcf_margin": null
    },
    {
      "date": "2019-09-30T00:00:00",
      "quarter_label": "2019-09 (Q3)",
      "revenue": 4774000,
      "gross_profit": null,
      "operating_income": null,
      "net_income": null,
      "opex": null,
      "cogs": null,
      "rd": null,
      "sga": null,
      "fcf": null,
      "ocf": null,
      "capex": null,
      "gross_margin": null,
      "op_margin": null,
      "fcf_margin": null
    },
    {
      "date": "2019-12-31T00:00:00",
      "quarter_label": "2019-12 (Q4)",
      "revenue": 7573000,
      "gross_profit": null,
      "operating_income": null,
      "net_income": null,
      "opex": null,
      "cogs": null,
      "rd": null,
      "sga": null,
      "fcf": null,
      "ocf": null,
      "capex": null,
      "gross_margin": null,
      "op_margin": null,
      "fcf_margin": null
    },
    {
      "date": "2020-03-31T00:00:00",
      "quarter_label": "2020-03 (Q1)",
      "revenue": 5030000,
      "gross_profit": null,
      "operating_income": null,
      "net_income": null,
      "opex": null,
      "cogs": null,
      "rd": null,
      "sga": null,
      "fcf": null,
      "ocf": null,
      "capex": null,
      "gross_margin": null,
      "op_margin": null,
      "fcf_margin": null,
      "rev_growth_yoy": 0.6194462330972311
    },
    {
      "date": "2020-06-30T00:00:00",
      "quarter_label": "2020-06 (Q2)",
      "revenue": 3900000,
      "gross_profit": null,
      "operating_income": null,
      "net_income": null,
      "opex": null,
      "cogs": null,
      "rd": null,
      "sga": null,
      "fcf": null,
      "ocf": null,
      "capex": null,
      "gross_margin": null,
      "op_margin": null,
      "fcf_margin": null,
      "rev_growth_yoy": -0.2260369120857313,
      "rev_growth_yoy_accel": -0.8454831451829624
    },
    {
      "date": "2020-09-30T00:00:00",
      "quarter_label": "2020-09 (Q3)",
      "revenue": 3037000,
      "gross_profit": null,
      "operating_income": null,
      "net_income": null,
      "opex": null,
      "cogs": null,
      "rd": null,
      "sga": null,
      "fcf": null,
      "ocf": null,
      "capex": null,
      "gross_margin": null,
      "op_margin": null,
      "fcf_margin": null,
      "rev_growth_yoy": -0.36384583158776707,
      "rev_growth_yoy_accel": -0.13780891950203578
    },
    {
      "date": "2020-12-31T00:00:00",
      "quarter_label": "2020-12 (Q4)",
      "revenue": 3436000,
      "gross_profit": null,
      "operating_income": -26104000,
      "net_income": -26571000,
      "opex": 29540000,
      "cogs": null,
      "rd": 21780000,
      "sga": null,
      "fcf": -21659000,
      "ocf": -19685000,
      "capex": -1974000,
      "gross_margin": null,
      "op_margin": -7.59720605355064,
      "fcf_margin": -6.303550640279394,
      "rev_growth_yoy": -0.5462828469562921,
      "rev_growth_yoy_accel": -0.18243701536852508
    },
    {
      "date": "2021-03-31T00:00:00",
      "quarter_label": "2021-03 (Q1)",
      "revenue": 4708000,
      "gross_profit": null,
      "operating_income": -27207000,
      "net_income": -27671000,
      "opex": 31915000,
      "cogs": null,
      "rd": 22549000,
      "sga": null,
      "fcf": -28856000,
      "ocf": -26544000,
      "capex": -2312000,
      "gross_margin": null,
      "op_margin": -5.778887000849617,
      "fcf_margin": -6.129141886151232,
      "rev_growth_yoy": -0.06401590457256462,
      "rev_growth_yoy_accel": 0.4822669423837275,
      "op_leverage_ratio": 4.60448256847007,
      "fcf_margin_change": 0.17440875412816226
    },
    {
      "date": "2021-06-30T00:00:00",
      "quarter_label": "2021-06 (Q2)",
      "revenue": 4595000,
      "gross_profit": null,
      "operating_income": -30273000,
      "net_income": -30707000,
      "opex": 34868000,
      "cogs": null,
      "rd": 25603000,
      "sga": null,
      "fcf": -32796000,
      "ocf": -31813000,
      "capex": -983000,
      "gross_margin": null,
      "op_margin": -6.588248095756256,
      "fcf_margin": -7.137323177366703,
      "rev_growth_yoy": 0.1782051282051282,
      "rev_growth_yoy_accel": 0.24222103277769283,
      "fcf_margin_change": -1.0081812912154708
    },
    {
      "date": "2021-09-30T00:00:00",
      "quarter_label": "2021-09 (Q3)",
      "revenue": 5464000,
      "gross_profit": null,
      "operating_income": -37077000,
      "net_income": -37507000,
      "opex": 42541000,
      "cogs": null,
      "rd": 31265000,
      "sga": null,
      "fcf": -37388000,
      "ocf": -35977000,
      "capex": -1411000,
      "gross_margin": null,
      "op_margin": -6.785688140556369,
      "fcf_margin": -6.842606149341142,
      "rev_growth_yoy": 0.799143891998683,
      "rev_growth_yoy_accel": 0.6209387637935547,
      "op_leverage_ratio": 0.8594014851051984,
      "fcf_margin_change": 0.2947170280255609
    },
    {
      "date": "2021-12-31T00:00:00",
      "quarter_label": "2021-12 (Q4)",
      "revenue": 4049000,
      "gross_profit": null,
      "operating_income": -35364000,
      "net_income": -35914000,
      "opex": 39413000,
      "cogs": null,
      "rd": 29051000,
      "sga": null,
      "fcf": -32997000,
      "ocf": -32455000,
      "capex": -542000,
      "gross_margin": null,
      "op_margin": -8.734008397135096,
      "fcf_margin": -8.149419609780193,
      "rev_growth_yoy": 0.17840512223515717,
      "rev_growth_yoy_accel": -0.6207387697635258,
      "fcf_margin_change": -1.3068134604390504
    },
    {
      "date": "2022-03-31T00:00:00",
      "quarter_label": "2022-03 (Q1)",
      "revenue": 33193000,
      "gross_profit": null,
      "operating_income": -6933000,
      "net_income": -7950000,
      "opex": 40126000,
      "cogs": null,
      "rd": 29366000,
      "sga": null,
      "fcf": -43008000,
      "ocf": -42565000,
      "capex": -443000,
      "gross_margin": null,
      "op_margin": -0.20886933992106768,
      "fcf_margin": -1.2956948754255415,
      "incr_op_margin_yoy": 0.7117430226434965,
      "rev_growth_yoy": 6.050339847068819,
      "rev_growth_yoy_accel": 5.871934724833662,
      "op_leverage_ratio": 397.87929975610825,
      "fcf_margin_change": 6.8537247343546515
    },
    {
      "date": "2022-12-31T00:00:00",
      "quarter_label": "2022-12 (Q4)",
      "revenue": 0,
      "gross_profit": null,
      "operating_income": -40428000,
      "net_income": -39255000,
      "opex": 40428000,
      "cogs": null,
      "rd": 29613000,
      "sga": null,
      "fcf": -29024000,
      "ocf": -28907000,
      "capex": -117000,
      "gross_margin": null,
      "op_margin": null,
      "fcf_margin": null,
      "incr_op_margin_yoy": 1.2506791800444554,
      "rev_growth_yoy": -1.0,
      "rev_growth_yoy_accel": -7.050339847068819
    }
  ],
  "signals": [
    {
      "quarter": "2022-12 (Q4)",
      "signal": "YoY REVENUE GROWTH DECELERATION",
      "detail": "YoY growth: -100.0% vs prior quarter YoY: +605.0% (decel: -705.0%)",
      "severity": "WARNING"
    },
    {
      "quarter": "2022-03 (Q1)",
      "signal": "FCF MARGIN EXPANSION",
      "detail": "FCF margin: -814.9% -> -129.6% (+685.4%)",
      "severity": "MEDIUM"
    },
    {
      "quarter": "2022-03 (Q1)",
      "signal": "OPERATING LEVERAGE",
      "detail": "Rev growth +719.8% vs OpEx growth +1.8% (leverage: 397.9x)",
      "severity": "MEDIUM"
    },
    {
      "quarter": "2022-03 (Q1)",
      "signal": "YoY REVENUE GROWTH ACCELERATION",
      "detail": "YoY growth: +605.0% vs prior quarter YoY: +17.8% (accel: +587.2%)",
      "severity": "HIGH"
    },
    {
      "quarter": "2021-12 (Q4)",
      "signal": "YoY REVENUE GROWTH DECELERATION",
      "detail": "YoY growth: +17.8% vs prior quarter YoY: +79.9% (decel: -62.1%)",
      "severity": "WARNING"
    },
    {
      "quarter": "2021-09 (Q3)",
      "signal": "FCF MARGIN EXPANSION",
      "detail": "FCF margin: -713.7% -> -684.3% (+29.5%)",
      "severity": "MEDIUM"
    },
    {
      "quarter": "2021-09 (Q3)",
      "signal": "YoY REVENUE GROWTH ACCELERATION",
      "detail": "YoY growth: +79.9% vs prior quarter YoY: +17.8% (accel: +62.1%)",
      "severity": "HIGH"
    },
    {
      "quarter": "2021-06 (Q2)",
      "signal": "YoY REVENUE GROWTH ACCELERATION",
      "detail": "YoY growth: +17.8% vs prior quarter YoY: -6.4% (accel: +24.2%)",
      "severity": "HIGH"
    },
    {
      "quarter": "2021-03 (Q1)",
      "signal": "FCF MARGIN EXPANSION",
      "detail": "FCF margin: -630.4% -> -612.9% (+17.4%)",
      "severity": "MEDIUM"
    },
    {
      "quarter": "2021-03 (Q1)",
      "signal": "OPERATING LEVERAGE",
      "detail": "Rev growth +37.0% vs OpEx growth +8.0% (leverage: 4.6x)",
      "severity": "MEDIUM"
    },
    {
      "quarter": "2021-03 (Q1)",
      "signal": "YoY REVENUE GROWTH ACCELERATION",
      "detail": "YoY growth: -6.4% vs prior quarter YoY: -54.6% (accel: +48.2%)",
      "severity": "HIGH"
    },
    {
      "quarter": "2020-12 (Q4)",
      "signal": "YoY REVENUE GROWTH DECELERATION",
      "detail": "YoY growth: -54.6% vs prior quarter YoY: -36.4% (decel: -18.2%)",
      "severity": "WARNING"
    },
    {
      "quarter": "2020-09 (Q3)",
      "signal": "YoY REVENUE GROWTH DECELERATION",
      "detail": "YoY growth: -36.4% vs prior quarter YoY: -22.6% (decel: -13.8%)",
      "severity": "WARNING"
    },
    {
      "quarter": "2020-06 (Q2)",
      "signal": "YoY REVENUE GROWTH DECELERATION",
      "detail": "YoY growth: -22.6% vs prior quarter YoY: +61.9% (decel: -84.5%)",
      "severity": "WARNING"
    }
  ],
  "data_quality": {
    "n_quarters": 19,
    "coverage": {
      "revenue": [
        19,
        19
      ],
      "gross_profit": [
        0,
        19
      ],
      "op_income": [
        7,
        19
      ],
      "fcf": [
        7,
        19
      ]
    },
    "gaps": [
      [
        "2017-09 (Q3)",
        "2018-06 (Q2)",
        273
      ],
      [
        "2022-03 (Q1)",
        "2022-12 (Q4)",
        275
      ]
    ],
    "warnings": [
      "gross_profit: no data",
      "op_income: 7/19Q",
      "fcf: 7/19Q",
      "gap: 2Q missing between 2017-09 (Q3) and 2018-06 (Q2)",
      "gap: 2Q missing between 2022-03 (Q1) and 2022-12 (Q4)"
    ]
  },
  "market_cap": null,
  "source": "SEC EDGAR",
  "last_updated": "2026-02-02T21:09:17.094228"
}