{
  "ticker": "SSP",
  "name": "THE E.W. SCRIPPS COMPANY",
  "quarters": [
    {
      "date": "2020-12-31T00:00:00",
      "quarter_label": "2020-12 (Q4)",
      "revenue": 591110000,
      "gross_profit": null,
      "operating_income": 173781000,
      "net_income": null,
      "opex": 417329000,
      "cogs": null,
      "rd": null,
      "sga": null,
      "fcf": 110732000,
      "ocf": 117595000,
      "capex": -6863000,
      "gross_margin": null,
      "op_margin": 0.2939909661484326,
      "fcf_margin": 0.18732892355060818
    },
    {
      "date": "2021-03-31T00:00:00",
      "quarter_label": "2021-03 (Q1)",
      "revenue": 540921000,
      "gross_profit": null,
      "operating_income": 57218000,
      "net_income": null,
      "opex": 483703000,
      "cogs": null,
      "rd": null,
      "sga": null,
      "fcf": 45955000,
      "ocf": 50094000,
      "capex": -4139000,
      "gross_margin": null,
      "op_margin": 0.1057788475581462,
      "fcf_margin": 0.08495695304859674,
      "fcf_margin_change": -0.10237197050201144
    },
    {
      "date": "2021-06-30T00:00:00",
      "quarter_label": "2021-06 (Q2)",
      "revenue": 565077000,
      "gross_profit": null,
      "operating_income": 104255000,
      "net_income": null,
      "opex": 460822000,
      "cogs": null,
      "rd": null,
      "sga": null,
      "fcf": 16304000,
      "ocf": 40149000,
      "capex": -23845000,
      "gross_margin": null,
      "op_margin": 0.18449698005758508,
      "fcf_margin": 0.02885270502958004,
      "op_leverage_ratio": Infinity,
      "fcf_margin_change": -0.0561042480190167
    },
    {
      "date": "2021-09-30T00:00:00",
      "quarter_label": "2021-09 (Q3)",
      "revenue": 555243000,
      "gross_profit": null,
      "operating_income": 115623000,
      "net_income": null,
      "opex": 439620000,
      "cogs": null,
      "rd": null,
      "sga": null,
      "fcf": 49267000,
      "ocf": 66309000,
      "capex": -17042000,
      "gross_margin": null,
      "op_margin": 0.2082385550110492,
      "fcf_margin": 0.0887305197904341,
      "fcf_margin_change": 0.05987781476085406
    },
    {
      "date": "2021-12-31T00:00:00",
      "quarter_label": "2021-12 (Q4)",
      "revenue": 622291000,
      "gross_profit": null,
      "operating_income": 123649000,
      "net_income": null,
      "opex": 498642000,
      "cogs": null,
      "rd": null,
      "sga": null,
      "fcf": 64730000,
      "ocf": 80448000,
      "capex": -15718000,
      "gross_margin": null,
      "op_margin": 0.19869964373580848,
      "fcf_margin": 0.10401885934394038,
      "incr_op_margin_yoy": -1.6077739649145313,
      "rev_growth_yoy": 0.05274991118404358,
      "op_leverage_ratio": 0.8994276941414925,
      "fcf_margin_change": 0.01528833955350628
    },
    {
      "date": "2022-03-31T00:00:00",
      "quarter_label": "2022-03 (Q1)",
      "revenue": 565706000,
      "gross_profit": null,
      "operating_income": 71277000,
      "net_income": null,
      "opex": 494429000,
      "cogs": null,
      "rd": null,
      "sga": null,
      "fcf": 24694000,
      "ocf": 37379000,
      "capex": -12685000,
      "gross_margin": null,
      "op_margin": 0.12599654237360042,
      "fcf_margin": 0.04365164944335043,
      "incr_op_margin_yoy": 0.5672382489408917,
      "rev_growth_yoy": 0.04581999959328627,
      "rev_growth_yoy_accel": -0.006929911590757315,
      "fcf_margin_change": -0.06036720990058995
    },
    {
      "date": "2022-06-30T00:00:00",
      "quarter_label": "2022-06 (Q2)",
      "revenue": 594467000,
      "gross_profit": null,
      "operating_income": 88979000,
      "net_income": null,
      "opex": 505488000,
      "cogs": null,
      "rd": null,
      "sga": null,
      "fcf": 54435000,
      "ocf": 69206000,
      "capex": -14771000,
      "gross_margin": null,
      "op_margin": 0.1496786196710667,
      "fcf_margin": 0.09156942269293333,
      "incr_op_margin_yoy": -0.5197686287853012,
      "rev_growth_yoy": 0.05201061094328738,
      "rev_growth_yoy_accel": 0.00619061135000111,
      "op_leverage_ratio": 2.2730096251734224,
      "fcf_margin_change": 0.0479177732495829
    },
    {
      "date": "2022-09-30T00:00:00",
      "quarter_label": "2022-09 (Q3)",
      "revenue": 612101000,
      "gross_profit": null,
      "operating_income": 104031000,
      "net_income": null,
      "opex": 508070000,
      "cogs": null,
      "rd": null,
      "sga": null,
      "fcf": 81600000,
      "ocf": 89692000,
      "capex": -8092000,
      "gross_margin": null,
      "op_margin": 0.16995724561796174,
      "fcf_margin": 0.1333113326068737,
      "incr_op_margin_yoy": -0.20387632347251047,
      "rev_growth_yoy": 0.10240201137159766,
      "rev_growth_yoy_accel": 0.05039140042831028,
      "op_leverage_ratio": 5.807345941409919,
      "fcf_margin_change": 0.04174190991394036
    },
    {
      "date": "2022-12-31T00:00:00",
      "quarter_label": "2022-12 (Q4)",
      "revenue": 680941000,
      "gross_profit": null,
      "operating_income": 164057000,
      "net_income": null,
      "opex": 516884000,
      "cogs": null,
      "rd": null,
      "sga": null,
      "fcf": 104902000,
      "ocf": 115146000,
      "capex": -10244000,
      "gross_margin": null,
      "op_margin": 0.24092689381312038,
      "fcf_margin": 0.1540544628682955,
      "incr_op_margin_yoy": 0.6889684569479966,
      "rev_growth_yoy": 0.09424851074497301,
      "rev_growth_yoy_accel": -0.008153500626624649,
      "op_leverage_ratio": 6.482884412486897,
      "fcf_margin_change": 0.0207431302614218
    },
    {
      "date": "2023-03-31T00:00:00",
      "quarter_label": "2023-03 (Q1)",
      "revenue": 527778000,
      "gross_profit": null,
      "operating_income": 16482000,
      "net_income": null,
      "opex": 511296000,
      "cogs": null,
      "rd": null,
      "sga": null,
      "fcf": 7445000,
      "ocf": 15227000,
      "capex": -7782000,
      "gross_margin": null,
      "op_margin": 0.031229039482509692,
      "fcf_margin": 0.0141063098499748,
      "incr_op_margin_yoy": 1.4447110314279688,
      "rev_growth_yoy": -0.06704542642291225,
      "rev_growth_yoy_accel": -0.16129393716788526,
      "fcf_margin_change": -0.1399481530183207
    },
    {
      "date": "2023-06-30T00:00:00",
      "quarter_label": "2023-06 (Q2)",
      "revenue": 582836000,
      "gross_profit": null,
      "operating_income": -621228000,
      "net_income": null,
      "opex": 1204064000,
      "cogs": null,
      "rd": null,
      "sga": null,
      "fcf": -8367000,
      "ocf": 9678000,
      "capex": -18045000,
      "gross_margin": null,
      "op_margin": -1.0658710168898284,
      "fcf_margin": -0.014355667803636014,
      "incr_op_margin_yoy": 61.061559625139715,
      "rev_growth_yoy": -0.019565425835244007,
      "rev_growth_yoy_accel": 0.04748000058766824,
      "op_leverage_ratio": 0.07699344014759918,
      "fcf_margin_change": -0.028461977653610814
    },
    {
      "date": "2023-09-30T00:00:00",
      "quarter_label": "2023-09 (Q3)",
      "revenue": 566529000,
      "gross_profit": 245302000,
      "operating_income": 53094000,
      "net_income": null,
      "opex": 513435000,
      "cogs": 321227000,
      "rd": null,
      "sga": 147849000,
      "fcf": 6248000,
      "ocf": 24232000,
      "capex": -17984000,
      "gross_margin": 0.4329910737137905,
      "op_margin": 0.09371806209390869,
      "fcf_margin": 0.011028561644681915,
      "incr_op_margin_yoy": 1.1177257965417362,
      "rev_growth_yoy": -0.07445176531324078,
      "rev_growth_yoy_accel": -0.05488633947799677,
      "fcf_margin_change": 0.02538422944831793
    },
    {
      "date": "2023-12-31T00:00:00",
      "quarter_label": "2023-12 (Q4)",
      "revenue": 615769000,
      "gross_profit": 278956000,
      "operating_income": -201590000,
      "net_income": null,
      "opex": 817359000,
      "cogs": 336813000,
      "rd": null,
      "sga": 165772000,
      "fcf": 46651000,
      "ocf": 62467000,
      "capex": -15816000,
      "gross_margin": 0.4530205320501682,
      "op_margin": -0.327379260729267,
      "fcf_margin": 0.07576055306454206,
      "incr_op_margin_yoy": 5.610492235929541,
      "rev_growth_yoy": -0.09570873247461968,
      "rev_growth_yoy_accel": -0.021256967161378898,
      "op_leverage_ratio": 0.14683053204911733,
      "fcf_margin_change": 0.06473199141986015
    },
    {
      "date": "2024-03-31T00:00:00",
      "quarter_label": "2024-03 (Q1)",
      "revenue": 561464000,
      "gross_profit": 232931000,
      "operating_income": 43388000,
      "net_income": 1626000,
      "opex": 518076000,
      "cogs": 328533000,
      "rd": null,
      "sga": 145693000,
      "fcf": 23291000,
      "ocf": 45436000,
      "capex": -22145000,
      "gross_margin": 0.4148636421925537,
      "op_margin": 0.0772765484519043,
      "fcf_margin": 0.041482623997264295,
      "incr_op_margin_yoy": 0.7987294424983673,
      "rev_growth_yoy": 0.06382607838901963,
      "rev_growth_yoy_accel": 0.1595348108636393,
      "fcf_margin_change": -0.034277929067277765
    },
    {
      "date": "2024-06-30T00:00:00",
      "quarter_label": "2024-06 (Q2)",
      "revenue": 573629000,
      "gross_profit": 246522000,
      "operating_income": 55706000,
      "net_income": 1429000,
      "opex": 517923000,
      "cogs": 327107000,
      "rd": null,
      "sga": 151532000,
      "fcf": 2801000,
      "ocf": 26361000,
      "capex": -23560000,
      "gross_margin": 0.4297586070439256,
      "op_margin": 0.09711154770766471,
      "fcf_margin": 0.004882946991871052,
      "incr_op_margin_yoy": -73.52384055609862,
      "rev_growth_yoy": -0.015796896554090688,
      "rev_growth_yoy_accel": -0.07962297494311033,
      "op_leverage_ratio": Infinity,
      "fcf_margin_change": -0.036599677005393245
    },
    {
      "date": "2024-09-30T00:00:00",
      "quarter_label": "2024-09 (Q3)",
      "revenue": 646300000,
      "gross_profit": 328814000,
      "operating_income": 121780000,
      "net_income": 47776000,
      "opex": 524520000,
      "cogs": 317486000,
      "rd": null,
      "sga": 154781000,
      "fcf": 127439000,
      "ocf": 140592000,
      "capex": -13153000,
      "gross_margin": 0.5087637320129971,
      "op_margin": 0.18842642735571716,
      "fcf_margin": 0.19718242302336375,
      "incr_op_margin_yoy": 0.8610397262162941,
      "rev_growth_yoy": 0.14080656065267622,
      "rev_growth_yoy_accel": 0.1566034572067669,
      "op_leverage_ratio": 9.946006778313825,
      "fcf_margin_change": 0.1922994760314927
    },
    {
      "date": "2024-12-31T00:00:00",
      "quarter_label": "2024-12 (Q4)",
      "revenue": 728379000,
      "gross_profit": 380731000,
      "operating_income": 191617000,
      "net_income": null,
      "opex": 536762000,
      "cogs": 347648000,
      "rd": null,
      "sga": 154172000,
      "fcf": 146893000,
      "ocf": 153291000,
      "capex": -6398000,
      "gross_margin": 0.5227100177242892,
      "op_margin": 0.2630732077668357,
      "fcf_margin": 0.20167110803578905,
      "incr_op_margin_yoy": 3.4917591688127163,
      "rev_growth_yoy": 0.18287702044110699,
      "rev_growth_yoy_accel": 0.04207045978843077,
      "op_leverage_ratio": 5.441361482524922,
      "fcf_margin_change": 0.004488685012425303
    },
    {
      "date": "2025-03-31T00:00:00",
      "quarter_label": "2025-03 (Q1)",
      "revenue": 524393000,
      "gross_profit": 207240000,
      "operating_income": 27475000,
      "net_income": -3455000,
      "opex": 496918000,
      "cogs": 317153000,
      "rd": null,
      "sga": 137239000,
      "fcf": -8364000,
      "ocf": -3309000,
      "capex": -5055000,
      "gross_margin": 0.3951997833685804,
      "op_margin": 0.05239391067386483,
      "fcf_margin": -0.015949869658824584,
      "incr_op_margin_yoy": 0.4292573709908014,
      "rev_growth_yoy": -0.06602560449111608,
      "rev_growth_yoy_accel": -0.24890262493222307,
      "fcf_margin_change": -0.21762097769461364
    },
    {
      "date": "2025-06-30T00:00:00",
      "quarter_label": "2025-06 (Q2)",
      "revenue": 540080000,
      "gross_profit": 226391000,
      "operating_income": 76604000,
      "net_income": -35962000,
      "opex": 463476000,
      "cogs": 313689000,
      "rd": null,
      "sga": 143386000,
      "fcf": -22739000,
      "ocf": -10549000,
      "capex": -12190000,
      "gross_margin": 0.4191804917789957,
      "op_margin": 0.14183824618575025,
      "fcf_margin": -0.04210302177455192,
      "incr_op_margin_yoy": -0.6229097737637486,
      "rev_growth_yoy": -0.058485536819093874,
      "rev_growth_yoy_accel": 0.007540067672022206,
      "op_leverage_ratio": Infinity,
      "fcf_margin_change": -0.026153152115727336
    },
    {
      "date": "2025-09-30T00:00:00",
      "quarter_label": "2025-09 (Q3)",
      "revenue": 525854000,
      "gross_profit": 214541000,
      "operating_income": 37623000,
      "net_income": -32959000,
      "opex": 488231000,
      "cogs": 311313000,
      "rd": null,
      "sga": 137426000,
      "fcf": 6383000,
      "ocf": 21827000,
      "capex": -15444000,
      "gross_margin": 0.4079858667995299,
      "op_margin": 0.07154647487705713,
      "fcf_margin": 0.012138350188455351,
      "incr_op_margin_yoy": 0.6987114557561065,
      "rev_growth_yoy": -0.18636237041621537,
      "rev_growth_yoy_accel": -0.1278768335971215,
      "fcf_margin_change": 0.05424137196300727
    }
  ],
  "signals": [
    {
      "quarter": "2025-09 (Q3)",
      "signal": "FCF TURNED POSITIVE",
      "detail": "FCF margin: -4.2% -> +1.2%",
      "severity": "HIGH"
    },
    {
      "quarter": "2025-09 (Q3)",
      "signal": "YoY REVENUE GROWTH DECELERATION",
      "detail": "YoY growth: -18.6% vs prior quarter YoY: -5.8% (decel: -12.8%)",
      "severity": "WARNING"
    },
    {
      "quarter": "2025-09 (Q3)",
      "signal": "INCREMENTAL MARGIN (YoY)",
      "detail": "YoY Incr OPM: +69.9% vs year-ago OPM: +18.8%",
      "severity": "HIGH"
    },
    {
      "quarter": "2025-06 (Q2)",
      "signal": "GROSS MARGIN INFLECTION",
      "detail": "GM: +52.3% -> +39.5% -> +41.9% (reversal +2.4%)",
      "severity": "MEDIUM"
    },
    {
      "quarter": "2025-03 (Q1)",
      "signal": "YoY REVENUE GROWTH DECELERATION",
      "detail": "YoY growth: -6.6% vs prior quarter YoY: +18.3% (decel: -24.9%)",
      "severity": "WARNING"
    },
    {
      "quarter": "2025-03 (Q1)",
      "signal": "INCREMENTAL MARGIN (YoY)",
      "detail": "YoY Incr OPM: +42.9% vs year-ago OPM: +7.7%",
      "severity": "HIGH"
    },
    {
      "quarter": "2024-12 (Q4)",
      "signal": "OPERATING LEVERAGE",
      "detail": "Rev growth +12.7% vs OpEx growth +2.3% (leverage: 5.4x)",
      "severity": "MEDIUM"
    },
    {
      "quarter": "2024-12 (Q4)",
      "signal": "OP MARGIN TURNED POSITIVE (YoY)",
      "detail": "Op margin: -32.7% (year-ago) -> +26.3%",
      "severity": "HIGH"
    },
    {
      "quarter": "2024-09 (Q3)",
      "signal": "FCF MARGIN EXPANSION",
      "detail": "FCF margin: +0.5% -> +19.7% (+19.2%)",
      "severity": "MEDIUM"
    },
    {
      "quarter": "2024-09 (Q3)",
      "signal": "OPERATING LEVERAGE",
      "detail": "Rev growth +12.7% vs OpEx growth +1.3% (leverage: 9.9x)",
      "severity": "MEDIUM"
    },
    {
      "quarter": "2024-09 (Q3)",
      "signal": "YoY REVENUE GROWTH ACCELERATION",
      "detail": "YoY growth: +14.1% vs prior quarter YoY: -1.6% (accel: +15.7%)",
      "severity": "HIGH"
    },
    {
      "quarter": "2024-09 (Q3)",
      "signal": "INCREMENTAL MARGIN (YoY)",
      "detail": "YoY Incr OPM: +86.1% vs year-ago OPM: +9.4%",
      "severity": "HIGH"
    },
    {
      "quarter": "2024-06 (Q2)",
      "signal": "YoY REVENUE GROWTH DECELERATION",
      "detail": "YoY growth: -1.6% vs prior quarter YoY: +6.4% (decel: -8.0%)",
      "severity": "WARNING"
    },
    {
      "quarter": "2024-06 (Q2)",
      "signal": "OP MARGIN TURNED POSITIVE (YoY)",
      "detail": "Op margin: -106.6% (year-ago) -> +9.7%",
      "severity": "HIGH"
    },
    {
      "quarter": "2024-03 (Q1)",
      "signal": "YoY REVENUE GROWTH ACCELERATION",
      "detail": "YoY growth: +6.4% vs prior quarter YoY: -9.6% (accel: +16.0%)",
      "severity": "HIGH"
    },
    {
      "quarter": "2024-03 (Q1)",
      "signal": "INCREMENTAL MARGIN (YoY)",
      "detail": "YoY Incr OPM: +79.9% vs year-ago OPM: +3.1%",
      "severity": "HIGH"
    },
    {
      "quarter": "2024-03 (Q1)",
      "signal": "OP MARGIN TURNED POSITIVE (QoQ)",
      "detail": "Op margin: -32.7% -> +7.7%",
      "severity": "HIGH"
    },
    {
      "quarter": "2023-12 (Q4)",
      "signal": "FCF MARGIN EXPANSION",
      "detail": "FCF margin: +1.1% -> +7.6% (+6.5%)",
      "severity": "MEDIUM"
    },
    {
      "quarter": "2023-09 (Q3)",
      "signal": "FCF TURNED POSITIVE",
      "detail": "FCF margin: -1.4% -> +1.1%",
      "severity": "HIGH"
    },
    {
      "quarter": "2023-09 (Q3)",
      "signal": "YoY REVENUE GROWTH DECELERATION",
      "detail": "YoY growth: -7.4% vs prior quarter YoY: -2.0% (decel: -5.5%)",
      "severity": "WARNING"
    },
    {
      "quarter": "2023-09 (Q3)",
      "signal": "INCREMENTAL MARGIN (YoY)",
      "detail": "YoY Incr OPM: +111.8% vs year-ago OPM: +17.0%",
      "severity": "HIGH"
    },
    {
      "quarter": "2023-09 (Q3)",
      "signal": "OP MARGIN TURNED POSITIVE (QoQ)",
      "detail": "Op margin: -106.6% -> +9.4%",
      "severity": "HIGH"
    },
    {
      "quarter": "2023-03 (Q1)",
      "signal": "YoY REVENUE GROWTH DECELERATION",
      "detail": "YoY growth: -6.7% vs prior quarter YoY: +9.4% (decel: -16.1%)",
      "severity": "WARNING"
    },
    {
      "quarter": "2023-03 (Q1)",
      "signal": "INCREMENTAL MARGIN (YoY)",
      "detail": "YoY Incr OPM: +144.5% vs year-ago OPM: +12.6%",
      "severity": "HIGH"
    },
    {
      "quarter": "2022-12 (Q4)",
      "signal": "OPERATING LEVERAGE",
      "detail": "Rev growth +11.2% vs OpEx growth +1.7% (leverage: 6.5x)",
      "severity": "MEDIUM"
    },
    {
      "quarter": "2022-12 (Q4)",
      "signal": "INCREMENTAL MARGIN (YoY)",
      "detail": "YoY Incr OPM: +68.9% vs year-ago OPM: +19.9%",
      "severity": "HIGH"
    },
    {
      "quarter": "2022-09 (Q3)",
      "signal": "OPERATING LEVERAGE",
      "detail": "Rev growth +3.0% vs OpEx growth +0.5% (leverage: 5.8x)",
      "severity": "MEDIUM"
    },
    {
      "quarter": "2022-09 (Q3)",
      "signal": "YoY REVENUE GROWTH ACCELERATION",
      "detail": "YoY growth: +10.2% vs prior quarter YoY: +5.2% (accel: +5.0%)",
      "severity": "MEDIUM"
    },
    {
      "quarter": "2022-06 (Q2)",
      "signal": "OPERATING LEVERAGE",
      "detail": "Rev growth +5.1% vs OpEx growth +2.2% (leverage: 2.3x)",
      "severity": "MEDIUM"
    },
    {
      "quarter": "2022-03 (Q1)",
      "signal": "INCREMENTAL MARGIN (YoY)",
      "detail": "YoY Incr OPM: +56.7% vs year-ago OPM: +10.6%",
      "severity": "HIGH"
    },
    {
      "quarter": "2021-09 (Q3)",
      "signal": "FCF MARGIN EXPANSION",
      "detail": "FCF margin: +2.9% -> +8.9% (+6.0%)",
      "severity": "MEDIUM"
    }
  ],
  "data_quality": {
    "n_quarters": 20,
    "coverage": {
      "revenue": [
        20,
        20
      ],
      "gross_profit": [
        9,
        20
      ],
      "op_income": [
        20,
        20
      ],
      "fcf": [
        20,
        20
      ]
    },
    "gaps": [],
    "warnings": [
      "gross_profit: 9/20Q"
    ]
  },
  "market_cap": null,
  "source": "SEC EDGAR",
  "last_updated": "2026-02-02T22:45:39.197797"
}