{
  "ticker": "SSPFF",
  "name": "SIRIUSPOINT LTD.",
  "quarters": [
    {
      "date": "2020-12-31T00:00:00",
      "quarter_label": "2020-12 (Q4)",
      "revenue": 386813000,
      "gross_profit": null,
      "operating_income": null,
      "net_income": 134396000,
      "opex": null,
      "cogs": null,
      "rd": null,
      "sga": null,
      "fcf": 28000000,
      "ocf": 28000000,
      "capex": null,
      "gross_margin": null,
      "op_margin": null,
      "fcf_margin": 0.07238639859570387
    },
    {
      "date": "2021-03-31T00:00:00",
      "quarter_label": "2021-03 (Q1)",
      "revenue": 451100000,
      "gross_profit": null,
      "operating_income": null,
      "net_income": 132400000,
      "opex": null,
      "cogs": null,
      "rd": null,
      "sga": null,
      "fcf": -48800000,
      "ocf": -48800000,
      "capex": null,
      "gross_margin": null,
      "op_margin": null,
      "fcf_margin": -0.10818000443360674,
      "fcf_margin_change": -0.1805664030293106
    },
    {
      "date": "2021-06-30T00:00:00",
      "quarter_label": "2021-06 (Q2)",
      "revenue": 561500000,
      "gross_profit": null,
      "operating_income": null,
      "net_income": 68500000,
      "opex": null,
      "cogs": null,
      "rd": null,
      "sga": null,
      "fcf": 61200000,
      "ocf": 61200000,
      "capex": null,
      "gross_margin": null,
      "op_margin": null,
      "fcf_margin": 0.10899376669634907,
      "fcf_margin_change": 0.2171737711299558
    },
    {
      "date": "2021-09-30T00:00:00",
      "quarter_label": "2021-09 (Q3)",
      "revenue": 732600000,
      "gross_profit": null,
      "operating_income": null,
      "net_income": -44000000,
      "opex": null,
      "cogs": null,
      "rd": null,
      "sga": null,
      "fcf": 14200000,
      "ocf": 14200000,
      "capex": null,
      "gross_margin": null,
      "op_margin": null,
      "fcf_margin": 0.01938301938301938,
      "fcf_margin_change": -0.08961074731332969
    },
    {
      "date": "2021-12-31T00:00:00",
      "quarter_label": "2021-12 (Q4)",
      "revenue": 398000000,
      "gross_profit": null,
      "operating_income": null,
      "net_income": -136300000,
      "opex": null,
      "cogs": null,
      "rd": null,
      "sga": null,
      "fcf": -25000000,
      "ocf": -25000000,
      "capex": null,
      "gross_margin": null,
      "op_margin": null,
      "fcf_margin": -0.06281407035175879,
      "rev_growth_yoy": 0.02892095146750497,
      "fcf_margin_change": -0.08219708973477817
    },
    {
      "date": "2022-03-31T00:00:00",
      "quarter_label": "2022-03 (Q1)",
      "revenue": 361400000,
      "gross_profit": null,
      "operating_income": null,
      "net_income": -213000000,
      "opex": null,
      "cogs": null,
      "rd": null,
      "sga": null,
      "fcf": 100000,
      "ocf": 100000,
      "capex": null,
      "gross_margin": null,
      "op_margin": null,
      "fcf_margin": 0.0002767017155506364,
      "rev_growth_yoy": -0.1988472622478386,
      "rev_growth_yoy_accel": -0.2277682137153436,
      "fcf_margin_change": 0.06309077206730943
    },
    {
      "date": "2022-06-30T00:00:00",
      "quarter_label": "2022-06 (Q2)",
      "revenue": 473100000,
      "gross_profit": null,
      "operating_income": null,
      "net_income": -56800000,
      "opex": null,
      "cogs": null,
      "rd": null,
      "sga": null,
      "fcf": 45100000,
      "ocf": 45100000,
      "capex": null,
      "gross_margin": null,
      "op_margin": null,
      "fcf_margin": 0.0953286831536673,
      "rev_growth_yoy": -0.15743544078361532,
      "rev_growth_yoy_accel": 0.041411821464223286,
      "fcf_margin_change": 0.09505198143811666
    },
    {
      "date": "2022-09-30T00:00:00",
      "quarter_label": "2022-09 (Q3)",
      "revenue": 597500000,
      "gross_profit": null,
      "operating_income": null,
      "net_income": -94400000,
      "opex": null,
      "cogs": null,
      "rd": null,
      "sga": null,
      "fcf": 200100000,
      "ocf": 200100000,
      "capex": null,
      "gross_margin": null,
      "op_margin": null,
      "fcf_margin": 0.3348953974895397,
      "rev_growth_yoy": -0.1844116844116844,
      "rev_growth_yoy_accel": -0.02697624362806908,
      "fcf_margin_change": 0.23956671433587243
    },
    {
      "date": "2022-12-31T00:00:00",
      "quarter_label": "2022-12 (Q4)",
      "revenue": 673600000,
      "gross_profit": null,
      "operating_income": null,
      "net_income": -22600000,
      "opex": null,
      "cogs": null,
      "rd": null,
      "sga": null,
      "fcf": 48000000,
      "ocf": 48000000,
      "capex": null,
      "gross_margin": null,
      "op_margin": null,
      "fcf_margin": 0.07125890736342043,
      "rev_growth_yoy": 0.6924623115577889,
      "rev_growth_yoy_accel": 0.8768739959694734,
      "fcf_margin_change": -0.2636364901261193
    },
    {
      "date": "2023-03-31T00:00:00",
      "quarter_label": "2023-03 (Q1)",
      "revenue": 684900000,
      "gross_profit": null,
      "operating_income": null,
      "net_income": 142600000,
      "opex": null,
      "cogs": null,
      "rd": null,
      "sga": null,
      "fcf": 94200000,
      "ocf": 94200000,
      "capex": null,
      "gross_margin": null,
      "op_margin": null,
      "fcf_margin": 0.1375383267630311,
      "rev_growth_yoy": 0.8951300498063088,
      "rev_growth_yoy_accel": 0.2026677382485199,
      "fcf_margin_change": 0.06627941939961067
    },
    {
      "date": "2023-06-30T00:00:00",
      "quarter_label": "2023-06 (Q2)",
      "revenue": 767900000,
      "gross_profit": null,
      "operating_income": null,
      "net_income": 70300000,
      "opex": null,
      "cogs": null,
      "rd": null,
      "sga": null,
      "fcf": 112100000,
      "ocf": 112100000,
      "capex": null,
      "gross_margin": null,
      "op_margin": null,
      "fcf_margin": 0.14598254981117334,
      "rev_growth_yoy": 0.6231240752483619,
      "rev_growth_yoy_accel": -0.27200597455794695,
      "fcf_margin_change": 0.008444223048142241
    },
    {
      "date": "2023-09-30T00:00:00",
      "quarter_label": "2023-09 (Q3)",
      "revenue": 702600000,
      "gross_profit": null,
      "operating_income": null,
      "net_income": 61500000,
      "opex": null,
      "cogs": null,
      "rd": null,
      "sga": null,
      "fcf": 161600000,
      "ocf": 161600000,
      "capex": null,
      "gross_margin": null,
      "op_margin": null,
      "fcf_margin": 0.2300028465698833,
      "rev_growth_yoy": 0.17589958158995816,
      "rev_growth_yoy_accel": -0.4472244936584037,
      "fcf_margin_change": 0.08402029675870995
    },
    {
      "date": "2023-12-31T00:00:00",
      "quarter_label": "2023-12 (Q4)",
      "revenue": 645800000,
      "gross_profit": null,
      "operating_income": null,
      "net_income": 97500000,
      "opex": null,
      "cogs": null,
      "rd": null,
      "sga": null,
      "fcf": 213400000,
      "ocf": 213400000,
      "capex": null,
      "gross_margin": null,
      "op_margin": null,
      "fcf_margin": 0.3304428615670486,
      "rev_growth_yoy": -0.041270783847980996,
      "rev_growth_yoy_accel": -0.21717036543793916,
      "fcf_margin_change": 0.10044001499716532
    },
    {
      "date": "2024-03-31T00:00:00",
      "quarter_label": "2024-03 (Q1)",
      "revenue": 685500000,
      "gross_profit": null,
      "operating_income": null,
      "net_income": 94800000,
      "opex": null,
      "cogs": null,
      "rd": null,
      "sga": null,
      "fcf": 58800000,
      "ocf": 58800000,
      "capex": null,
      "gross_margin": null,
      "op_margin": null,
      "fcf_margin": 0.08577680525164114,
      "rev_growth_yoy": 0.0008760402978537013,
      "rev_growth_yoy_accel": 0.0421468241458347,
      "fcf_margin_change": -0.24466605631540747
    },
    {
      "date": "2024-06-30T00:00:00",
      "quarter_label": "2024-06 (Q2)",
      "revenue": 743300000,
      "gross_profit": null,
      "operating_income": null,
      "net_income": 113900000,
      "opex": null,
      "cogs": null,
      "rd": null,
      "sga": null,
      "fcf": -149900000,
      "ocf": -149900000,
      "capex": null,
      "gross_margin": null,
      "op_margin": null,
      "fcf_margin": -0.20166823624377775,
      "rev_growth_yoy": -0.03203542127881234,
      "rev_growth_yoy_accel": -0.032911461576666044,
      "fcf_margin_change": -0.2874450414954189
    },
    {
      "date": "2024-09-30T00:00:00",
      "quarter_label": "2024-09 (Q3)",
      "revenue": 562200000,
      "gross_profit": null,
      "operating_income": null,
      "net_income": 8500000,
      "opex": null,
      "cogs": null,
      "rd": null,
      "sga": null,
      "fcf": 58100000,
      "ocf": 58100000,
      "capex": null,
      "gross_margin": null,
      "op_margin": null,
      "fcf_margin": 0.10334400569192458,
      "rev_growth_yoy": -0.19982920580700256,
      "rev_growth_yoy_accel": -0.16779378452819022,
      "fcf_margin_change": 0.3050122419357023
    },
    {
      "date": "2024-12-31T00:00:00",
      "quarter_label": "2024-12 (Q4)",
      "revenue": 612800000,
      "gross_profit": null,
      "operating_income": null,
      "net_income": -17300000,
      "opex": null,
      "cogs": null,
      "rd": null,
      "sga": null,
      "fcf": 107700000,
      "ocf": 107700000,
      "capex": null,
      "gross_margin": null,
      "op_margin": null,
      "fcf_margin": 0.17575065274151436,
      "rev_growth_yoy": -0.05109941158253329,
      "rev_growth_yoy_accel": 0.14872979422446927,
      "fcf_margin_change": 0.07240664704958978
    },
    {
      "date": "2025-03-31T00:00:00",
      "quarter_label": "2025-03 (Q1)",
      "revenue": 727300000,
      "gross_profit": null,
      "operating_income": null,
      "net_income": 61600000,
      "opex": null,
      "cogs": null,
      "rd": null,
      "sga": null,
      "fcf": -88900000,
      "ocf": -88900000,
      "capex": null,
      "gross_margin": null,
      "op_margin": null,
      "fcf_margin": -0.12223291626564003,
      "rev_growth_yoy": 0.06097738876732312,
      "rev_growth_yoy_accel": 0.11207680034985641,
      "fcf_margin_change": -0.2979835690071544
    },
    {
      "date": "2025-06-30T00:00:00",
      "quarter_label": "2025-06 (Q2)",
      "revenue": 748200000,
      "gross_profit": null,
      "operating_income": null,
      "net_income": 63200000,
      "opex": null,
      "cogs": null,
      "rd": null,
      "sga": null,
      "fcf": 62100000,
      "ocf": 62100000,
      "capex": null,
      "gross_margin": null,
      "op_margin": null,
      "fcf_margin": 0.08299919807538092,
      "rev_growth_yoy": 0.0065922238665411005,
      "rev_growth_yoy_accel": -0.05438516490078202,
      "fcf_margin_change": 0.20523211434102095
    },
    {
      "date": "2025-09-30T00:00:00",
      "quarter_label": "2025-09 (Q3)",
      "revenue": 755900000,
      "gross_profit": null,
      "operating_income": null,
      "net_income": 90800000,
      "opex": null,
      "cogs": null,
      "rd": null,
      "sga": null,
      "fcf": 155600000,
      "ocf": 155600000,
      "capex": null,
      "gross_margin": null,
      "op_margin": null,
      "fcf_margin": 0.2058473343034793,
      "rev_growth_yoy": 0.34453930985414444,
      "rev_growth_yoy_accel": 0.3379470859876033,
      "fcf_margin_change": 0.12284813622809837
    }
  ],
  "signals": [
    {
      "quarter": "2025-09 (Q3)",
      "signal": "FCF MARGIN EXPANSION",
      "detail": "FCF margin: +8.3% -> +20.6% (+12.3%)",
      "severity": "MEDIUM"
    },
    {
      "quarter": "2025-09 (Q3)",
      "signal": "YoY REVENUE GROWTH ACCELERATION",
      "detail": "YoY growth: +34.5% vs prior quarter YoY: +0.7% (accel: +33.8%)",
      "severity": "HIGH"
    },
    {
      "quarter": "2025-06 (Q2)",
      "signal": "FCF TURNED POSITIVE",
      "detail": "FCF margin: -12.2% -> +8.3%",
      "severity": "HIGH"
    },
    {
      "quarter": "2025-06 (Q2)",
      "signal": "YoY REVENUE GROWTH DECELERATION",
      "detail": "YoY growth: +0.7% vs prior quarter YoY: +6.1% (decel: -5.4%)",
      "severity": "WARNING"
    },
    {
      "quarter": "2025-03 (Q1)",
      "signal": "YoY REVENUE GROWTH ACCELERATION",
      "detail": "YoY growth: +6.1% vs prior quarter YoY: -5.1% (accel: +11.2%)",
      "severity": "MEDIUM"
    },
    {
      "quarter": "2024-12 (Q4)",
      "signal": "FCF MARGIN EXPANSION",
      "detail": "FCF margin: +10.3% -> +17.6% (+7.2%)",
      "severity": "MEDIUM"
    },
    {
      "quarter": "2024-12 (Q4)",
      "signal": "YoY REVENUE GROWTH ACCELERATION",
      "detail": "YoY growth: -5.1% vs prior quarter YoY: -20.0% (accel: +14.9%)",
      "severity": "MEDIUM"
    },
    {
      "quarter": "2024-09 (Q3)",
      "signal": "FCF TURNED POSITIVE",
      "detail": "FCF margin: -20.2% -> +10.3%",
      "severity": "HIGH"
    },
    {
      "quarter": "2024-09 (Q3)",
      "signal": "YoY REVENUE GROWTH DECELERATION",
      "detail": "YoY growth: -20.0% vs prior quarter YoY: -3.2% (decel: -16.8%)",
      "severity": "WARNING"
    },
    {
      "quarter": "2023-12 (Q4)",
      "signal": "FCF MARGIN EXPANSION",
      "detail": "FCF margin: +23.0% -> +33.0% (+10.0%)",
      "severity": "MEDIUM"
    },
    {
      "quarter": "2023-12 (Q4)",
      "signal": "YoY REVENUE GROWTH DECELERATION",
      "detail": "YoY growth: -4.1% vs prior quarter YoY: +17.6% (decel: -21.7%)",
      "severity": "WARNING"
    },
    {
      "quarter": "2023-09 (Q3)",
      "signal": "FCF MARGIN EXPANSION",
      "detail": "FCF margin: +14.6% -> +23.0% (+8.4%)",
      "severity": "MEDIUM"
    },
    {
      "quarter": "2023-09 (Q3)",
      "signal": "YoY REVENUE GROWTH DECELERATION",
      "detail": "YoY growth: +17.6% vs prior quarter YoY: +62.3% (decel: -44.7%)",
      "severity": "WARNING"
    },
    {
      "quarter": "2023-06 (Q2)",
      "signal": "YoY REVENUE GROWTH DECELERATION",
      "detail": "YoY growth: +62.3% vs prior quarter YoY: +89.5% (decel: -27.2%)",
      "severity": "WARNING"
    },
    {
      "quarter": "2023-03 (Q1)",
      "signal": "FCF MARGIN EXPANSION",
      "detail": "FCF margin: +7.1% -> +13.8% (+6.6%)",
      "severity": "MEDIUM"
    },
    {
      "quarter": "2023-03 (Q1)",
      "signal": "YoY REVENUE GROWTH ACCELERATION",
      "detail": "YoY growth: +89.5% vs prior quarter YoY: +69.2% (accel: +20.3%)",
      "severity": "HIGH"
    },
    {
      "quarter": "2022-12 (Q4)",
      "signal": "YoY REVENUE GROWTH ACCELERATION",
      "detail": "YoY growth: +69.2% vs prior quarter YoY: -18.4% (accel: +87.7%)",
      "severity": "HIGH"
    },
    {
      "quarter": "2022-09 (Q3)",
      "signal": "FCF MARGIN EXPANSION",
      "detail": "FCF margin: +9.5% -> +33.5% (+24.0%)",
      "severity": "MEDIUM"
    },
    {
      "quarter": "2022-06 (Q2)",
      "signal": "FCF MARGIN EXPANSION",
      "detail": "FCF margin: +0.0% -> +9.5% (+9.5%)",
      "severity": "MEDIUM"
    },
    {
      "quarter": "2022-03 (Q1)",
      "signal": "FCF TURNED POSITIVE",
      "detail": "FCF margin: -6.3% -> +0.0%",
      "severity": "HIGH"
    },
    {
      "quarter": "2022-03 (Q1)",
      "signal": "YoY REVENUE GROWTH DECELERATION",
      "detail": "YoY growth: -19.9% vs prior quarter YoY: +2.9% (decel: -22.8%)",
      "severity": "WARNING"
    },
    {
      "quarter": "2021-06 (Q2)",
      "signal": "FCF TURNED POSITIVE",
      "detail": "FCF margin: -10.8% -> +10.9%",
      "severity": "HIGH"
    }
  ],
  "data_quality": {
    "n_quarters": 20,
    "coverage": {
      "revenue": [
        20,
        20
      ],
      "gross_profit": [
        0,
        20
      ],
      "op_income": [
        0,
        20
      ],
      "fcf": [
        20,
        20
      ]
    },
    "gaps": [],
    "warnings": [
      "gross_profit: no data",
      "op_income: no data"
    ]
  },
  "market_cap": null,
  "source": "SEC EDGAR",
  "last_updated": "2026-02-03T01:09:10.468853"
}