{
  "ticker": "SSST",
  "name": "SmartStop Self Storage REIT, Inc.",
  "quarters": [
    {
      "date": "2020-12-31T00:00:00",
      "quarter_label": "2020-12 (Q4)",
      "revenue": 32893573,
      "gross_profit": null,
      "operating_income": 3586438,
      "net_income": null,
      "opex": 29307135,
      "cogs": null,
      "rd": null,
      "sga": null,
      "fcf": 4220675,
      "ocf": 4220675,
      "capex": null,
      "gross_margin": null,
      "op_margin": 0.10903157282427178,
      "fcf_margin": 0.12831305981870683
    },
    {
      "date": "2021-03-31T00:00:00",
      "quarter_label": "2021-03 (Q1)",
      "revenue": 34564655,
      "gross_profit": null,
      "operating_income": -2685989,
      "net_income": null,
      "opex": 37250644,
      "cogs": null,
      "rd": null,
      "sga": null,
      "fcf": 4693456,
      "ocf": 4693456,
      "capex": null,
      "gross_margin": null,
      "op_margin": -0.07770912222326536,
      "fcf_margin": 0.13578772882298407,
      "op_leverage_ratio": 0.18743370231237483,
      "fcf_margin_change": 0.007474669004277235
    },
    {
      "date": "2021-06-30T00:00:00",
      "quarter_label": "2021-06 (Q2)",
      "revenue": 42251650,
      "gross_profit": null,
      "operating_income": 6934308,
      "net_income": null,
      "opex": 35495973,
      "cogs": null,
      "rd": null,
      "sga": null,
      "fcf": 16936361,
      "ocf": 16936361,
      "capex": null,
      "gross_margin": null,
      "op_margin": 0.16411922374629156,
      "fcf_margin": 0.40084496108436,
      "op_leverage_ratio": Infinity,
      "fcf_margin_change": 0.26505723226137595
    },
    {
      "date": "2021-09-30T00:00:00",
      "quarter_label": "2021-09 (Q3)",
      "revenue": 44938613,
      "gross_profit": null,
      "operating_income": 10181159,
      "net_income": null,
      "opex": 34757454,
      "cogs": null,
      "rd": null,
      "sga": null,
      "fcf": 21097434,
      "ocf": 21097434,
      "capex": null,
      "gross_margin": null,
      "op_margin": 0.22655703681820352,
      "fcf_margin": 0.4694722999127721,
      "op_leverage_ratio": Infinity,
      "fcf_margin_change": 0.0686273388284121
    },
    {
      "date": "2021-12-31T00:00:00",
      "quarter_label": "2021-12 (Q4)",
      "revenue": 47009653,
      "gross_profit": null,
      "operating_income": 2078272,
      "net_income": null,
      "opex": 44931381,
      "cogs": null,
      "rd": null,
      "sga": null,
      "fcf": 16037733,
      "ocf": 16037733,
      "capex": null,
      "gross_margin": null,
      "op_margin": 0.04420947331817148,
      "fcf_margin": 0.3411582935955728,
      "incr_op_margin_yoy": -0.10684028427155415,
      "rev_growth_yoy": 0.42914401545858216,
      "op_leverage_ratio": 0.1574447422777879,
      "fcf_margin_change": -0.1283140063171993
    },
    {
      "date": "2022-03-31T00:00:00",
      "quarter_label": "2022-03 (Q1)",
      "revenue": 47983861,
      "gross_profit": null,
      "operating_income": 11567586,
      "net_income": null,
      "opex": 36416275,
      "cogs": null,
      "rd": null,
      "sga": null,
      "fcf": 15581303,
      "ocf": 15581303,
      "capex": null,
      "gross_margin": null,
      "op_margin": 0.24107243058244104,
      "fcf_margin": 0.3247196593871427,
      "incr_op_margin_yoy": 1.0621772256868254,
      "rev_growth_yoy": 0.3882349180108987,
      "rev_growth_yoy_accel": -0.04090909744768345,
      "op_leverage_ratio": Infinity,
      "fcf_margin_change": -0.016438634208430114
    },
    {
      "date": "2022-06-30T00:00:00",
      "quarter_label": "2022-06 (Q2)",
      "revenue": 51788248,
      "gross_profit": null,
      "operating_income": 25050048,
      "net_income": null,
      "opex": 42839437,
      "cogs": null,
      "rd": null,
      "sga": null,
      "fcf": 25679461,
      "ocf": 25679461,
      "capex": null,
      "gross_margin": null,
      "op_margin": 0.48370139881928426,
      "fcf_margin": 0.49585498625093477,
      "incr_op_margin_yoy": 1.8996019335196892,
      "rev_growth_yoy": 0.22570948116819106,
      "rev_growth_yoy_accel": -0.16252543684270765,
      "op_leverage_ratio": 0.4495066727312434,
      "fcf_margin_change": 0.17113532686379207
    },
    {
      "date": "2022-09-30T00:00:00",
      "quarter_label": "2022-09 (Q3)",
      "revenue": 56453889,
      "gross_profit": null,
      "operating_income": 12898743,
      "net_income": null,
      "opex": 43555146,
      "cogs": null,
      "rd": null,
      "sga": null,
      "fcf": 28513301,
      "ocf": 28513301,
      "capex": null,
      "gross_margin": null,
      "op_margin": 0.2284828065609439,
      "fcf_margin": 0.5050723963410209,
      "incr_op_margin_yoy": 0.2359981645251056,
      "rev_growth_yoy": 0.25624457968918624,
      "rev_growth_yoy_accel": 0.030535098520995174,
      "op_leverage_ratio": 5.392465507745973,
      "fcf_margin_change": 0.009217410090086087
    },
    {
      "date": "2022-12-31T00:00:00",
      "quarter_label": "2022-12 (Q4)",
      "revenue": 56417096,
      "gross_profit": null,
      "operating_income": 16352481,
      "net_income": null,
      "opex": 40064615,
      "cogs": null,
      "rd": null,
      "sga": null,
      "fcf": 18134935,
      "ocf": 18134935,
      "capex": null,
      "gross_margin": null,
      "op_margin": 0.28984974696322546,
      "fcf_margin": 0.3214439644323416,
      "incr_op_margin_yoy": 1.5173314363956285,
      "rev_growth_yoy": 0.2001172610229648,
      "rev_growth_yoy_accel": -0.05612731866622145,
      "fcf_margin_change": -0.18362843190867928
    },
    {
      "date": "2023-03-31T00:00:00",
      "quarter_label": "2023-03 (Q1)",
      "revenue": 57135265,
      "gross_profit": null,
      "operating_income": 16900875,
      "net_income": null,
      "opex": 40234390,
      "cogs": null,
      "rd": null,
      "sga": null,
      "fcf": 15893944,
      "ocf": 15893944,
      "capex": null,
      "gross_margin": null,
      "op_margin": 0.2958046138405064,
      "fcf_margin": 0.2781809798204314,
      "incr_op_margin_yoy": 0.5827836908959543,
      "rev_growth_yoy": 0.19071837508032127,
      "rev_growth_yoy_accel": -0.009398885942643515,
      "op_leverage_ratio": 3.0040223653256803,
      "fcf_margin_change": -0.043262984611910194
    },
    {
      "date": "2023-06-30T00:00:00",
      "quarter_label": "2023-06 (Q2)",
      "revenue": 59590370,
      "gross_profit": null,
      "operating_income": 18610086,
      "net_income": null,
      "opex": 40980284,
      "cogs": null,
      "rd": null,
      "sga": null,
      "fcf": 29419056,
      "ocf": 29419056,
      "capex": null,
      "gross_margin": null,
      "op_margin": 0.3123002256908289,
      "fcf_margin": 0.49368809087777105,
      "incr_op_margin_yoy": -0.825411599562273,
      "rev_growth_yoy": 0.1506542951597822,
      "rev_growth_yoy_accel": -0.040064079920539064,
      "op_leverage_ratio": 2.317854297711342,
      "fcf_margin_change": 0.21550711105733966
    },
    {
      "date": "2023-09-30T00:00:00",
      "quarter_label": "2023-09 (Q3)",
      "revenue": 58704960,
      "gross_profit": null,
      "operating_income": 18139750,
      "net_income": null,
      "opex": 40565210,
      "cogs": null,
      "rd": null,
      "sga": null,
      "fcf": 23400000,
      "ocf": 23400000,
      "capex": null,
      "gross_margin": null,
      "op_margin": 0.308998592282492,
      "fcf_margin": 0.3986034570162385,
      "incr_op_margin_yoy": 2.3282282078175234,
      "rev_growth_yoy": 0.03987450713980041,
      "rev_growth_yoy_accel": -0.1107797880199818,
      "fcf_margin_change": -0.09508463386153254
    },
    {
      "date": "2023-12-31T00:00:00",
      "quarter_label": "2023-12 (Q4)",
      "revenue": 57561149,
      "gross_profit": null,
      "operating_income": 16974225,
      "net_income": null,
      "opex": 40586924,
      "cogs": null,
      "rd": null,
      "sga": null,
      "fcf": 4478000,
      "ocf": 4478000,
      "capex": null,
      "gross_margin": null,
      "op_margin": 0.29489030873932,
      "fcf_margin": 0.0777955283693173,
      "incr_op_margin_yoy": 0.5434573398260395,
      "rev_growth_yoy": 0.020278480834958253,
      "rev_growth_yoy_accel": -0.019596026304842157,
      "fcf_margin_change": -0.3208079286469212
    },
    {
      "date": "2024-03-31T00:00:00",
      "quarter_label": "2024-03 (Q1)",
      "revenue": 57042057,
      "gross_profit": 37154000,
      "operating_income": 16000337,
      "net_income": null,
      "opex": 41041720,
      "cogs": null,
      "rd": null,
      "sga": null,
      "fcf": 14411000,
      "ocf": 14411000,
      "capex": null,
      "gross_margin": 0.6513439723956659,
      "op_margin": 0.2805007014385894,
      "fcf_margin": 0.2526381543358438,
      "rev_growth_yoy": -0.0016313567461356834,
      "rev_growth_yoy_accel": -0.02190983758109394,
      "fcf_margin_change": 0.1748426259665265
    },
    {
      "date": "2024-06-30T00:00:00",
      "quarter_label": "2024-06 (Q2)",
      "revenue": 59163000,
      "gross_profit": 39311000,
      "operating_income": 17677000,
      "net_income": null,
      "opex": 41486000,
      "cogs": null,
      "rd": null,
      "sga": null,
      "fcf": 17263000,
      "ocf": 17263000,
      "capex": null,
      "gross_margin": 0.6644524449402498,
      "op_margin": 0.29878471341885976,
      "fcf_margin": 0.29178709666514546,
      "rev_growth_yoy": -0.007171796382536306,
      "rev_growth_yoy_accel": -0.005540439636400623,
      "op_leverage_ratio": 3.4348091311531777,
      "fcf_margin_change": 0.03914894232930166
    },
    {
      "date": "2024-09-30T00:00:00",
      "quarter_label": "2024-09 (Q3)",
      "revenue": 60157000,
      "gross_profit": 38999000,
      "operating_income": 17700000,
      "net_income": -6220000,
      "opex": 42457000,
      "cogs": null,
      "rd": null,
      "sga": null,
      "fcf": 21748000,
      "ocf": 21748000,
      "capex": null,
      "gross_margin": 0.6482869823960636,
      "op_margin": 0.2942300979104676,
      "fcf_margin": 0.3615206875342853,
      "incr_op_margin_yoy": -0.3028497837525137,
      "rev_growth_yoy": 0.024734536911361495,
      "rev_growth_yoy_accel": 0.031906333293897804,
      "op_leverage_ratio": 0.7178249174682322,
      "fcf_margin_change": 0.06973359086913983
    },
    {
      "date": "2024-12-31T00:00:00",
      "quarter_label": "2024-12 (Q4)",
      "revenue": 60644000,
      "gross_profit": 40228000,
      "operating_income": 17845000,
      "net_income": null,
      "opex": 42799000,
      "cogs": null,
      "rd": null,
      "sga": null,
      "fcf": 10605000,
      "ocf": 10605000,
      "capex": null,
      "gross_margin": 0.663346744937669,
      "op_margin": 0.29425829430776335,
      "fcf_margin": 0.1748730294835433,
      "incr_op_margin_yoy": 0.2824576990584365,
      "rev_growth_yoy": 0.05355784332936092,
      "rev_growth_yoy_accel": 0.028823306417999427,
      "fcf_margin_change": -0.186647658050742
    },
    {
      "date": "2025-03-31T00:00:00",
      "quarter_label": "2025-03 (Q1)",
      "revenue": 65449000,
      "gross_profit": 41985000,
      "operating_income": 17239000,
      "net_income": null,
      "opex": 48210000,
      "cogs": null,
      "rd": null,
      "sga": null,
      "fcf": 10550000,
      "ocf": 10550000,
      "capex": null,
      "gross_margin": 0.6414918486149521,
      "op_margin": 0.2633959265993369,
      "fcf_margin": 0.16119421228742992,
      "incr_op_margin_yoy": 0.1473380989974596,
      "rev_growth_yoy": 0.14738148380588728,
      "rev_growth_yoy_accel": 0.09382364047652636,
      "op_leverage_ratio": 0.6267028083258542,
      "fcf_margin_change": -0.013678817196113385
    },
    {
      "date": "2025-06-30T00:00:00",
      "quarter_label": "2025-06 (Q2)",
      "revenue": 66816000,
      "gross_profit": 39620000,
      "operating_income": 10263000,
      "net_income": null,
      "opex": 56553000,
      "cogs": null,
      "rd": null,
      "sga": null,
      "fcf": 8005000,
      "ocf": 8005000,
      "capex": null,
      "gross_margin": 0.5929717432950191,
      "op_margin": 0.15360093390804597,
      "fcf_margin": 0.11980663314176246,
      "incr_op_margin_yoy": -0.9687704168300013,
      "rev_growth_yoy": 0.12935449520815376,
      "rev_growth_yoy_accel": -0.018026988597733523,
      "op_leverage_ratio": 0.12069252886715887,
      "fcf_margin_change": -0.04138757914566746
    },
    {
      "date": "2025-09-30T00:00:00",
      "quarter_label": "2025-09 (Q3)",
      "revenue": 70429000,
      "gross_profit": 42869000,
      "operating_income": 12776000,
      "net_income": 5227000,
      "opex": 57653000,
      "cogs": null,
      "rd": null,
      "sga": null,
      "fcf": 52058000,
      "ocf": 52058000,
      "capex": null,
      "gross_margin": 0.6086839228158855,
      "op_margin": 0.1814025472461628,
      "fcf_margin": 0.7391557455025629,
      "incr_op_margin_yoy": -0.4793613707165109,
      "rev_growth_yoy": 0.17075319580431206,
      "rev_growth_yoy_accel": 0.0413987005961583,
      "op_leverage_ratio": 2.780036205263845,
      "fcf_margin_change": 0.6193491123608005
    }
  ],
  "signals": [
    {
      "quarter": "2025-09 (Q3)",
      "signal": "FCF MARGIN EXPANSION",
      "detail": "FCF margin: +12.0% -> +73.9% (+61.9%)",
      "severity": "MEDIUM"
    },
    {
      "quarter": "2025-09 (Q3)",
      "signal": "OPERATING LEVERAGE",
      "detail": "Rev growth +5.4% vs OpEx growth +1.9% (leverage: 2.8x)",
      "severity": "MEDIUM"
    },
    {
      "quarter": "2025-03 (Q1)",
      "signal": "YoY REVENUE GROWTH ACCELERATION",
      "detail": "YoY growth: +14.7% vs prior quarter YoY: +5.4% (accel: +9.4%)",
      "severity": "MEDIUM"
    },
    {
      "quarter": "2024-09 (Q3)",
      "signal": "FCF MARGIN EXPANSION",
      "detail": "FCF margin: +29.2% -> +36.2% (+7.0%)",
      "severity": "MEDIUM"
    },
    {
      "quarter": "2024-06 (Q2)",
      "signal": "OPERATING LEVERAGE",
      "detail": "Rev growth +3.7% vs OpEx growth +1.1% (leverage: 3.4x)",
      "severity": "MEDIUM"
    },
    {
      "quarter": "2024-03 (Q1)",
      "signal": "FCF MARGIN EXPANSION",
      "detail": "FCF margin: +7.8% -> +25.3% (+17.5%)",
      "severity": "MEDIUM"
    },
    {
      "quarter": "2023-12 (Q4)",
      "signal": "INCREMENTAL MARGIN (YoY)",
      "detail": "YoY Incr OPM: +54.3% vs year-ago OPM: +29.0%",
      "severity": "HIGH"
    },
    {
      "quarter": "2023-09 (Q3)",
      "signal": "YoY REVENUE GROWTH DECELERATION",
      "detail": "YoY growth: +4.0% vs prior quarter YoY: +15.1% (decel: -11.1%)",
      "severity": "WARNING"
    },
    {
      "quarter": "2023-09 (Q3)",
      "signal": "INCREMENTAL MARGIN (YoY)",
      "detail": "YoY Incr OPM: +232.8% vs year-ago OPM: +22.8%",
      "severity": "HIGH"
    },
    {
      "quarter": "2023-06 (Q2)",
      "signal": "FCF MARGIN EXPANSION",
      "detail": "FCF margin: +27.8% -> +49.4% (+21.6%)",
      "severity": "MEDIUM"
    },
    {
      "quarter": "2023-06 (Q2)",
      "signal": "OPERATING LEVERAGE",
      "detail": "Rev growth +4.3% vs OpEx growth +1.9% (leverage: 2.3x)",
      "severity": "MEDIUM"
    },
    {
      "quarter": "2023-03 (Q1)",
      "signal": "OPERATING LEVERAGE",
      "detail": "Rev growth +1.3% vs OpEx growth +0.4% (leverage: 3.0x)",
      "severity": "MEDIUM"
    },
    {
      "quarter": "2023-03 (Q1)",
      "signal": "INCREMENTAL MARGIN (YoY)",
      "detail": "YoY Incr OPM: +58.3% vs year-ago OPM: +24.1%",
      "severity": "HIGH"
    },
    {
      "quarter": "2022-12 (Q4)",
      "signal": "YoY REVENUE GROWTH DECELERATION",
      "detail": "YoY growth: +20.0% vs prior quarter YoY: +25.6% (decel: -5.6%)",
      "severity": "WARNING"
    },
    {
      "quarter": "2022-12 (Q4)",
      "signal": "INCREMENTAL MARGIN (YoY)",
      "detail": "YoY Incr OPM: +151.7% vs year-ago OPM: +4.4%",
      "severity": "HIGH"
    },
    {
      "quarter": "2022-09 (Q3)",
      "signal": "OPERATING LEVERAGE",
      "detail": "Rev growth +9.0% vs OpEx growth +1.7% (leverage: 5.4x)",
      "severity": "MEDIUM"
    },
    {
      "quarter": "2022-06 (Q2)",
      "signal": "FCF MARGIN EXPANSION",
      "detail": "FCF margin: +32.5% -> +49.6% (+17.1%)",
      "severity": "MEDIUM"
    },
    {
      "quarter": "2022-06 (Q2)",
      "signal": "YoY REVENUE GROWTH DECELERATION",
      "detail": "YoY growth: +22.6% vs prior quarter YoY: +38.8% (decel: -16.3%)",
      "severity": "WARNING"
    },
    {
      "quarter": "2022-06 (Q2)",
      "signal": "INCREMENTAL MARGIN (YoY)",
      "detail": "YoY Incr OPM: +190.0% vs year-ago OPM: +16.4%",
      "severity": "HIGH"
    },
    {
      "quarter": "2022-03 (Q1)",
      "signal": "OP MARGIN TURNED POSITIVE (YoY)",
      "detail": "Op margin: -7.8% (year-ago) -> +24.1%",
      "severity": "HIGH"
    },
    {
      "quarter": "2021-09 (Q3)",
      "signal": "FCF MARGIN EXPANSION",
      "detail": "FCF margin: +40.1% -> +46.9% (+6.9%)",
      "severity": "MEDIUM"
    },
    {
      "quarter": "2021-06 (Q2)",
      "signal": "FCF MARGIN EXPANSION",
      "detail": "FCF margin: +13.6% -> +40.1% (+26.5%)",
      "severity": "MEDIUM"
    },
    {
      "quarter": "2021-06 (Q2)",
      "signal": "OP MARGIN TURNED POSITIVE (QoQ)",
      "detail": "Op margin: -7.8% -> +16.4%",
      "severity": "HIGH"
    }
  ],
  "data_quality": {
    "n_quarters": 20,
    "coverage": {
      "revenue": [
        20,
        20
      ],
      "gross_profit": [
        7,
        20
      ],
      "op_income": [
        20,
        20
      ],
      "fcf": [
        20,
        20
      ]
    },
    "gaps": [],
    "warnings": [
      "gross_profit: 7/20Q"
    ]
  },
  "market_cap": null,
  "source": "SEC EDGAR",
  "last_updated": "2026-02-03T01:10:15.245269"
}