{
  "ticker": "SST",
  "name": "System1, Inc.",
  "quarters": [
    {
      "date": "2021-03-31T00:00:00",
      "quarter_label": "2021-03 (Q1)",
      "revenue": 147561000,
      "gross_profit": 36776000,
      "operating_income": -1717172,
      "net_income": 20557534,
      "opex": 1717172,
      "cogs": 110785000,
      "rd": null,
      "sga": 6950000,
      "fcf": 10128000,
      "ocf": 10128000,
      "capex": null,
      "gross_margin": 0.2492257439296291,
      "op_margin": -0.011637031464953478,
      "fcf_margin": 0.06863602171305426
    },
    {
      "date": "2021-06-30T00:00:00",
      "quarter_label": "2021-06 (Q2)",
      "revenue": 169579000,
      "gross_profit": 43412000,
      "operating_income": -248983,
      "net_income": -2695148,
      "opex": 248983,
      "cogs": 126167000,
      "rd": null,
      "sga": 6277000,
      "fcf": 17185000,
      "ocf": 17185000,
      "capex": null,
      "gross_margin": 0.2559986790817259,
      "op_margin": -0.0014682419403345933,
      "fcf_margin": 0.10133919883947895,
      "op_leverage_ratio": Infinity,
      "fcf_margin_change": 0.03270317712642469
    },
    {
      "date": "2021-09-30T00:00:00",
      "quarter_label": "2021-09 (Q3)",
      "revenue": 171446000,
      "gross_profit": 42561000,
      "operating_income": -780811,
      "net_income": 6099689,
      "opex": 780811,
      "cogs": 128885000,
      "rd": null,
      "sga": 7936000,
      "fcf": 12056000,
      "ocf": 12056000,
      "capex": null,
      "gross_margin": 0.24824726152841128,
      "op_margin": -0.004554267816105363,
      "fcf_margin": 0.07031951751571923,
      "op_leverage_ratio": 0.005154312489385075,
      "fcf_margin_change": -0.03101968132375972
    },
    {
      "date": "2021-12-31T00:00:00",
      "quarter_label": "2021-12 (Q4)",
      "revenue": 199803000,
      "gross_profit": 44527000,
      "operating_income": -10580312,
      "net_income": -2935312,
      "opex": 10580312,
      "cogs": 155276000,
      "rd": null,
      "sga": 14650000,
      "fcf": 21287000,
      "ocf": 21336000,
      "capex": -49000,
      "gross_margin": 0.2228545116940186,
      "op_margin": -0.05295371941362242,
      "fcf_margin": 0.10653994184271508,
      "op_leverage_ratio": 0.013178770272210776,
      "fcf_margin_change": 0.03622042432699585
    },
    {
      "date": "2022-06-30T00:00:00",
      "quarter_label": "2022-06 (Q2)",
      "revenue": 219797000,
      "gross_profit": 67239000,
      "operating_income": -27880000,
      "net_income": -29198000,
      "opex": 95119000,
      "cogs": 152558000,
      "rd": null,
      "sga": 16167000,
      "fcf": null,
      "ocf": null,
      "capex": null,
      "gross_margin": 0.3059140934589644,
      "op_margin": -0.12684431543651642,
      "fcf_margin": null,
      "incr_op_margin_yoy": -0.5502213748058465,
      "rev_growth_yoy": 0.2961333655700293,
      "op_leverage_ratio": 0.012523930652389196
    },
    {
      "date": "2022-09-30T00:00:00",
      "quarter_label": "2022-09 (Q3)",
      "revenue": 201176000,
      "gross_profit": 63495000,
      "operating_income": -42307000,
      "net_income": -31643000,
      "opex": 105802000,
      "cogs": 137681000,
      "rd": null,
      "sga": 16520000,
      "fcf": null,
      "ocf": null,
      "capex": null,
      "gross_margin": 0.3156191593430628,
      "op_margin": -0.21029844514256174,
      "fcf_margin": null,
      "incr_op_margin_yoy": -1.3967772956609485,
      "rev_growth_yoy": 0.17340737025069117,
      "rev_growth_yoy_accel": -0.12272599531933812
    },
    {
      "date": "2023-03-31T00:00:00",
      "quarter_label": "2023-03 (Q1)",
      "revenue": 167854000,
      "gross_profit": 47452000,
      "operating_income": -37492000,
      "net_income": -33952000,
      "opex": 84944000,
      "cogs": 120402000,
      "rd": null,
      "sga": 17172000,
      "fcf": -6515000,
      "ocf": -5801000,
      "capex": -714000,
      "gross_margin": 0.2826980590274882,
      "op_margin": -0.22336077781881875,
      "fcf_margin": -0.03881349267816078
    },
    {
      "date": "2023-06-30T00:00:00",
      "quarter_label": "2023-06 (Q2)",
      "revenue": 147238000,
      "gross_profit": 53356000,
      "operating_income": -36422000,
      "net_income": -35230000,
      "opex": 89778000,
      "cogs": 93882000,
      "rd": null,
      "sga": 17735000,
      "fcf": 6286000,
      "ocf": 7153000,
      "capex": -867000,
      "gross_margin": 0.362379277088795,
      "op_margin": -0.24736820657710645,
      "fcf_margin": 0.042692783113055056,
      "incr_op_margin_yoy": 0.1177248859548781,
      "rev_growth_yoy": -0.3301182454719582,
      "fcf_margin_change": 0.08150627579121583
    },
    {
      "date": "2023-09-30T00:00:00",
      "quarter_label": "2023-09 (Q3)",
      "revenue": 87818000,
      "gross_profit": 37233000,
      "operating_income": -20848000,
      "net_income": -131433000,
      "opex": 58081000,
      "cogs": 50585000,
      "rd": null,
      "sga": 11808000,
      "fcf": -7694000,
      "ocf": -7260000,
      "capex": -434000,
      "gross_margin": 0.42397913867316495,
      "op_margin": -0.23740007743287253,
      "fcf_margin": -0.08761301783233506,
      "incr_op_margin_yoy": -0.1893029164240724,
      "rev_growth_yoy": -0.5634767566707758,
      "rev_growth_yoy_accel": -0.23335851119881756,
      "fcf_margin_change": -0.13030580094539013
    },
    {
      "date": "2023-12-31T00:00:00",
      "quarter_label": "2023-12 (Q4)",
      "revenue": 96120000,
      "gross_profit": 45460000,
      "operating_income": -18491000,
      "net_income": -26607000,
      "opex": 63951000,
      "cogs": 50660000,
      "rd": null,
      "sga": 12303000,
      "fcf": -19172000,
      "ocf": -18834000,
      "capex": -338000,
      "gross_margin": 0.4729504785684561,
      "op_margin": -0.19237411568872242,
      "fcf_margin": -0.1994590095713691,
      "op_leverage_ratio": 0.9353952729322527,
      "fcf_margin_change": -0.11184599173903405
    },
    {
      "date": "2024-03-31T00:00:00",
      "quarter_label": "2024-03 (Q1)",
      "revenue": 84917000,
      "gross_profit": 18599000,
      "operating_income": -25796000,
      "net_income": -10537000,
      "opex": 44395000,
      "cogs": 66318000,
      "rd": null,
      "sga": 12728000,
      "fcf": -15987000,
      "ocf": -15987000,
      "capex": null,
      "gross_margin": 0.21902563679828538,
      "op_margin": -0.3037789841845567,
      "fcf_margin": -0.188266189337824,
      "incr_op_margin_yoy": -0.1410227039801295,
      "rev_growth_yoy": -0.4941020172292588,
      "fcf_margin_change": 0.01119282023354512
    },
    {
      "date": "2024-06-30T00:00:00",
      "quarter_label": "2024-06 (Q2)",
      "revenue": 94581000,
      "gross_profit": 26074000,
      "operating_income": -29086000,
      "net_income": -26373000,
      "opex": 55160000,
      "cogs": 68507000,
      "rd": null,
      "sga": 13989000,
      "fcf": 9965000,
      "ocf": 9965000,
      "capex": null,
      "gross_margin": 0.2756790475888392,
      "op_margin": -0.3075247671308191,
      "fcf_margin": 0.10535942736913334,
      "incr_op_margin_yoy": -0.13931671002905596,
      "rev_growth_yoy": -0.3576318613401432,
      "rev_growth_yoy_accel": 0.1364701558891156,
      "op_leverage_ratio": 0.4693343109315546,
      "fcf_margin_change": 0.2936256167069573
    },
    {
      "date": "2024-09-30T00:00:00",
      "quarter_label": "2024-09 (Q3)",
      "revenue": 88832000,
      "gross_profit": 24833000,
      "operating_income": -21816000,
      "net_income": -23602000,
      "opex": 46649000,
      "cogs": 63999000,
      "rd": null,
      "sga": 10172000,
      "fcf": -36000,
      "ocf": -5000,
      "capex": -31000,
      "gross_margin": 0.2795501621037464,
      "op_margin": -0.24558717579250722,
      "fcf_margin": -0.0004052593659942363,
      "incr_op_margin_yoy": -0.9546351084812623,
      "rev_growth_yoy": 0.011546607756951878,
      "rev_growth_yoy_accel": 0.36917846909709506,
      "fcf_margin_change": -0.10576468673512758
    },
    {
      "date": "2024-12-31T00:00:00",
      "quarter_label": "2024-12 (Q4)",
      "revenue": 75595000,
      "gross_profit": 90562000,
      "operating_income": -11903000,
      "net_income": -14161000,
      "opex": 102465000,
      "cogs": -14967000,
      "rd": null,
      "sga": 10457000,
      "fcf": 772000,
      "ocf": 772000,
      "capex": null,
      "gross_margin": 1.197989285005622,
      "op_margin": -0.1574575038031616,
      "fcf_margin": 0.010212315629340565,
      "incr_op_margin_yoy": -0.3209744214372716,
      "rev_growth_yoy": -0.21353516437786102,
      "rev_growth_yoy_accel": -0.2250817721348129,
      "fcf_margin_change": 0.010617574995334802
    },
    {
      "date": "2025-03-31T00:00:00",
      "quarter_label": "2025-03 (Q1)",
      "revenue": 74513000,
      "gross_profit": 28436000,
      "operating_income": -13126000,
      "net_income": -15883000,
      "opex": 41562000,
      "cogs": 46077000,
      "rd": null,
      "sga": 16574000,
      "fcf": -15995000,
      "ocf": -15949000,
      "capex": -46000,
      "gross_margin": 0.38162468294123175,
      "op_margin": -0.17615718062619945,
      "fcf_margin": -0.2146605290352019,
      "incr_op_margin_yoy": -1.2178008458285274,
      "rev_growth_yoy": -0.1225196368218378,
      "rev_growth_yoy_accel": 0.09101552755602323,
      "fcf_margin_change": -0.2248728446645425
    },
    {
      "date": "2025-06-30T00:00:00",
      "quarter_label": "2025-06 (Q2)",
      "revenue": 78115000,
      "gross_profit": 27903000,
      "operating_income": -15905000,
      "net_income": -17463000,
      "opex": 43808000,
      "cogs": 50212000,
      "rd": null,
      "sga": 17511000,
      "fcf": 24492000,
      "ocf": 24492000,
      "capex": null,
      "gross_margin": 0.35720412212763236,
      "op_margin": -0.20361006208794727,
      "fcf_margin": 0.31353773282980224,
      "incr_op_margin_yoy": -0.8004979958702781,
      "rev_growth_yoy": -0.17409416267537878,
      "rev_growth_yoy_accel": -0.051574525853540984,
      "op_leverage_ratio": 0.8945370759438499,
      "fcf_margin_change": 0.5281982618650042
    },
    {
      "date": "2025-09-30T00:00:00",
      "quarter_label": "2025-09 (Q3)",
      "revenue": 61561000,
      "gross_profit": 22742000,
      "operating_income": -15565000,
      "net_income": -18516000,
      "opex": 38307000,
      "cogs": 38819000,
      "rd": null,
      "sga": 16953000,
      "fcf": -2052000,
      "ocf": -2052000,
      "capex": null,
      "gross_margin": 0.36942219911957247,
      "op_margin": -0.2528386478452267,
      "fcf_margin": -0.03333279186497945,
      "incr_op_margin_yoy": -0.2292178504638627,
      "rev_growth_yoy": -0.30699522694524495,
      "rev_growth_yoy_accel": -0.13290106426986617,
      "fcf_margin_change": -0.3468705246947817
    }
  ],
  "signals": [
    {
      "quarter": "2025-09 (Q3)",
      "signal": "YoY REVENUE GROWTH DECELERATION",
      "detail": "YoY growth: -30.7% vs prior quarter YoY: -17.4% (decel: -13.3%)",
      "severity": "WARNING"
    },
    {
      "quarter": "2025-06 (Q2)",
      "signal": "FCF TURNED POSITIVE",
      "detail": "FCF margin: -21.5% -> +31.4%",
      "severity": "HIGH"
    },
    {
      "quarter": "2025-06 (Q2)",
      "signal": "YoY REVENUE GROWTH DECELERATION",
      "detail": "YoY growth: -17.4% vs prior quarter YoY: -12.3% (decel: -5.2%)",
      "severity": "WARNING"
    },
    {
      "quarter": "2025-03 (Q1)",
      "signal": "YoY REVENUE GROWTH ACCELERATION",
      "detail": "YoY growth: -12.3% vs prior quarter YoY: -21.4% (accel: +9.1%)",
      "severity": "MEDIUM"
    },
    {
      "quarter": "2024-12 (Q4)",
      "signal": "FCF TURNED POSITIVE",
      "detail": "FCF margin: -0.0% -> +1.0%",
      "severity": "HIGH"
    },
    {
      "quarter": "2024-12 (Q4)",
      "signal": "YoY REVENUE GROWTH DECELERATION",
      "detail": "YoY growth: -21.4% vs prior quarter YoY: +1.2% (decel: -22.5%)",
      "severity": "WARNING"
    },
    {
      "quarter": "2024-09 (Q3)",
      "signal": "YoY REVENUE GROWTH ACCELERATION",
      "detail": "YoY growth: +1.2% vs prior quarter YoY: -35.8% (accel: +36.9%)",
      "severity": "HIGH"
    },
    {
      "quarter": "2024-06 (Q2)",
      "signal": "FCF TURNED POSITIVE",
      "detail": "FCF margin: -18.8% -> +10.5%",
      "severity": "HIGH"
    },
    {
      "quarter": "2024-06 (Q2)",
      "signal": "GROSS MARGIN INFLECTION",
      "detail": "GM: +47.3% -> +21.9% -> +27.6% (reversal +5.7%)",
      "severity": "HIGH"
    },
    {
      "quarter": "2024-06 (Q2)",
      "signal": "YoY REVENUE GROWTH ACCELERATION",
      "detail": "YoY growth: -35.8% vs prior quarter YoY: -49.4% (accel: +13.6%)",
      "severity": "MEDIUM"
    },
    {
      "quarter": "2023-09 (Q3)",
      "signal": "YoY REVENUE GROWTH DECELERATION",
      "detail": "YoY growth: -56.3% vs prior quarter YoY: -33.0% (decel: -23.3%)",
      "severity": "WARNING"
    },
    {
      "quarter": "2023-06 (Q2)",
      "signal": "FCF TURNED POSITIVE",
      "detail": "FCF margin: -3.9% -> +4.3%",
      "severity": "HIGH"
    },
    {
      "quarter": "2023-06 (Q2)",
      "signal": "GROSS MARGIN INFLECTION",
      "detail": "GM: +31.6% -> +28.3% -> +36.2% (reversal +8.0%)",
      "severity": "HIGH"
    },
    {
      "quarter": "2022-09 (Q3)",
      "signal": "YoY REVENUE GROWTH DECELERATION",
      "detail": "YoY growth: +17.3% vs prior quarter YoY: +29.6% (decel: -12.3%)",
      "severity": "WARNING"
    },
    {
      "quarter": "2022-06 (Q2)",
      "signal": "GROSS MARGIN INFLECTION",
      "detail": "GM: +24.8% -> +22.3% -> +30.6% (reversal +8.3%)",
      "severity": "HIGH"
    }
  ],
  "data_quality": {
    "n_quarters": 17,
    "coverage": {
      "revenue": [
        17,
        17
      ],
      "gross_profit": [
        17,
        17
      ],
      "op_income": [
        17,
        17
      ],
      "fcf": [
        15,
        17
      ]
    },
    "gaps": [
      [
        "2021-12 (Q4)",
        "2022-06 (Q2)",
        181
      ],
      [
        "2022-09 (Q3)",
        "2023-03 (Q1)",
        182
      ]
    ],
    "warnings": [
      "gap: 1Q missing between 2021-12 (Q4) and 2022-06 (Q2)",
      "gap: 1Q missing between 2022-09 (Q3) and 2023-03 (Q1)"
    ]
  },
  "market_cap": null,
  "source": "SEC EDGAR",
  "last_updated": "2026-02-02T23:43:40.641921"
}