{
  "ticker": "STAG",
  "name": "STAG INDUSTRIAL, INC.",
  "sector": "Real Estate",
  "industry": "REIT - Industrial",
  "quarters": [
    {
      "date": "2021-03-31T00:00:00",
      "quarter_label": "2021-03 (Q1)",
      "revenue": 133995000,
      "gross_profit": null,
      "operating_income": null,
      "net_income": 24875000,
      "opex": 99051000,
      "cogs": null,
      "rd": null,
      "sga": null,
      "fcf": 73460000,
      "ocf": 73460000,
      "capex": null,
      "gross_margin": null,
      "op_margin": null,
      "fcf_margin": 0.5482294115452069
    },
    {
      "date": "2021-06-30T00:00:00",
      "quarter_label": "2021-06 (Q2)",
      "revenue": 138427000,
      "gross_profit": null,
      "operating_income": null,
      "net_income": 32650000,
      "opex": 95777000,
      "cogs": null,
      "rd": null,
      "sga": null,
      "fcf": 88913000,
      "ocf": 88913000,
      "capex": null,
      "gross_margin": null,
      "op_margin": null,
      "fcf_margin": 0.6423096650219972,
      "op_leverage_ratio": null,
      "fcf_margin_change": 0.09408025347679028
    },
    {
      "date": "2021-09-30T00:00:00",
      "quarter_label": "2021-09 (Q3)",
      "revenue": 142114000,
      "gross_profit": null,
      "operating_income": null,
      "net_income": 48516000,
      "opex": 99477000,
      "cogs": null,
      "rd": null,
      "sga": null,
      "fcf": 92240000,
      "ocf": 92240000,
      "capex": null,
      "gross_margin": null,
      "op_margin": null,
      "fcf_margin": 0.6490563913477913,
      "op_leverage_ratio": 0.6894643835105594,
      "fcf_margin_change": 0.006746726325794095
    },
    {
      "date": "2021-12-31T00:00:00",
      "quarter_label": "2021-12 (Q4)",
      "revenue": 147623000,
      "gross_profit": null,
      "operating_income": null,
      "net_income": 86293000,
      "opex": 103887000,
      "cogs": null,
      "rd": null,
      "sga": null,
      "fcf": 81541000,
      "ocf": 81541000,
      "capex": null,
      "gross_margin": null,
      "op_margin": null,
      "fcf_margin": 0.5523597271427894,
      "op_leverage_ratio": 0.8744198319658866,
      "fcf_margin_change": -0.09669666420500189
    },
    {
      "date": "2022-03-31T00:00:00",
      "quarter_label": "2022-03 (Q1)",
      "revenue": 159209000,
      "gross_profit": null,
      "operating_income": null,
      "net_income": 52826000,
      "opex": 111951000,
      "cogs": null,
      "rd": null,
      "sga": null,
      "fcf": 88879000,
      "ocf": 88879000,
      "capex": null,
      "gross_margin": null,
      "op_margin": null,
      "fcf_margin": 0.5582536163156605,
      "rev_growth_yoy": 0.18817120041792604,
      "op_leverage_ratio": 1.0110908572851114,
      "fcf_margin_change": 0.005893889172871147
    },
    {
      "date": "2022-06-30T00:00:00",
      "quarter_label": "2022-06 (Q2)",
      "revenue": 161500000,
      "gross_profit": null,
      "operating_income": null,
      "net_income": 32376000,
      "opex": 110919000,
      "cogs": null,
      "rd": null,
      "sga": null,
      "fcf": 102309000,
      "ocf": 102309000,
      "capex": null,
      "gross_margin": null,
      "op_margin": null,
      "fcf_margin": 0.6334922600619195,
      "rev_growth_yoy": 0.1666799107110607,
      "rev_growth_yoy_accel": -0.02149128970686534,
      "op_leverage_ratio": null,
      "fcf_margin_change": 0.07523864374625899
    },
    {
      "date": "2022-09-30T00:00:00",
      "quarter_label": "2022-09 (Q3)",
      "revenue": 166305000,
      "gross_profit": null,
      "operating_income": null,
      "net_income": 63330000,
      "opex": 112788000,
      "cogs": null,
      "rd": null,
      "sga": null,
      "fcf": 106681000,
      "ocf": 106681000,
      "capex": null,
      "gross_margin": null,
      "op_margin": null,
      "fcf_margin": 0.6414780072757884,
      "rev_growth_yoy": 0.1702224974316394,
      "rev_growth_yoy_accel": 0.0035425867205786943,
      "op_leverage_ratio": 1.7657024086985473,
      "fcf_margin_change": 0.00798574721386891
    },
    {
      "date": "2022-12-31T00:00:00",
      "quarter_label": "2022-12 (Q4)",
      "revenue": 170331000,
      "gross_profit": null,
      "operating_income": null,
      "net_income": 29794000,
      "opex": 118187000,
      "cogs": null,
      "rd": null,
      "sga": null,
      "fcf": 90062000,
      "ocf": 90062000,
      "capex": null,
      "gross_margin": null,
      "op_margin": null,
      "fcf_margin": 0.5287469691365635,
      "rev_growth_yoy": 0.1538242685760349,
      "rev_growth_yoy_accel": -0.01639822885560449,
      "op_leverage_ratio": 0.5057292026976925,
      "fcf_margin_change": -0.11273103813922492
    },
    {
      "date": "2023-03-31T00:00:00",
      "quarter_label": "2023-03 (Q1)",
      "revenue": 173553000,
      "gross_profit": null,
      "operating_income": null,
      "net_income": 49466000,
      "opex": 120480000,
      "cogs": null,
      "rd": null,
      "sga": null,
      "fcf": 86421000,
      "ocf": 86421000,
      "capex": null,
      "gross_margin": null,
      "op_margin": null,
      "fcf_margin": 0.49795163437105666,
      "rev_growth_yoy": 0.09009540917912932,
      "rev_growth_yoy_accel": -0.06372885939690558,
      "op_leverage_ratio": 0.9749840119792617,
      "fcf_margin_change": -0.030795334765506832
    },
    {
      "date": "2023-06-30T00:00:00",
      "quarter_label": "2023-06 (Q2)",
      "revenue": 171694000,
      "gross_profit": null,
      "operating_income": null,
      "net_income": 51606000,
      "opex": 113586000,
      "cogs": null,
      "rd": null,
      "sga": null,
      "fcf": 109802000,
      "ocf": 109802000,
      "capex": null,
      "gross_margin": null,
      "op_margin": null,
      "fcf_margin": 0.6395214742507018,
      "rev_growth_yoy": 0.06312074303405572,
      "rev_growth_yoy_accel": -0.0269746661450736,
      "fcf_margin_change": 0.14156983987964517
    },
    {
      "date": "2023-09-30T00:00:00",
      "quarter_label": "2023-09 (Q3)",
      "revenue": 179281000,
      "gross_profit": null,
      "operating_income": null,
      "net_income": 50040000,
      "opex": 116060000,
      "cogs": null,
      "rd": null,
      "sga": null,
      "fcf": 103283000,
      "ocf": 103283000,
      "capex": null,
      "gross_margin": null,
      "op_margin": null,
      "fcf_margin": 0.576095626418862,
      "rev_growth_yoy": 0.07802531493340549,
      "rev_growth_yoy_accel": 0.014904571899349767,
      "op_leverage_ratio": 2.02880392321362,
      "fcf_margin_change": -0.0634258478318398
    },
    {
      "date": "2023-12-31T00:00:00",
      "quarter_label": "2023-12 (Q4)",
      "revenue": 183307000,
      "gross_profit": null,
      "operating_income": null,
      "net_income": 41733000,
      "opex": 120101000,
      "cogs": null,
      "rd": null,
      "sga": null,
      "fcf": 91586000,
      "ocf": 91586000,
      "capex": null,
      "gross_margin": null,
      "op_margin": null,
      "fcf_margin": 0.4996317652899235,
      "rev_growth_yoy": 0.0761810827154188,
      "rev_growth_yoy_accel": -0.0018442322179866855,
      "op_leverage_ratio": 0.644960652798444,
      "fcf_margin_change": -0.07646386112893855
    },
    {
      "date": "2024-03-31T00:00:00",
      "quarter_label": "2024-03 (Q1)",
      "revenue": 187543000,
      "gross_profit": null,
      "operating_income": null,
      "net_income": 36627000,
      "opex": 124013000,
      "cogs": null,
      "rd": null,
      "sga": null,
      "fcf": 105162000,
      "ocf": 105162000,
      "capex": null,
      "gross_margin": null,
      "op_margin": null,
      "fcf_margin": 0.5607354046805266,
      "rev_growth_yoy": 0.08060938157219985,
      "rev_growth_yoy_accel": 0.004428298856781046,
      "op_leverage_ratio": 0.7094547144267449,
      "fcf_margin_change": 0.06110363939060315
    },
    {
      "date": "2024-06-30T00:00:00",
      "quarter_label": "2024-06 (Q2)",
      "revenue": 189777000,
      "gross_profit": null,
      "operating_income": null,
      "net_income": 59783000,
      "opex": 130148000,
      "cogs": null,
      "rd": null,
      "sga": null,
      "fcf": 122235000,
      "ocf": 122235000,
      "capex": null,
      "gross_margin": null,
      "op_margin": null,
      "fcf_margin": 0.6440980730014702,
      "rev_growth_yoy": 0.1053210945053409,
      "rev_growth_yoy_accel": 0.024711712933141047,
      "op_leverage_ratio": 0.24078806489935495,
      "fcf_margin_change": 0.08336266832094352
    },
    {
      "date": "2024-09-30T00:00:00",
      "quarter_label": "2024-09 (Q3)",
      "revenue": 190739000,
      "gross_profit": null,
      "operating_income": null,
      "net_income": 41856000,
      "opex": 123044000,
      "cogs": null,
      "rd": null,
      "sga": null,
      "fcf": 127966000,
      "ocf": 127966000,
      "capex": null,
      "gross_margin": null,
      "op_margin": null,
      "fcf_margin": 0.6708958314765203,
      "rev_growth_yoy": 0.06391084387079501,
      "rev_growth_yoy_accel": -0.041410250634545884,
      "fcf_margin_change": 0.02679775847505017
    },
    {
      "date": "2024-12-31T00:00:00",
      "quarter_label": "2024-12 (Q4)",
      "revenue": 199325000,
      "gross_profit": null,
      "operating_income": null,
      "net_income": 50954000,
      "opex": 127201000,
      "cogs": null,
      "rd": null,
      "sga": null,
      "fcf": 104929000,
      "ocf": 104929000,
      "capex": null,
      "gross_margin": null,
      "op_margin": null,
      "fcf_margin": 0.5264216731468707,
      "rev_growth_yoy": 0.08738346053342207,
      "rev_growth_yoy_accel": 0.023472616662627052,
      "op_leverage_ratio": 1.3323913338029156,
      "fcf_margin_change": -0.1444741583296496
    },
    {
      "date": "2025-03-31T00:00:00",
      "quarter_label": "2025-03 (Q1)",
      "revenue": 205574000,
      "gross_profit": null,
      "operating_income": null,
      "net_income": 91398000,
      "opex": 131456000,
      "cogs": null,
      "rd": null,
      "sga": null,
      "fcf": 103540000,
      "ocf": 103540000,
      "capex": null,
      "gross_margin": null,
      "op_margin": null,
      "fcf_margin": 0.5036629145709087,
      "rev_growth_yoy": 0.09614328447342743,
      "rev_growth_yoy_accel": 0.008759823940005365,
      "op_leverage_ratio": 0.9372160406825446,
      "fcf_margin_change": -0.02275875857596199
    },
    {
      "date": "2025-06-30T00:00:00",
      "quarter_label": "2025-06 (Q2)",
      "revenue": 207593000,
      "gross_profit": null,
      "operating_income": null,
      "net_income": 50005000,
      "opex": 128607000,
      "cogs": null,
      "rd": null,
      "sga": null,
      "fcf": 111868000,
      "ocf": 111868000,
      "capex": null,
      "gross_margin": null,
      "op_margin": null,
      "fcf_margin": 0.5388813688322824,
      "rev_growth_yoy": 0.09387860488889592,
      "rev_growth_yoy_accel": -0.002264679584531512,
      "fcf_margin_change": 0.03521845426137371
    },
    {
      "date": "2025-09-30T00:00:00",
      "quarter_label": "2025-09 (Q3)",
      "revenue": 211121000,
      "gross_profit": null,
      "operating_income": null,
      "net_income": 48636000,
      "opex": 130867000,
      "cogs": null,
      "rd": null,
      "sga": null,
      "fcf": 143513000,
      "ocf": 143513000,
      "capex": null,
      "gross_margin": null,
      "op_margin": null,
      "fcf_margin": 0.6797665793549671,
      "rev_growth_yoy": 0.10685806258814401,
      "rev_growth_yoy_accel": 0.01297945769924809,
      "op_leverage_ratio": 0.9671014620209242,
      "fcf_margin_change": 0.14088521052268466
    },
    {
      "date": "2025-12-31T00:00:00",
      "quarter_label": "2025-12 (Q4)",
      "revenue": 220896000,
      "gross_profit": null,
      "operating_income": null,
      "net_income": 83480000,
      "opex": 137311000,
      "cogs": null,
      "rd": null,
      "sga": null,
      "fcf": 104467000,
      "ocf": 104467000,
      "capex": null,
      "gross_margin": null,
      "op_margin": null,
      "fcf_margin": 0.4729239098942489,
      "rev_growth_yoy": 0.10822024332120908,
      "rev_growth_yoy_accel": 0.0013621807330650715,
      "op_leverage_ratio": 0.9402859498810128,
      "fcf_margin_change": -0.20684266946071822
    }
  ],
  "signals": [
    {
      "quarter": "2025-09 (Q3)",
      "signal": "FCF MARGIN EXPANSION",
      "detail": "FCF margin: +53.9% -> +68.0% (+14.1%)",
      "severity": "MEDIUM"
    },
    {
      "quarter": "2024-06 (Q2)",
      "signal": "FCF MARGIN EXPANSION",
      "detail": "FCF margin: +56.1% -> +64.4% (+8.3%)",
      "severity": "MEDIUM"
    },
    {
      "quarter": "2024-03 (Q1)",
      "signal": "FCF MARGIN EXPANSION",
      "detail": "FCF margin: +50.0% -> +56.1% (+6.1%)",
      "severity": "MEDIUM"
    },
    {
      "quarter": "2023-09 (Q3)",
      "signal": "OPERATING LEVERAGE",
      "detail": "Rev growth +4.4% vs OpEx growth +2.2% (leverage: 2.0x)",
      "severity": "MEDIUM"
    },
    {
      "quarter": "2023-06 (Q2)",
      "signal": "FCF MARGIN EXPANSION",
      "detail": "FCF margin: +49.8% -> +64.0% (+14.2%)",
      "severity": "MEDIUM"
    },
    {
      "quarter": "2023-03 (Q1)",
      "signal": "YoY REVENUE GROWTH DECELERATION",
      "detail": "YoY growth: +9.0% vs prior quarter YoY: +15.4% (decel: -6.4%)",
      "severity": "WARNING"
    },
    {
      "quarter": "2022-09 (Q3)",
      "signal": "OPERATING LEVERAGE",
      "detail": "Rev growth +3.0% vs OpEx growth +1.7% (leverage: 1.8x)",
      "severity": "MEDIUM"
    },
    {
      "quarter": "2022-06 (Q2)",
      "signal": "FCF MARGIN EXPANSION",
      "detail": "FCF margin: +55.8% -> +63.3% (+7.5%)",
      "severity": "MEDIUM"
    },
    {
      "quarter": "2021-06 (Q2)",
      "signal": "FCF MARGIN EXPANSION",
      "detail": "FCF margin: +54.8% -> +64.2% (+9.4%)",
      "severity": "MEDIUM"
    }
  ],
  "data_quality": {
    "n_quarters": 20,
    "coverage": {
      "revenue": [
        20,
        20
      ],
      "gross_profit": [
        0,
        20
      ],
      "op_income": [
        0,
        20
      ],
      "fcf": [
        20,
        20
      ]
    },
    "gaps": [],
    "warnings": [
      "gross_profit: no data",
      "op_income: no data"
    ]
  },
  "market_cap": null,
  "source": "SEC EDGAR",
  "last_updated": "2026-02-24T10:58:39.580926"
}