{
  "ticker": "STC",
  "name": "STEWART INFORMATION SERVICES CORP",
  "quarters": [
    {
      "date": "2020-12-31T00:00:00",
      "quarter_label": "2020-12 (Q4)",
      "revenue": 736731000,
      "gross_profit": null,
      "operating_income": null,
      "net_income": 59673000,
      "opex": null,
      "cogs": null,
      "rd": null,
      "sga": null,
      "fcf": 134945000,
      "ocf": 134945000,
      "capex": null,
      "gross_margin": null,
      "op_margin": null,
      "fcf_margin": 0.18316726186355672
    },
    {
      "date": "2021-03-31T00:00:00",
      "quarter_label": "2021-03 (Q1)",
      "revenue": 688586000,
      "gross_profit": null,
      "operating_income": null,
      "net_income": 54236000,
      "opex": null,
      "cogs": null,
      "rd": null,
      "sga": null,
      "fcf": 47442000,
      "ocf": 47442000,
      "capex": null,
      "gross_margin": null,
      "op_margin": null,
      "fcf_margin": 0.06889771212310444,
      "fcf_margin_change": -0.11426954974045228
    },
    {
      "date": "2021-06-30T00:00:00",
      "quarter_label": "2021-06 (Q2)",
      "revenue": 818809000,
      "gross_profit": null,
      "operating_income": null,
      "net_income": 94819000,
      "opex": null,
      "cogs": null,
      "rd": null,
      "sga": null,
      "fcf": 103010000,
      "ocf": 103010000,
      "capex": null,
      "gross_margin": null,
      "op_margin": null,
      "fcf_margin": 0.12580467483869864,
      "fcf_margin_change": 0.0569069627155942
    },
    {
      "date": "2021-09-30T00:00:00",
      "quarter_label": "2021-09 (Q3)",
      "revenue": 836727000,
      "gross_profit": null,
      "operating_income": null,
      "net_income": 88663000,
      "opex": null,
      "cogs": null,
      "rd": null,
      "sga": null,
      "fcf": 106865000,
      "ocf": 106865000,
      "capex": null,
      "gross_margin": null,
      "op_margin": null,
      "fcf_margin": 0.12771788169857073,
      "fcf_margin_change": 0.0019132068598720908
    },
    {
      "date": "2021-12-31T00:00:00",
      "quarter_label": "2021-12 (Q4)",
      "revenue": 961671000,
      "gross_profit": null,
      "operating_income": null,
      "net_income": 85498000,
      "opex": null,
      "cogs": null,
      "rd": null,
      "sga": null,
      "fcf": 132974000,
      "ocf": 132974000,
      "capex": null,
      "gross_margin": null,
      "op_margin": null,
      "fcf_margin": 0.13827390032557912,
      "rev_growth_yoy": 0.30532175244424353,
      "fcf_margin_change": 0.01055601862700839
    },
    {
      "date": "2022-03-31T00:00:00",
      "quarter_label": "2022-03 (Q1)",
      "revenue": 852916000,
      "gross_profit": null,
      "operating_income": null,
      "net_income": 57897000,
      "opex": null,
      "cogs": null,
      "rd": null,
      "sga": null,
      "fcf": 34875000,
      "ocf": 34875000,
      "capex": null,
      "gross_margin": null,
      "op_margin": null,
      "fcf_margin": 0.04088913796903798,
      "rev_growth_yoy": 0.23864847673347991,
      "rev_growth_yoy_accel": -0.06667327571076362,
      "fcf_margin_change": -0.09738476235654114
    },
    {
      "date": "2022-06-30T00:00:00",
      "quarter_label": "2022-06 (Q2)",
      "revenue": 844073000,
      "gross_profit": null,
      "operating_income": null,
      "net_income": 61660000,
      "opex": null,
      "cogs": null,
      "rd": null,
      "sga": null,
      "fcf": 83312000,
      "ocf": 83312000,
      "capex": null,
      "gross_margin": null,
      "op_margin": null,
      "fcf_margin": 0.09870236342117329,
      "rev_growth_yoy": 0.030854570479806647,
      "rev_growth_yoy_accel": -0.20779390625367328,
      "fcf_margin_change": 0.05781322545213531
    },
    {
      "date": "2022-09-30T00:00:00",
      "quarter_label": "2022-09 (Q3)",
      "revenue": 716399000,
      "gross_profit": null,
      "operating_income": null,
      "net_income": 29434000,
      "opex": null,
      "cogs": null,
      "rd": null,
      "sga": null,
      "fcf": 48853000,
      "ocf": 48853000,
      "capex": null,
      "gross_margin": null,
      "op_margin": null,
      "fcf_margin": 0.06819244582976805,
      "rev_growth_yoy": -0.14380795647803885,
      "rev_growth_yoy_accel": -0.17466252695784548,
      "fcf_margin_change": -0.03050991759140524
    },
    {
      "date": "2022-12-31T00:00:00",
      "quarter_label": "2022-12 (Q4)",
      "revenue": 655909000,
      "gross_profit": null,
      "operating_income": null,
      "net_income": 13314000,
      "opex": null,
      "cogs": null,
      "rd": null,
      "sga": null,
      "fcf": 24820000,
      "ocf": 24820000,
      "capex": null,
      "gross_margin": null,
      "op_margin": null,
      "fcf_margin": 0.03784061508532434,
      "rev_growth_yoy": -0.3179486539575385,
      "rev_growth_yoy_accel": -0.17414069747949967,
      "fcf_margin_change": -0.03035183074444371
    },
    {
      "date": "2023-03-31T00:00:00",
      "quarter_label": "2023-03 (Q1)",
      "revenue": 524305000,
      "gross_profit": null,
      "operating_income": null,
      "net_income": -8190000,
      "opex": null,
      "cogs": null,
      "rd": null,
      "sga": null,
      "fcf": -51062000,
      "ocf": -51062000,
      "capex": null,
      "gross_margin": null,
      "op_margin": null,
      "fcf_margin": -0.09738987802900984,
      "rev_growth_yoy": -0.3852794413517861,
      "rev_growth_yoy_accel": -0.06733078739424758,
      "fcf_margin_change": -0.13523049311433416
    },
    {
      "date": "2023-06-30T00:00:00",
      "quarter_label": "2023-06 (Q2)",
      "revenue": 549154000,
      "gross_profit": null,
      "operating_income": null,
      "net_income": 15815000,
      "opex": null,
      "cogs": null,
      "rd": null,
      "sga": null,
      "fcf": 35107000,
      "ocf": 35107000,
      "capex": null,
      "gross_margin": null,
      "op_margin": null,
      "fcf_margin": 0.06392924389151312,
      "rev_growth_yoy": -0.34939987418149854,
      "rev_growth_yoy_accel": 0.03587956717028756,
      "fcf_margin_change": 0.16131912192052295
    },
    {
      "date": "2023-09-30T00:00:00",
      "quarter_label": "2023-09 (Q3)",
      "revenue": 601714000,
      "gross_profit": null,
      "operating_income": null,
      "net_income": 13999000,
      "opex": null,
      "cogs": null,
      "rd": null,
      "sga": null,
      "fcf": 59533000,
      "ocf": 59533000,
      "capex": null,
      "gross_margin": null,
      "op_margin": null,
      "fcf_margin": 0.09893903083524731,
      "rev_growth_yoy": -0.16008537142011645,
      "rev_growth_yoy_accel": 0.1893145027613821,
      "fcf_margin_change": 0.03500978694373419
    },
    {
      "date": "2023-12-31T00:00:00",
      "quarter_label": "2023-12 (Q4)",
      "revenue": 582169000,
      "gross_profit": null,
      "operating_income": null,
      "net_income": 8815000,
      "opex": null,
      "cogs": null,
      "rd": null,
      "sga": null,
      "fcf": 39464000,
      "ocf": 39464000,
      "capex": null,
      "gross_margin": null,
      "op_margin": null,
      "fcf_margin": 0.06778787602912556,
      "rev_growth_yoy": -0.1124241320061167,
      "rev_growth_yoy_accel": 0.047661239413999745,
      "fcf_margin_change": -0.031151154806121753
    },
    {
      "date": "2024-03-31T00:00:00",
      "quarter_label": "2024-03 (Q1)",
      "revenue": 554315000,
      "gross_profit": null,
      "operating_income": null,
      "net_income": 3130000,
      "opex": null,
      "cogs": null,
      "rd": null,
      "sga": null,
      "fcf": -29588000,
      "ocf": -29588000,
      "capex": null,
      "gross_margin": null,
      "op_margin": null,
      "fcf_margin": -0.05337759216330065,
      "rev_growth_yoy": 0.057237676543233425,
      "rev_growth_yoy_accel": 0.16966180854935012,
      "fcf_margin_change": -0.12116546819242621
    },
    {
      "date": "2024-06-30T00:00:00",
      "quarter_label": "2024-06 (Q2)",
      "revenue": 602230000,
      "gross_profit": null,
      "operating_income": null,
      "net_income": 17343000,
      "opex": null,
      "cogs": null,
      "rd": null,
      "sga": null,
      "fcf": 21123000,
      "ocf": 21123000,
      "capex": null,
      "gross_margin": null,
      "op_margin": null,
      "fcf_margin": 0.035074639257426564,
      "rev_growth_yoy": 0.09665048419933206,
      "rev_growth_yoy_accel": 0.039412807656098635,
      "fcf_margin_change": 0.08845223142072722
    },
    {
      "date": "2024-09-30T00:00:00",
      "quarter_label": "2024-09 (Q3)",
      "revenue": 667941000,
      "gross_profit": null,
      "operating_income": null,
      "net_income": 30096000,
      "opex": null,
      "cogs": null,
      "rd": null,
      "sga": null,
      "fcf": 76121000,
      "ocf": 76121000,
      "capex": null,
      "gross_margin": null,
      "op_margin": null,
      "fcf_margin": 0.11396365846684063,
      "rev_growth_yoy": 0.11006391740926752,
      "rev_growth_yoy_accel": 0.01341343320993546,
      "fcf_margin_change": 0.07888901920941407
    },
    {
      "date": "2024-12-31T00:00:00",
      "quarter_label": "2024-12 (Q4)",
      "revenue": 665932000,
      "gross_profit": null,
      "operating_income": null,
      "net_income": 22741000,
      "opex": null,
      "cogs": null,
      "rd": null,
      "sga": null,
      "fcf": 67953000,
      "ocf": 67953000,
      "capex": null,
      "gross_margin": null,
      "op_margin": null,
      "fcf_margin": 0.10204195022915252,
      "rev_growth_yoy": 0.14388090056323852,
      "rev_growth_yoy_accel": 0.033816983153971,
      "fcf_margin_change": -0.011921708237688108
    },
    {
      "date": "2025-03-31T00:00:00",
      "quarter_label": "2025-03 (Q1)",
      "revenue": 611984000,
      "gross_profit": null,
      "operating_income": null,
      "net_income": 3077000,
      "opex": null,
      "cogs": null,
      "rd": null,
      "sga": null,
      "fcf": -29927000,
      "ocf": -29927000,
      "capex": null,
      "gross_margin": null,
      "op_margin": null,
      "fcf_margin": -0.04890160527072603,
      "rev_growth_yoy": 0.10403651353472304,
      "rev_growth_yoy_accel": -0.03984438702851548,
      "fcf_margin_change": -0.15094355549987856
    },
    {
      "date": "2025-06-30T00:00:00",
      "quarter_label": "2025-06 (Q2)",
      "revenue": 722181000,
      "gross_profit": null,
      "operating_income": null,
      "net_income": 31922000,
      "opex": null,
      "cogs": null,
      "rd": null,
      "sga": null,
      "fcf": 53428000,
      "ocf": 53428000,
      "capex": null,
      "gross_margin": null,
      "op_margin": null,
      "fcf_margin": 0.07398145340295577,
      "rev_growth_yoy": 0.19917805489596999,
      "rev_growth_yoy_accel": 0.09514154136124695,
      "fcf_margin_change": 0.1228830586736818
    },
    {
      "date": "2025-09-30T00:00:00",
      "quarter_label": "2025-09 (Q3)",
      "revenue": 796916000,
      "gross_profit": null,
      "operating_income": null,
      "net_income": 44259000,
      "opex": null,
      "cogs": null,
      "rd": null,
      "sga": null,
      "fcf": 92645000,
      "ocf": 92645000,
      "capex": null,
      "gross_margin": null,
      "op_margin": null,
      "fcf_margin": 0.11625441075345457,
      "rev_growth_yoy": 0.19309340196214936,
      "rev_growth_yoy_accel": -0.006084652933820628,
      "fcf_margin_change": 0.0422729573504988
    }
  ],
  "signals": [
    {
      "quarter": "2025-06 (Q2)",
      "signal": "FCF TURNED POSITIVE",
      "detail": "FCF margin: -4.9% -> +7.4%",
      "severity": "HIGH"
    },
    {
      "quarter": "2025-06 (Q2)",
      "signal": "YoY REVENUE GROWTH ACCELERATION",
      "detail": "YoY growth: +19.9% vs prior quarter YoY: +10.4% (accel: +9.5%)",
      "severity": "MEDIUM"
    },
    {
      "quarter": "2024-09 (Q3)",
      "signal": "FCF MARGIN EXPANSION",
      "detail": "FCF margin: +3.5% -> +11.4% (+7.9%)",
      "severity": "MEDIUM"
    },
    {
      "quarter": "2024-06 (Q2)",
      "signal": "FCF TURNED POSITIVE",
      "detail": "FCF margin: -5.3% -> +3.5%",
      "severity": "HIGH"
    },
    {
      "quarter": "2024-03 (Q1)",
      "signal": "YoY REVENUE GROWTH ACCELERATION",
      "detail": "YoY growth: +5.7% vs prior quarter YoY: -11.2% (accel: +17.0%)",
      "severity": "HIGH"
    },
    {
      "quarter": "2023-09 (Q3)",
      "signal": "YoY REVENUE GROWTH ACCELERATION",
      "detail": "YoY growth: -16.0% vs prior quarter YoY: -34.9% (accel: +18.9%)",
      "severity": "HIGH"
    },
    {
      "quarter": "2023-06 (Q2)",
      "signal": "FCF TURNED POSITIVE",
      "detail": "FCF margin: -9.7% -> +6.4%",
      "severity": "HIGH"
    },
    {
      "quarter": "2023-03 (Q1)",
      "signal": "YoY REVENUE GROWTH DECELERATION",
      "detail": "YoY growth: -38.5% vs prior quarter YoY: -31.8% (decel: -6.7%)",
      "severity": "WARNING"
    },
    {
      "quarter": "2022-12 (Q4)",
      "signal": "YoY REVENUE GROWTH DECELERATION",
      "detail": "YoY growth: -31.8% vs prior quarter YoY: -14.4% (decel: -17.4%)",
      "severity": "WARNING"
    },
    {
      "quarter": "2022-09 (Q3)",
      "signal": "YoY REVENUE GROWTH DECELERATION",
      "detail": "YoY growth: -14.4% vs prior quarter YoY: +3.1% (decel: -17.5%)",
      "severity": "WARNING"
    },
    {
      "quarter": "2022-06 (Q2)",
      "signal": "FCF MARGIN EXPANSION",
      "detail": "FCF margin: +4.1% -> +9.9% (+5.8%)",
      "severity": "MEDIUM"
    },
    {
      "quarter": "2022-06 (Q2)",
      "signal": "YoY REVENUE GROWTH DECELERATION",
      "detail": "YoY growth: +3.1% vs prior quarter YoY: +23.9% (decel: -20.8%)",
      "severity": "WARNING"
    },
    {
      "quarter": "2022-03 (Q1)",
      "signal": "YoY REVENUE GROWTH DECELERATION",
      "detail": "YoY growth: +23.9% vs prior quarter YoY: +30.5% (decel: -6.7%)",
      "severity": "WARNING"
    },
    {
      "quarter": "2021-06 (Q2)",
      "signal": "FCF MARGIN EXPANSION",
      "detail": "FCF margin: +6.9% -> +12.6% (+5.7%)",
      "severity": "MEDIUM"
    }
  ],
  "data_quality": {
    "n_quarters": 20,
    "coverage": {
      "revenue": [
        20,
        20
      ],
      "gross_profit": [
        0,
        20
      ],
      "op_income": [
        0,
        20
      ],
      "fcf": [
        20,
        20
      ]
    },
    "gaps": [],
    "warnings": [
      "gross_profit: no data",
      "op_income: no data"
    ]
  },
  "market_cap": null,
  "source": "SEC EDGAR",
  "last_updated": "2026-02-02T21:36:11.650055"
}