{
  "ticker": "STCB",
  "name": "STARCO BRANDS, INC.",
  "quarters": [
    {
      "date": "2019-09-30T00:00:00",
      "quarter_label": "2019-09 (Q3)",
      "revenue": 50034,
      "gross_profit": null,
      "operating_income": null,
      "net_income": null,
      "opex": null,
      "cogs": null,
      "rd": null,
      "sga": null,
      "fcf": null,
      "ocf": null,
      "capex": null,
      "gross_margin": null,
      "op_margin": null,
      "fcf_margin": null
    },
    {
      "date": "2019-12-31T00:00:00",
      "quarter_label": "2019-12 (Q4)",
      "revenue": 11504,
      "gross_profit": null,
      "operating_income": null,
      "net_income": null,
      "opex": null,
      "cogs": null,
      "rd": null,
      "sga": null,
      "fcf": null,
      "ocf": null,
      "capex": null,
      "gross_margin": null,
      "op_margin": null,
      "fcf_margin": null
    },
    {
      "date": "2020-03-31T00:00:00",
      "quarter_label": "2020-03 (Q1)",
      "revenue": 55674,
      "gross_profit": null,
      "operating_income": null,
      "net_income": null,
      "opex": null,
      "cogs": null,
      "rd": null,
      "sga": null,
      "fcf": null,
      "ocf": null,
      "capex": null,
      "gross_margin": null,
      "op_margin": null,
      "fcf_margin": null
    },
    {
      "date": "2020-06-30T00:00:00",
      "quarter_label": "2020-06 (Q2)",
      "revenue": 296590,
      "gross_profit": null,
      "operating_income": null,
      "net_income": 155609,
      "opex": null,
      "cogs": null,
      "rd": null,
      "sga": null,
      "fcf": null,
      "ocf": null,
      "capex": null,
      "gross_margin": null,
      "op_margin": null,
      "fcf_margin": null
    },
    {
      "date": "2020-09-30T00:00:00",
      "quarter_label": "2020-09 (Q3)",
      "revenue": 767808,
      "gross_profit": null,
      "operating_income": null,
      "net_income": 461916,
      "opex": null,
      "cogs": null,
      "rd": null,
      "sga": 222334,
      "fcf": null,
      "ocf": null,
      "capex": null,
      "gross_margin": null,
      "op_margin": null,
      "fcf_margin": null,
      "rev_growth_yoy": 14.345724907063197
    },
    {
      "date": "2020-12-31T00:00:00",
      "quarter_label": "2020-12 (Q4)",
      "revenue": 245288,
      "gross_profit": null,
      "operating_income": -61318,
      "net_income": -40134,
      "opex": 306606,
      "cogs": null,
      "rd": null,
      "sga": -21555,
      "fcf": 238280,
      "ocf": 238280,
      "capex": null,
      "gross_margin": null,
      "op_margin": -0.24998369263885717,
      "fcf_margin": 0.9714295032777795,
      "rev_growth_yoy": 20.321974965229487,
      "rev_growth_yoy_accel": 5.97625005816629
    },
    {
      "date": "2021-03-31T00:00:00",
      "quarter_label": "2021-03 (Q1)",
      "revenue": 132514,
      "gross_profit": null,
      "operating_income": -105017,
      "net_income": -115909,
      "opex": 237531,
      "cogs": null,
      "rd": null,
      "sga": 77823,
      "fcf": -167934,
      "ocf": -167934,
      "capex": null,
      "gross_margin": null,
      "op_margin": -0.7924973965015017,
      "fcf_margin": -1.2672925124892465,
      "rev_growth_yoy": 1.3801774616517584,
      "rev_growth_yoy_accel": -18.941797503577728,
      "fcf_margin_change": -2.238722015767026
    },
    {
      "date": "2021-06-30T00:00:00",
      "quarter_label": "2021-06 (Q2)",
      "revenue": 242056,
      "gross_profit": null,
      "operating_income": -28972,
      "net_income": -40766,
      "opex": 271028,
      "cogs": null,
      "rd": null,
      "sga": null,
      "fcf": -309918,
      "ocf": -309918,
      "capex": null,
      "gross_margin": null,
      "op_margin": -0.11969131110156328,
      "fcf_margin": -1.280356611693162,
      "rev_growth_yoy": -0.18386998887352912,
      "rev_growth_yoy_accel": -1.5640474505252875,
      "op_leverage_ratio": 5.861830904485998,
      "fcf_margin_change": -0.013064099203915491
    },
    {
      "date": "2021-09-30T00:00:00",
      "quarter_label": "2021-09 (Q3)",
      "revenue": 109503,
      "gross_profit": 109503,
      "operating_income": -389826,
      "net_income": -392813,
      "opex": 499329,
      "cogs": 0,
      "rd": null,
      "sga": 430176,
      "fcf": -208047,
      "ocf": -208047,
      "capex": null,
      "gross_margin": 1.0,
      "op_margin": -3.5599572614448918,
      "fcf_margin": -1.8999205501219145,
      "rev_growth_yoy": -0.8573823143285821,
      "rev_growth_yoy_accel": -0.673512325455053,
      "fcf_margin_change": -0.6195639384287526
    },
    {
      "date": "2021-12-31T00:00:00",
      "quarter_label": "2021-12 (Q4)",
      "revenue": 189256,
      "gross_profit": 189256,
      "operating_income": -1766786,
      "net_income": -1701677,
      "opex": 1956042,
      "cogs": null,
      "rd": null,
      "sga": 408980,
      "fcf": -1151341,
      "ocf": -1151341,
      "capex": null,
      "gross_margin": 1.0,
      "op_margin": -9.335429259838525,
      "fcf_margin": -6.083511222893858,
      "rev_growth_yoy": -0.22843351488862074,
      "rev_growth_yoy_accel": 0.6289487994399614,
      "op_leverage_ratio": 0.2496512844136178,
      "fcf_margin_change": -4.183590672771944
    },
    {
      "date": "2022-03-31T00:00:00",
      "quarter_label": "2022-03 (Q1)",
      "revenue": 923274,
      "gross_profit": 923274,
      "operating_income": 67666,
      "net_income": 40949,
      "opex": 855608,
      "cogs": null,
      "rd": null,
      "sga": 583181,
      "fcf": -566093,
      "ocf": -566093,
      "capex": null,
      "gross_margin": 1.0,
      "op_margin": 0.07328918609210266,
      "fcf_margin": -0.6131365120213501,
      "rev_growth_yoy": 5.967369485488326,
      "rev_growth_yoy_accel": 6.195803000376946,
      "op_leverage_ratio": Infinity,
      "fcf_margin_change": 5.470374710872507
    },
    {
      "date": "2022-06-30T00:00:00",
      "quarter_label": "2022-06 (Q2)",
      "revenue": 1230219,
      "gross_profit": 1230219,
      "operating_income": 182754,
      "net_income": 142413,
      "opex": 1047466,
      "cogs": null,
      "rd": null,
      "sga": 730479,
      "fcf": -36073,
      "ocf": -36073,
      "capex": null,
      "gross_margin": 1.0,
      "op_margin": 0.14855403793958635,
      "fcf_margin": -0.029322421455041745,
      "rev_growth_yoy": 4.082373500347027,
      "rev_growth_yoy_accel": -1.8849959851412983,
      "op_leverage_ratio": 1.4826030229386296,
      "fcf_margin_change": 0.5838140905663084
    },
    {
      "date": "2022-09-30T00:00:00",
      "quarter_label": "2022-09 (Q3)",
      "revenue": 1658253,
      "gross_profit": 1314259,
      "operating_income": -110778,
      "net_income": -150542,
      "opex": 1425037,
      "cogs": 343994,
      "rd": null,
      "sga": 364331,
      "fcf": -31367,
      "ocf": -31367,
      "capex": null,
      "gross_margin": 0.7925563831333337,
      "op_margin": -0.06680404015551306,
      "fcf_margin": -0.018915690187203037,
      "incr_op_margin_yoy": 0.18017627118644067,
      "rev_growth_yoy": 14.143448124708913,
      "rev_growth_yoy_accel": 10.061074624361886,
      "op_leverage_ratio": 0.9652440702748356,
      "fcf_margin_change": 0.010406731267838708
    },
    {
      "date": "2022-12-31T00:00:00",
      "quarter_label": "2022-12 (Q4)",
      "revenue": 4000982,
      "gross_profit": 3568849,
      "operating_income": 1010344,
      "net_income": 777148,
      "opex": 2558505,
      "cogs": 432133,
      "rd": null,
      "sga": 1078817,
      "fcf": 1011310,
      "ocf": 1011310,
      "capex": null,
      "gross_margin": 0.8919932656532821,
      "op_margin": 0.25252400535668496,
      "fcf_margin": 0.2527654460829866,
      "incr_op_margin_yoy": 0.7285754537445766,
      "rev_growth_yoy": 20.1405820687323,
      "rev_growth_yoy_accel": 5.997133944023387,
      "op_leverage_ratio": 1.7761847578326488,
      "fcf_margin_change": 0.27168113627018964
    },
    {
      "date": "2023-03-31T00:00:00",
      "quarter_label": "2023-03 (Q1)",
      "revenue": 11143801,
      "gross_profit": 6056051,
      "operating_income": -1632688,
      "net_income": -1721546,
      "opex": 7688739,
      "cogs": 5087750,
      "rd": null,
      "sga": 3684666,
      "fcf": -121811,
      "ocf": -121811,
      "capex": null,
      "gross_margin": 0.5434457237705519,
      "op_margin": -0.14651087182910033,
      "fcf_margin": -0.01093083051285643,
      "incr_op_margin_yoy": -0.16636656798617136,
      "rev_growth_yoy": 11.069874165199064,
      "rev_growth_yoy_accel": -9.070707903533236,
      "op_leverage_ratio": 0.8903323283816059,
      "fcf_margin_change": -0.26369627659584305
    },
    {
      "date": "2023-06-30T00:00:00",
      "quarter_label": "2023-06 (Q2)",
      "revenue": 17509270,
      "gross_profit": 7250807,
      "operating_income": -5952665,
      "net_income": -6018240,
      "opex": 13203472,
      "cogs": 10258463,
      "rd": null,
      "sga": 5041441,
      "fcf": 170806,
      "ocf": 170806,
      "capex": null,
      "gross_margin": 0.4141124672816171,
      "op_margin": -0.33997219758447955,
      "fcf_margin": 0.009755175401373101,
      "incr_op_margin_yoy": -0.3768904587865718,
      "rev_growth_yoy": 13.232644756746563,
      "rev_growth_yoy_accel": 2.162770591547499,
      "op_leverage_ratio": 0.7963934646763718,
      "fcf_margin_change": 0.020686005914229533
    },
    {
      "date": "2023-09-30T00:00:00",
      "quarter_label": "2023-09 (Q3)",
      "revenue": 17673046,
      "gross_profit": 8308724,
      "operating_income": 2738098,
      "net_income": 2327030,
      "opex": 5570626,
      "cogs": 9364322,
      "rd": null,
      "sga": 5522525,
      "fcf": -335815,
      "ocf": -335815,
      "capex": null,
      "gross_margin": 0.4701353688549218,
      "op_margin": 0.1549307346339731,
      "fcf_margin": -0.019001534879725883,
      "incr_op_margin_yoy": 0.17789027931862747,
      "rev_growth_yoy": 9.657629444964067,
      "rev_growth_yoy_accel": -3.5750153117824954,
      "fcf_margin_change": -0.028756710281098982
    },
    {
      "date": "2023-12-31T00:00:00",
      "quarter_label": "2023-12 (Q4)",
      "revenue": 18885121,
      "gross_profit": 6164379,
      "operating_income": -40605889,
      "net_income": -40778494,
      "opex": 46770268,
      "cogs": 12720742,
      "rd": null,
      "sga": 7395101,
      "fcf": 955641,
      "ocf": 973477,
      "capex": -17836,
      "gross_margin": 0.32641458850065086,
      "op_margin": -2.1501524401140983,
      "fcf_margin": 0.050602852902028005,
      "incr_op_margin_yoy": -2.7960121173283854,
      "rev_growth_yoy": 3.7201214601815256,
      "rev_growth_yoy_accel": -5.937507984782542,
      "op_leverage_ratio": 0.009273179049064462,
      "fcf_margin_change": 0.06960438778175389
    },
    {
      "date": "2024-03-31T00:00:00",
      "quarter_label": "2024-03 (Q1)",
      "revenue": 15490681,
      "gross_profit": 7014144,
      "operating_income": -3994604,
      "net_income": -4462678,
      "opex": 11008748,
      "cogs": 8476537,
      "rd": null,
      "sga": 5315953,
      "fcf": 795603,
      "ocf": 822453,
      "capex": -26850,
      "gross_margin": 0.4527976529889164,
      "op_margin": -0.2578714260528637,
      "fcf_margin": 0.051360104826895604,
      "incr_op_margin_yoy": -0.5433589148998822,
      "rev_growth_yoy": 0.39007157432190326,
      "rev_growth_yoy_accel": -3.3300498858596224,
      "fcf_margin_change": 0.0007572519248675996
    },
    {
      "date": "2024-06-30T00:00:00",
      "quarter_label": "2024-06 (Q2)",
      "revenue": 15570741,
      "gross_profit": 5703985,
      "operating_income": -11068998,
      "net_income": -11559482,
      "opex": 16772983,
      "cogs": 9866756,
      "rd": null,
      "sga": 4520678,
      "fcf": -703073,
      "ocf": -697724,
      "capex": -5349,
      "gross_margin": 0.3663271388304513,
      "op_margin": -0.7108844723574812,
      "fcf_margin": -0.04515347085922244,
      "incr_op_margin_yoy": 2.6392862835686235,
      "rev_growth_yoy": -0.1107144386944744,
      "rev_growth_yoy_accel": -0.5007860130163777,
      "fcf_margin_change": -0.09651357568611804
    }
  ],
  "signals": [
    {
      "quarter": "2024-06 (Q2)",
      "signal": "YoY REVENUE GROWTH DECELERATION",
      "detail": "YoY growth: -11.1% vs prior quarter YoY: +39.0% (decel: -50.1%)",
      "severity": "WARNING"
    },
    {
      "quarter": "2024-03 (Q1)",
      "signal": "GROSS MARGIN INFLECTION",
      "detail": "GM: +47.0% -> +32.6% -> +45.3% (reversal +12.6%)",
      "severity": "HIGH"
    },
    {
      "quarter": "2024-03 (Q1)",
      "signal": "YoY REVENUE GROWTH DECELERATION",
      "detail": "YoY growth: +39.0% vs prior quarter YoY: +372.0% (decel: -333.0%)",
      "severity": "WARNING"
    },
    {
      "quarter": "2023-12 (Q4)",
      "signal": "FCF TURNED POSITIVE",
      "detail": "FCF margin: -1.9% -> +5.1%",
      "severity": "HIGH"
    },
    {
      "quarter": "2023-12 (Q4)",
      "signal": "YoY REVENUE GROWTH DECELERATION",
      "detail": "YoY growth: +372.0% vs prior quarter YoY: +965.8% (decel: -593.8%)",
      "severity": "WARNING"
    },
    {
      "quarter": "2023-09 (Q3)",
      "signal": "GROSS MARGIN INFLECTION",
      "detail": "GM: +54.3% -> +41.4% -> +47.0% (reversal +5.6%)",
      "severity": "HIGH"
    },
    {
      "quarter": "2023-09 (Q3)",
      "signal": "YoY REVENUE GROWTH DECELERATION",
      "detail": "YoY growth: +965.8% vs prior quarter YoY: +1323.3% (decel: -357.5%)",
      "severity": "WARNING"
    },
    {
      "quarter": "2023-09 (Q3)",
      "signal": "OP MARGIN TURNED POSITIVE (YoY)",
      "detail": "Op margin: -6.7% (year-ago) -> +15.5%",
      "severity": "HIGH"
    },
    {
      "quarter": "2023-09 (Q3)",
      "signal": "OP MARGIN TURNED POSITIVE (QoQ)",
      "detail": "Op margin: -34.0% -> +15.5%",
      "severity": "HIGH"
    },
    {
      "quarter": "2023-06 (Q2)",
      "signal": "FCF TURNED POSITIVE",
      "detail": "FCF margin: -1.1% -> +1.0%",
      "severity": "HIGH"
    },
    {
      "quarter": "2023-06 (Q2)",
      "signal": "YoY REVENUE GROWTH ACCELERATION",
      "detail": "YoY growth: +1323.3% vs prior quarter YoY: +1107.0% (accel: +216.3%)",
      "severity": "HIGH"
    },
    {
      "quarter": "2023-03 (Q1)",
      "signal": "YoY REVENUE GROWTH DECELERATION",
      "detail": "YoY growth: +1107.0% vs prior quarter YoY: +2014.1% (decel: -907.1%)",
      "severity": "WARNING"
    },
    {
      "quarter": "2022-12 (Q4)",
      "signal": "FCF TURNED POSITIVE",
      "detail": "FCF margin: -1.9% -> +25.3%",
      "severity": "HIGH"
    },
    {
      "quarter": "2022-12 (Q4)",
      "signal": "OPERATING LEVERAGE",
      "detail": "Rev growth +141.3% vs OpEx growth +79.5% (leverage: 1.8x)",
      "severity": "MEDIUM"
    },
    {
      "quarter": "2022-12 (Q4)",
      "signal": "GROSS MARGIN INFLECTION",
      "detail": "GM: +100.0% -> +79.3% -> +89.2% (reversal +9.9%)",
      "severity": "HIGH"
    },
    {
      "quarter": "2022-12 (Q4)",
      "signal": "YoY REVENUE GROWTH ACCELERATION",
      "detail": "YoY growth: +2014.1% vs prior quarter YoY: +1414.3% (accel: +599.7%)",
      "severity": "HIGH"
    },
    {
      "quarter": "2022-12 (Q4)",
      "signal": "OP MARGIN TURNED POSITIVE (YoY)",
      "detail": "Op margin: -933.5% (year-ago) -> +25.3%",
      "severity": "HIGH"
    },
    {
      "quarter": "2022-12 (Q4)",
      "signal": "OP MARGIN TURNED POSITIVE (QoQ)",
      "detail": "Op margin: -6.7% -> +25.3%",
      "severity": "HIGH"
    },
    {
      "quarter": "2022-09 (Q3)",
      "signal": "YoY REVENUE GROWTH ACCELERATION",
      "detail": "YoY growth: +1414.3% vs prior quarter YoY: +408.2% (accel: +1006.1%)",
      "severity": "HIGH"
    },
    {
      "quarter": "2022-06 (Q2)",
      "signal": "FCF MARGIN EXPANSION",
      "detail": "FCF margin: -61.3% -> -2.9% (+58.4%)",
      "severity": "MEDIUM"
    },
    {
      "quarter": "2022-06 (Q2)",
      "signal": "YoY REVENUE GROWTH DECELERATION",
      "detail": "YoY growth: +408.2% vs prior quarter YoY: +596.7% (decel: -188.5%)",
      "severity": "WARNING"
    },
    {
      "quarter": "2022-06 (Q2)",
      "signal": "OP MARGIN TURNED POSITIVE (YoY)",
      "detail": "Op margin: -12.0% (year-ago) -> +14.9%",
      "severity": "HIGH"
    },
    {
      "quarter": "2022-03 (Q1)",
      "signal": "FCF MARGIN EXPANSION",
      "detail": "FCF margin: -608.4% -> -61.3% (+547.0%)",
      "severity": "MEDIUM"
    },
    {
      "quarter": "2022-03 (Q1)",
      "signal": "YoY REVENUE GROWTH ACCELERATION",
      "detail": "YoY growth: +596.7% vs prior quarter YoY: -22.8% (accel: +619.6%)",
      "severity": "HIGH"
    },
    {
      "quarter": "2022-03 (Q1)",
      "signal": "OP MARGIN TURNED POSITIVE (YoY)",
      "detail": "Op margin: -79.2% (year-ago) -> +7.3%",
      "severity": "HIGH"
    },
    {
      "quarter": "2022-03 (Q1)",
      "signal": "OP MARGIN TURNED POSITIVE (QoQ)",
      "detail": "Op margin: -933.5% -> +7.3%",
      "severity": "HIGH"
    },
    {
      "quarter": "2021-12 (Q4)",
      "signal": "YoY REVENUE GROWTH ACCELERATION",
      "detail": "YoY growth: -22.8% vs prior quarter YoY: -85.7% (accel: +62.9%)",
      "severity": "HIGH"
    },
    {
      "quarter": "2021-09 (Q3)",
      "signal": "YoY REVENUE GROWTH DECELERATION",
      "detail": "YoY growth: -85.7% vs prior quarter YoY: -18.4% (decel: -67.4%)",
      "severity": "WARNING"
    },
    {
      "quarter": "2021-06 (Q2)",
      "signal": "OPERATING LEVERAGE",
      "detail": "Rev growth +82.7% vs OpEx growth +14.1% (leverage: 5.9x)",
      "severity": "MEDIUM"
    },
    {
      "quarter": "2021-06 (Q2)",
      "signal": "YoY REVENUE GROWTH DECELERATION",
      "detail": "YoY growth: -18.4% vs prior quarter YoY: +138.0% (decel: -156.4%)",
      "severity": "WARNING"
    },
    {
      "quarter": "2021-03 (Q1)",
      "signal": "YoY REVENUE GROWTH DECELERATION",
      "detail": "YoY growth: +138.0% vs prior quarter YoY: +2032.2% (decel: -1894.2%)",
      "severity": "WARNING"
    },
    {
      "quarter": "2020-12 (Q4)",
      "signal": "YoY REVENUE GROWTH ACCELERATION",
      "detail": "YoY growth: +2032.2% vs prior quarter YoY: +1434.6% (accel: +597.6%)",
      "severity": "HIGH"
    }
  ],
  "data_quality": {
    "n_quarters": 20,
    "coverage": {
      "revenue": [
        20,
        20
      ],
      "gross_profit": [
        12,
        20
      ],
      "op_income": [
        15,
        20
      ],
      "fcf": [
        15,
        20
      ]
    },
    "gaps": [],
    "warnings": [
      "gross_profit: 12/20Q",
      "op_income: 15/20Q",
      "fcf: 15/20Q"
    ]
  },
  "market_cap": null,
  "source": "SEC EDGAR",
  "last_updated": "2026-02-02T23:54:39.261340"
}