{
  "ticker": "STEP",
  "name": "STEPSTONE GROUP INC.",
  "quarters": [
    {
      "date": "2020-12-31T00:00:00",
      "quarter_label": "2020-12 (Q4)",
      "revenue": 247150000,
      "gross_profit": null,
      "operating_income": null,
      "net_income": 25578000,
      "opex": 136432000,
      "cogs": null,
      "rd": null,
      "sga": null,
      "fcf": 37179000,
      "ocf": 37435000,
      "capex": -256000,
      "gross_margin": null,
      "op_margin": null,
      "fcf_margin": 0.15043091240137568
    },
    {
      "date": "2021-03-31T00:00:00",
      "quarter_label": "2021-03 (Q1)",
      "revenue": 359066000,
      "gross_profit": null,
      "operating_income": null,
      "net_income": 37846000,
      "opex": 205122000,
      "cogs": null,
      "rd": null,
      "sga": null,
      "fcf": 28745000,
      "ocf": 29002000,
      "capex": -257000,
      "gross_margin": null,
      "op_margin": null,
      "fcf_margin": 0.08005492026535511,
      "op_leverage_ratio": 0.8994029217693733,
      "fcf_margin_change": -0.07037599213602057
    },
    {
      "date": "2021-06-30T00:00:00",
      "quarter_label": "2021-06 (Q2)",
      "revenue": 308605000,
      "gross_profit": null,
      "operating_income": null,
      "net_income": 41650000,
      "opex": 173724000,
      "cogs": null,
      "rd": null,
      "sga": null,
      "fcf": 74535000,
      "ocf": 75729000,
      "capex": -1194000,
      "gross_margin": null,
      "op_margin": null,
      "fcf_margin": 0.2415223343756582,
      "fcf_margin_change": 0.16146741411030308
    },
    {
      "date": "2021-09-30T00:00:00",
      "quarter_label": "2021-09 (Q3)",
      "revenue": 281765000,
      "gross_profit": null,
      "operating_income": null,
      "net_income": 62074000,
      "opex": 173401000,
      "cogs": null,
      "rd": null,
      "sga": null,
      "fcf": 59644000,
      "ocf": 59771000,
      "capex": -127000,
      "gross_margin": null,
      "op_margin": null,
      "fcf_margin": 0.21167994605433607,
      "fcf_margin_change": -0.029842388321322133
    },
    {
      "date": "2021-12-31T00:00:00",
      "quarter_label": "2021-12 (Q4)",
      "revenue": 410465000,
      "gross_profit": null,
      "operating_income": null,
      "net_income": 48346000,
      "opex": 292732000,
      "cogs": null,
      "rd": null,
      "sga": null,
      "fcf": 46155000,
      "ocf": 46478000,
      "capex": -323000,
      "gross_margin": null,
      "op_margin": null,
      "fcf_margin": 0.11244564091944502,
      "rev_growth_yoy": 0.6607930406635646,
      "op_leverage_ratio": 0.6637275110124854,
      "fcf_margin_change": -0.09923430513489105
    },
    {
      "date": "2022-03-31T00:00:00",
      "quarter_label": "2022-03 (Q1)",
      "revenue": 364690000,
      "gross_profit": null,
      "operating_income": null,
      "net_income": 41815000,
      "opex": 273306000,
      "cogs": null,
      "rd": null,
      "sga": null,
      "fcf": 31844000,
      "ocf": 32303000,
      "capex": -459000,
      "gross_margin": null,
      "op_margin": null,
      "fcf_margin": 0.08731799610628205,
      "rev_growth_yoy": 0.01566285863880178,
      "rev_growth_yoy_accel": -0.6451301820247628,
      "fcf_margin_change": -0.025127644813162972
    },
    {
      "date": "2022-06-30T00:00:00",
      "quarter_label": "2022-06 (Q2)",
      "revenue": -77218000,
      "gross_profit": null,
      "operating_income": null,
      "net_income": -11040000,
      "opex": -68418000,
      "cogs": null,
      "rd": null,
      "sga": null,
      "fcf": 57134000,
      "ocf": 57482000,
      "capex": -348000,
      "gross_margin": null,
      "op_margin": null,
      "fcf_margin": -0.7399052034499728,
      "rev_growth_yoy": -1.2502162959122503,
      "rev_growth_yoy_accel": -1.265879154551052,
      "fcf_margin_change": -0.8272231995562549
    },
    {
      "date": "2022-09-30T00:00:00",
      "quarter_label": "2022-09 (Q3)",
      "revenue": -158495000,
      "gross_profit": null,
      "operating_income": null,
      "net_income": -29221000,
      "opex": -104151000,
      "cogs": null,
      "rd": null,
      "sga": null,
      "fcf": 86485000,
      "ocf": 88232000,
      "capex": -1747000,
      "gross_margin": null,
      "op_margin": null,
      "fcf_margin": -0.5456639010694344,
      "rev_growth_yoy": -1.5625077635618334,
      "rev_growth_yoy_accel": -0.31229146764958315,
      "op_leverage_ratio": 2.015347827406133,
      "fcf_margin_change": 0.19424130238053838
    },
    {
      "date": "2022-12-31T00:00:00",
      "quarter_label": "2022-12 (Q4)",
      "revenue": -4235000,
      "gross_profit": null,
      "operating_income": null,
      "net_income": -6938000,
      "opex": 5248000,
      "cogs": null,
      "rd": null,
      "sga": null,
      "fcf": 4931000,
      "ocf": 5985000,
      "capex": -1054000,
      "gross_margin": null,
      "op_margin": null,
      "fcf_margin": -1.164344746162928,
      "rev_growth_yoy": -1.0103175666622002,
      "rev_growth_yoy_accel": 0.5521901968996332,
      "fcf_margin_change": -0.6186808450934935
    },
    {
      "date": "2023-03-31T00:00:00",
      "quarter_label": "2023-03 (Q1)",
      "revenue": 172374000,
      "gross_profit": null,
      "operating_income": null,
      "net_income": 28801000,
      "opex": 100244000,
      "cogs": null,
      "rd": null,
      "sga": null,
      "fcf": -2994000,
      "ocf": -516000,
      "capex": -2478000,
      "gross_margin": null,
      "op_margin": null,
      "fcf_margin": -0.01736920881339413,
      "rev_growth_yoy": -0.5273410293674079,
      "rev_growth_yoy_accel": 0.4829765372947923,
      "fcf_margin_change": 1.1469755373495338
    },
    {
      "date": "2023-06-30T00:00:00",
      "quarter_label": "2023-06 (Q2)",
      "revenue": 178011000,
      "gross_profit": null,
      "operating_income": null,
      "net_income": 21269000,
      "opex": 121196000,
      "cogs": null,
      "rd": null,
      "sga": null,
      "fcf": 49831000,
      "ocf": 57587000,
      "capex": -7756000,
      "gross_margin": null,
      "op_margin": null,
      "fcf_margin": 0.27993213902511643,
      "op_leverage_ratio": 0.15646210813267844,
      "fcf_margin_change": 0.2973013478385106
    },
    {
      "date": "2023-09-30T00:00:00",
      "quarter_label": "2023-09 (Q3)",
      "revenue": 191422000,
      "gross_profit": null,
      "operating_income": null,
      "net_income": 26225000,
      "opex": 130325000,
      "cogs": null,
      "rd": null,
      "sga": null,
      "fcf": 64281000,
      "ocf": 71130000,
      "capex": -6849000,
      "gross_margin": null,
      "op_margin": null,
      "fcf_margin": 0.33580779638704017,
      "op_leverage_ratio": 1.0001828465150175,
      "fcf_margin_change": 0.055875657361923736
    },
    {
      "date": "2023-12-31T00:00:00",
      "quarter_label": "2023-12 (Q4)",
      "revenue": -14612000,
      "gross_profit": null,
      "operating_income": null,
      "net_income": -20226000,
      "opex": 19153000,
      "cogs": null,
      "rd": null,
      "sga": null,
      "fcf": 21089000,
      "ocf": 25176000,
      "capex": -4087000,
      "gross_margin": null,
      "op_margin": null,
      "fcf_margin": -1.443265808924172,
      "fcf_margin_change": -1.7790736053112122
    },
    {
      "date": "2024-03-31T00:00:00",
      "quarter_label": "2024-03 (Q1)",
      "revenue": 356810000,
      "gross_profit": null,
      "operating_income": null,
      "net_income": 30823000,
      "opex": 269186000,
      "cogs": null,
      "rd": null,
      "sga": null,
      "fcf": 6714000,
      "ocf": 7629000,
      "capex": -915000,
      "gross_margin": null,
      "op_margin": null,
      "fcf_margin": 0.018816737199069532,
      "rev_growth_yoy": 1.069975750403193,
      "fcf_margin_change": 1.4620825461232414
    },
    {
      "date": "2024-06-30T00:00:00",
      "quarter_label": "2024-06 (Q2)",
      "revenue": 186401000,
      "gross_profit": null,
      "operating_income": null,
      "net_income": 13328000,
      "opex": 139250000,
      "cogs": null,
      "rd": null,
      "sga": null,
      "fcf": 49595000,
      "ocf": 50170000,
      "capex": -575000,
      "gross_margin": null,
      "op_margin": null,
      "fcf_margin": 0.26606616917291215,
      "rev_growth_yoy": 0.04713191881400588,
      "rev_growth_yoy_accel": -1.0228438315891872,
      "fcf_margin_change": 0.2472494319738426
    },
    {
      "date": "2024-09-30T00:00:00",
      "quarter_label": "2024-09 (Q3)",
      "revenue": 271677000,
      "gross_profit": null,
      "operating_income": null,
      "net_income": 17632000,
      "opex": 220696000,
      "cogs": null,
      "rd": null,
      "sga": null,
      "fcf": 52402000,
      "ocf": 53696000,
      "capex": -1294000,
      "gross_margin": null,
      "op_margin": null,
      "fcf_margin": 0.19288346087449434,
      "rev_growth_yoy": 0.4192569297154977,
      "rev_growth_yoy_accel": 0.37212501090149186,
      "op_leverage_ratio": 0.7821751729496369,
      "fcf_margin_change": -0.0731827082984178
    },
    {
      "date": "2024-12-31T00:00:00",
      "quarter_label": "2024-12 (Q4)",
      "revenue": 339023000,
      "gross_profit": null,
      "operating_income": null,
      "net_income": -192015000,
      "opex": 698105000,
      "cogs": null,
      "rd": null,
      "sga": null,
      "fcf": 27019000,
      "ocf": 27585000,
      "capex": -566000,
      "gross_margin": null,
      "op_margin": null,
      "fcf_margin": 0.07969665774888429,
      "op_leverage_ratio": 0.11459424115096054,
      "fcf_margin_change": -0.11318680312561005
    },
    {
      "date": "2025-03-31T00:00:00",
      "quarter_label": "2025-03 (Q1)",
      "revenue": 377729000,
      "gross_profit": null,
      "operating_income": null,
      "net_income": -18508000,
      "opex": 383598000,
      "cogs": null,
      "rd": null,
      "sga": null,
      "fcf": -69188000,
      "ocf": -66523000,
      "capex": -2665000,
      "gross_margin": null,
      "op_margin": null,
      "fcf_margin": -0.1831683561495146,
      "rev_growth_yoy": 0.05862784114794989,
      "op_leverage_ratio": Infinity,
      "fcf_margin_change": -0.2628650138983989
    },
    {
      "date": "2025-06-30T00:00:00",
      "quarter_label": "2025-06 (Q2)",
      "revenue": 364287000,
      "gross_profit": null,
      "operating_income": null,
      "net_income": -38424000,
      "opex": 423316000,
      "cogs": null,
      "rd": null,
      "sga": null,
      "fcf": 45187000,
      "ocf": 46282000,
      "capex": -1095000,
      "gross_margin": null,
      "op_margin": null,
      "fcf_margin": 0.1240423073016605,
      "rev_growth_yoy": 0.9543189145980977,
      "rev_growth_yoy_accel": 0.8956910734501478,
      "fcf_margin_change": 0.3072106634511751
    },
    {
      "date": "2025-09-30T00:00:00",
      "quarter_label": "2025-09 (Q3)",
      "revenue": 454225000,
      "gross_profit": null,
      "operating_income": null,
      "net_income": -366142000,
      "opex": 1176975000,
      "cogs": null,
      "rd": null,
      "sga": null,
      "fcf": 15910000,
      "ocf": 16241000,
      "capex": -331000,
      "gross_margin": null,
      "op_margin": null,
      "fcf_margin": 0.035026693819142495,
      "rev_growth_yoy": 0.6719302701369642,
      "rev_growth_yoy_accel": -0.28238864446113354,
      "op_leverage_ratio": 0.13867218112407564,
      "fcf_margin_change": -0.08901561348251802
    }
  ],
  "signals": [
    {
      "quarter": "2025-09 (Q3)",
      "signal": "YoY REVENUE GROWTH DECELERATION",
      "detail": "YoY growth: +67.2% vs prior quarter YoY: +95.4% (decel: -28.2%)",
      "severity": "WARNING"
    },
    {
      "quarter": "2025-06 (Q2)",
      "signal": "FCF TURNED POSITIVE",
      "detail": "FCF margin: -18.3% -> +12.4%",
      "severity": "HIGH"
    },
    {
      "quarter": "2025-06 (Q2)",
      "signal": "YoY REVENUE GROWTH ACCELERATION",
      "detail": "YoY growth: +95.4% vs prior quarter YoY: +5.9% (accel: +89.6%)",
      "severity": "HIGH"
    },
    {
      "quarter": "2024-09 (Q3)",
      "signal": "YoY REVENUE GROWTH ACCELERATION",
      "detail": "YoY growth: +41.9% vs prior quarter YoY: +4.7% (accel: +37.2%)",
      "severity": "HIGH"
    },
    {
      "quarter": "2024-06 (Q2)",
      "signal": "FCF MARGIN EXPANSION",
      "detail": "FCF margin: +1.9% -> +26.6% (+24.7%)",
      "severity": "MEDIUM"
    },
    {
      "quarter": "2024-06 (Q2)",
      "signal": "YoY REVENUE GROWTH DECELERATION",
      "detail": "YoY growth: +4.7% vs prior quarter YoY: +107.0% (decel: -102.3%)",
      "severity": "WARNING"
    },
    {
      "quarter": "2024-03 (Q1)",
      "signal": "FCF TURNED POSITIVE",
      "detail": "FCF margin: -144.3% -> +1.9%",
      "severity": "HIGH"
    },
    {
      "quarter": "2023-09 (Q3)",
      "signal": "FCF MARGIN EXPANSION",
      "detail": "FCF margin: +28.0% -> +33.6% (+5.6%)",
      "severity": "MEDIUM"
    },
    {
      "quarter": "2023-06 (Q2)",
      "signal": "FCF TURNED POSITIVE",
      "detail": "FCF margin: -1.7% -> +28.0%",
      "severity": "HIGH"
    },
    {
      "quarter": "2023-03 (Q1)",
      "signal": "FCF MARGIN EXPANSION",
      "detail": "FCF margin: -116.4% -> -1.7% (+114.7%)",
      "severity": "MEDIUM"
    },
    {
      "quarter": "2023-03 (Q1)",
      "signal": "YoY REVENUE GROWTH ACCELERATION",
      "detail": "YoY growth: -52.7% vs prior quarter YoY: -101.0% (accel: +48.3%)",
      "severity": "HIGH"
    },
    {
      "quarter": "2022-12 (Q4)",
      "signal": "YoY REVENUE GROWTH ACCELERATION",
      "detail": "YoY growth: -101.0% vs prior quarter YoY: -156.3% (accel: +55.2%)",
      "severity": "HIGH"
    },
    {
      "quarter": "2022-09 (Q3)",
      "signal": "FCF MARGIN EXPANSION",
      "detail": "FCF margin: -74.0% -> -54.6% (+19.4%)",
      "severity": "MEDIUM"
    },
    {
      "quarter": "2022-09 (Q3)",
      "signal": "OPERATING LEVERAGE",
      "detail": "Rev growth +105.3% vs OpEx growth +52.2% (leverage: 2.0x)",
      "severity": "MEDIUM"
    },
    {
      "quarter": "2022-09 (Q3)",
      "signal": "YoY REVENUE GROWTH DECELERATION",
      "detail": "YoY growth: -156.3% vs prior quarter YoY: -125.0% (decel: -31.2%)",
      "severity": "WARNING"
    },
    {
      "quarter": "2022-06 (Q2)",
      "signal": "YoY REVENUE GROWTH DECELERATION",
      "detail": "YoY growth: -125.0% vs prior quarter YoY: +1.6% (decel: -126.6%)",
      "severity": "WARNING"
    },
    {
      "quarter": "2022-03 (Q1)",
      "signal": "YoY REVENUE GROWTH DECELERATION",
      "detail": "YoY growth: +1.6% vs prior quarter YoY: +66.1% (decel: -64.5%)",
      "severity": "WARNING"
    },
    {
      "quarter": "2021-06 (Q2)",
      "signal": "FCF MARGIN EXPANSION",
      "detail": "FCF margin: +8.0% -> +24.2% (+16.1%)",
      "severity": "MEDIUM"
    }
  ],
  "data_quality": {
    "n_quarters": 20,
    "coverage": {
      "revenue": [
        20,
        20
      ],
      "gross_profit": [
        0,
        20
      ],
      "op_income": [
        0,
        20
      ],
      "fcf": [
        20,
        20
      ]
    },
    "gaps": [],
    "warnings": [
      "gross_profit: no data",
      "op_income: no data"
    ]
  },
  "market_cap": null,
  "source": "SEC EDGAR",
  "last_updated": "2026-02-02T20:41:42.888480"
}