{
  "ticker": "STHO",
  "name": "Star\u00a0Holdings",
  "sector": "Real Estate",
  "industry": "Real Estate Services",
  "quarters": [
    {
      "date": "2022-03-31T00:00:00",
      "quarter_label": "2022-03 (Q1)",
      "revenue": 26871000,
      "gross_profit": null,
      "operating_income": null,
      "net_income": -520000,
      "opex": 40014000,
      "cogs": null,
      "rd": null,
      "sga": null,
      "fcf": -10750000,
      "ocf": -10750000,
      "capex": null,
      "gross_margin": null,
      "op_margin": null,
      "fcf_margin": -0.4000595437460459
    },
    {
      "date": "2022-06-30T00:00:00",
      "quarter_label": "2022-06 (Q2)",
      "revenue": 40743000,
      "gross_profit": null,
      "operating_income": null,
      "net_income": -20890000,
      "opex": 70530000,
      "cogs": null,
      "rd": null,
      "sga": null,
      "fcf": -8468000,
      "ocf": -8468000,
      "capex": null,
      "gross_margin": null,
      "op_margin": null,
      "fcf_margin": -0.20783938345237218,
      "op_leverage_ratio": 0.6769235335109841,
      "fcf_margin_change": 0.19222016029367373
    },
    {
      "date": "2022-09-30T00:00:00",
      "quarter_label": "2022-09 (Q3)",
      "revenue": 38412000,
      "gross_profit": null,
      "operating_income": null,
      "net_income": 17511000,
      "opex": 49837000,
      "cogs": null,
      "rd": null,
      "sga": null,
      "fcf": 1000000,
      "ocf": 1000000,
      "capex": null,
      "gross_margin": null,
      "op_margin": null,
      "fcf_margin": 0.026033531188170363,
      "fcf_margin_change": 0.23387291464054255
    },
    {
      "date": "2022-12-31T00:00:00",
      "quarter_label": "2022-12 (Q4)",
      "revenue": 18051000,
      "gross_profit": null,
      "operating_income": null,
      "net_income": -32449000,
      "opex": 70819000,
      "cogs": null,
      "rd": null,
      "sga": null,
      "fcf": -9140000,
      "ocf": -9140000,
      "capex": null,
      "gross_margin": null,
      "op_margin": null,
      "fcf_margin": -0.5063431388842723,
      "fcf_margin_change": -0.5323766700724426
    },
    {
      "date": "2023-03-31T00:00:00",
      "quarter_label": "2023-03 (Q1)",
      "revenue": 16786000,
      "gross_profit": null,
      "operating_income": null,
      "net_income": -90715000,
      "opex": 46836000,
      "cogs": null,
      "rd": null,
      "sga": null,
      "fcf": -554000,
      "ocf": -554000,
      "capex": null,
      "gross_margin": null,
      "op_margin": null,
      "fcf_margin": -0.033003693554152266,
      "rev_growth_yoy": -0.3753116742957091,
      "fcf_margin_change": 0.47333944533012
    },
    {
      "date": "2023-06-30T00:00:00",
      "quarter_label": "2023-06 (Q2)",
      "revenue": 25480000,
      "gross_profit": null,
      "operating_income": null,
      "net_income": -89961000,
      "opex": 38348000,
      "cogs": null,
      "rd": null,
      "sga": null,
      "fcf": -4102000,
      "ocf": -4102000,
      "capex": null,
      "gross_margin": null,
      "op_margin": null,
      "fcf_margin": -0.160989010989011,
      "rev_growth_yoy": -0.3746164985396264,
      "rev_growth_yoy_accel": 0.0006951757560826888,
      "op_leverage_ratio": null,
      "fcf_margin_change": -0.12798531743485875
    },
    {
      "date": "2023-09-30T00:00:00",
      "quarter_label": "2023-09 (Q3)",
      "revenue": 43571000,
      "gross_profit": null,
      "operating_income": null,
      "net_income": -81814000,
      "opex": 44875000,
      "cogs": null,
      "rd": null,
      "sga": null,
      "fcf": -8319000,
      "ocf": -8319000,
      "capex": null,
      "gross_margin": null,
      "op_margin": null,
      "fcf_margin": -0.19092974684996902,
      "rev_growth_yoy": 0.1343069873997709,
      "rev_growth_yoy_accel": 0.5089234859393973,
      "op_leverage_ratio": 4.171500077326424,
      "fcf_margin_change": -0.029940735860958023
    },
    {
      "date": "2023-12-31T00:00:00",
      "quarter_label": "2023-12 (Q4)",
      "revenue": 37216000,
      "gross_profit": null,
      "operating_income": null,
      "net_income": 66134000,
      "opex": 46626000,
      "cogs": null,
      "rd": null,
      "sga": null,
      "fcf": -5744000,
      "ocf": -5744000,
      "capex": null,
      "gross_margin": null,
      "op_margin": null,
      "fcf_margin": -0.15434221840068788,
      "rev_growth_yoy": 1.0617140324635754,
      "rev_growth_yoy_accel": 0.9274070450638046,
      "fcf_margin_change": 0.03658752844928115
    },
    {
      "date": "2024-03-31T00:00:00",
      "quarter_label": "2024-03 (Q1)",
      "revenue": 25436000,
      "gross_profit": null,
      "operating_income": null,
      "net_income": -48981000,
      "opex": 36567000,
      "cogs": null,
      "rd": null,
      "sga": null,
      "fcf": -14230000,
      "ocf": -14230000,
      "capex": null,
      "gross_margin": null,
      "op_margin": null,
      "fcf_margin": -0.5594433086963359,
      "rev_growth_yoy": 0.5153103776956988,
      "rev_growth_yoy_accel": -0.5464036547678767,
      "fcf_margin_change": -0.405101090295648
    },
    {
      "date": "2024-06-30T00:00:00",
      "quarter_label": "2024-06 (Q2)",
      "revenue": 30551000,
      "gross_profit": null,
      "operating_income": null,
      "net_income": -27115000,
      "opex": 40788000,
      "cogs": null,
      "rd": null,
      "sga": null,
      "fcf": -6407000,
      "ocf": -6407000,
      "capex": null,
      "gross_margin": null,
      "op_margin": null,
      "fcf_margin": -0.20971490294916698,
      "rev_growth_yoy": 0.19901883830455258,
      "rev_growth_yoy_accel": -0.3162915393911462,
      "op_leverage_ratio": 1.7420908565701587,
      "fcf_margin_change": 0.3497284057471689
    },
    {
      "date": "2024-09-30T00:00:00",
      "quarter_label": "2024-09 (Q3)",
      "revenue": 24550000,
      "gross_profit": null,
      "operating_income": null,
      "net_income": 91898000,
      "opex": 30627000,
      "cogs": null,
      "rd": null,
      "sga": null,
      "fcf": -3786000,
      "ocf": -3786000,
      "capex": null,
      "gross_margin": null,
      "op_margin": null,
      "fcf_margin": -0.15421588594704685,
      "rev_growth_yoy": -0.43655183493608135,
      "rev_growth_yoy_accel": -0.6355706732406339,
      "fcf_margin_change": 0.05549901700212012
    },
    {
      "date": "2024-12-31T00:00:00",
      "quarter_label": "2024-12 (Q4)",
      "revenue": 32761000,
      "gross_profit": null,
      "operating_income": null,
      "net_income": -102557000,
      "opex": 30844000,
      "cogs": null,
      "rd": null,
      "sga": null,
      "fcf": -6866000,
      "ocf": -6866000,
      "capex": null,
      "gross_margin": null,
      "op_margin": null,
      "fcf_margin": -0.20957846219590368,
      "rev_growth_yoy": -0.11970657781599311,
      "rev_growth_yoy_accel": 0.31684525712008826,
      "op_leverage_ratio": 47.20513895276263,
      "fcf_margin_change": -0.05536257624885682
    },
    {
      "date": "2025-03-31T00:00:00",
      "quarter_label": "2025-03 (Q1)",
      "revenue": 14624000,
      "gross_profit": null,
      "operating_income": null,
      "net_income": -7604000,
      "opex": 25845000,
      "cogs": null,
      "rd": null,
      "sga": null,
      "fcf": -6326000,
      "ocf": -6326000,
      "capex": null,
      "gross_margin": null,
      "op_margin": null,
      "fcf_margin": -0.4325765864332604,
      "rev_growth_yoy": -0.42506683440792575,
      "rev_growth_yoy_accel": -0.30536025659193267,
      "fcf_margin_change": -0.22299812423735674
    },
    {
      "date": "2025-06-30T00:00:00",
      "quarter_label": "2025-06 (Q2)",
      "revenue": 42054000,
      "gross_profit": null,
      "operating_income": null,
      "net_income": -39308000,
      "opex": 39043000,
      "cogs": null,
      "rd": null,
      "sga": null,
      "fcf": -2640000,
      "ocf": -2640000,
      "capex": null,
      "gross_margin": null,
      "op_margin": null,
      "fcf_margin": -0.06277643030389499,
      "rev_growth_yoy": 0.37651795358580736,
      "rev_growth_yoy_accel": 0.8015847879937331,
      "op_leverage_ratio": 3.6730601608790936,
      "fcf_margin_change": 0.36980015612936545
    },
    {
      "date": "2025-09-30T00:00:00",
      "quarter_label": "2025-09 (Q3)",
      "revenue": 28108000,
      "gross_profit": null,
      "operating_income": null,
      "net_income": 1799000,
      "opex": 26887000,
      "cogs": null,
      "rd": null,
      "sga": null,
      "fcf": 5308000,
      "ocf": 5308000,
      "capex": null,
      "gross_margin": null,
      "op_margin": null,
      "fcf_margin": 0.18884303401166927,
      "rev_growth_yoy": 0.144928716904277,
      "rev_growth_yoy_accel": -0.23158923668153036,
      "fcf_margin_change": 0.25161946431556426
    },
    {
      "date": "2025-12-31T00:00:00",
      "quarter_label": "2025-12 (Q4)",
      "revenue": 25357000,
      "gross_profit": null,
      "operating_income": null,
      "net_income": -19136000,
      "opex": 24271000,
      "cogs": null,
      "rd": null,
      "sga": null,
      "fcf": -8000000,
      "ocf": -8000000,
      "capex": null,
      "gross_margin": null,
      "op_margin": null,
      "fcf_margin": -0.31549473518160664,
      "rev_growth_yoy": -0.22600042733738288,
      "rev_growth_yoy_accel": -0.3709291442416599,
      "fcf_margin_change": -0.5043377691932759
    }
  ],
  "signals": [
    {
      "quarter": "2025-12 (Q4)",
      "signal": "YoY REVENUE GROWTH DECELERATION",
      "detail": "YoY growth: -22.6% vs prior quarter YoY: +14.5% (decel: -37.1%)",
      "severity": "WARNING"
    },
    {
      "quarter": "2025-09 (Q3)",
      "signal": "FCF TURNED POSITIVE",
      "detail": "FCF margin: -6.3% -> +18.9%",
      "severity": "HIGH"
    },
    {
      "quarter": "2025-09 (Q3)",
      "signal": "YoY REVENUE GROWTH DECELERATION",
      "detail": "YoY growth: +14.5% vs prior quarter YoY: +37.7% (decel: -23.2%)",
      "severity": "WARNING"
    },
    {
      "quarter": "2025-06 (Q2)",
      "signal": "FCF MARGIN EXPANSION",
      "detail": "FCF margin: -43.3% -> -6.3% (+37.0%)",
      "severity": "MEDIUM"
    },
    {
      "quarter": "2025-06 (Q2)",
      "signal": "OPERATING LEVERAGE",
      "detail": "Rev growth +187.6% vs OpEx growth +51.1% (leverage: 3.7x)",
      "severity": "MEDIUM"
    },
    {
      "quarter": "2025-06 (Q2)",
      "signal": "YoY REVENUE GROWTH ACCELERATION",
      "detail": "YoY growth: +37.7% vs prior quarter YoY: -42.5% (accel: +80.2%)",
      "severity": "HIGH"
    },
    {
      "quarter": "2025-03 (Q1)",
      "signal": "YoY REVENUE GROWTH DECELERATION",
      "detail": "YoY growth: -42.5% vs prior quarter YoY: -12.0% (decel: -30.5%)",
      "severity": "WARNING"
    },
    {
      "quarter": "2024-12 (Q4)",
      "signal": "OPERATING LEVERAGE",
      "detail": "Rev growth +33.4% vs OpEx growth +0.7% (leverage: 47.2x)",
      "severity": "MEDIUM"
    },
    {
      "quarter": "2024-12 (Q4)",
      "signal": "YoY REVENUE GROWTH ACCELERATION",
      "detail": "YoY growth: -12.0% vs prior quarter YoY: -43.7% (accel: +31.7%)",
      "severity": "HIGH"
    },
    {
      "quarter": "2024-09 (Q3)",
      "signal": "FCF MARGIN EXPANSION",
      "detail": "FCF margin: -21.0% -> -15.4% (+5.5%)",
      "severity": "MEDIUM"
    },
    {
      "quarter": "2024-09 (Q3)",
      "signal": "YoY REVENUE GROWTH DECELERATION",
      "detail": "YoY growth: -43.7% vs prior quarter YoY: +19.9% (decel: -63.6%)",
      "severity": "WARNING"
    },
    {
      "quarter": "2024-06 (Q2)",
      "signal": "FCF MARGIN EXPANSION",
      "detail": "FCF margin: -55.9% -> -21.0% (+35.0%)",
      "severity": "MEDIUM"
    },
    {
      "quarter": "2024-06 (Q2)",
      "signal": "OPERATING LEVERAGE",
      "detail": "Rev growth +20.1% vs OpEx growth +11.5% (leverage: 1.7x)",
      "severity": "MEDIUM"
    },
    {
      "quarter": "2024-06 (Q2)",
      "signal": "YoY REVENUE GROWTH DECELERATION",
      "detail": "YoY growth: +19.9% vs prior quarter YoY: +51.5% (decel: -31.6%)",
      "severity": "WARNING"
    },
    {
      "quarter": "2024-03 (Q1)",
      "signal": "YoY REVENUE GROWTH DECELERATION",
      "detail": "YoY growth: +51.5% vs prior quarter YoY: +106.2% (decel: -54.6%)",
      "severity": "WARNING"
    },
    {
      "quarter": "2023-12 (Q4)",
      "signal": "YoY REVENUE GROWTH ACCELERATION",
      "detail": "YoY growth: +106.2% vs prior quarter YoY: +13.4% (accel: +92.7%)",
      "severity": "HIGH"
    },
    {
      "quarter": "2023-09 (Q3)",
      "signal": "OPERATING LEVERAGE",
      "detail": "Rev growth +71.0% vs OpEx growth +17.0% (leverage: 4.2x)",
      "severity": "MEDIUM"
    },
    {
      "quarter": "2023-09 (Q3)",
      "signal": "YoY REVENUE GROWTH ACCELERATION",
      "detail": "YoY growth: +13.4% vs prior quarter YoY: -37.5% (accel: +50.9%)",
      "severity": "HIGH"
    },
    {
      "quarter": "2023-03 (Q1)",
      "signal": "FCF MARGIN EXPANSION",
      "detail": "FCF margin: -50.6% -> -3.3% (+47.3%)",
      "severity": "MEDIUM"
    },
    {
      "quarter": "2022-09 (Q3)",
      "signal": "FCF TURNED POSITIVE",
      "detail": "FCF margin: -20.8% -> +2.6%",
      "severity": "HIGH"
    },
    {
      "quarter": "2022-06 (Q2)",
      "signal": "FCF MARGIN EXPANSION",
      "detail": "FCF margin: -40.0% -> -20.8% (+19.2%)",
      "severity": "MEDIUM"
    }
  ],
  "data_quality": {
    "n_quarters": 16,
    "coverage": {
      "revenue": [
        16,
        16
      ],
      "gross_profit": [
        0,
        16
      ],
      "op_income": [
        0,
        16
      ],
      "fcf": [
        16,
        16
      ]
    },
    "gaps": [],
    "warnings": [
      "gross_profit: no data",
      "op_income: no data"
    ]
  },
  "market_cap": null,
  "source": "SEC EDGAR",
  "last_updated": "2026-02-24T10:38:53.667622"
}