{
  "ticker": "STKS",
  "name": "ONE GROUP HOSPITALITY, INC.",
  "quarters": [
    {
      "date": "2020-12-31T00:00:00",
      "quarter_label": "2020-12 (Q4)",
      "revenue": 44993000,
      "gross_profit": null,
      "operating_income": -4080000,
      "net_income": -4479000,
      "opex": null,
      "cogs": null,
      "rd": null,
      "sga": null,
      "fcf": -2021000,
      "ocf": 1106000,
      "capex": -3127000,
      "gross_margin": null,
      "op_margin": -0.09068077256462116,
      "fcf_margin": -0.04491809837085769
    },
    {
      "date": "2021-03-31T00:00:00",
      "quarter_label": "2021-03 (Q1)",
      "revenue": 50482000,
      "gross_profit": null,
      "operating_income": 857000,
      "net_income": 70000,
      "opex": null,
      "cogs": null,
      "rd": null,
      "sga": null,
      "fcf": 4371000,
      "ocf": 6986000,
      "capex": -2615000,
      "gross_margin": null,
      "op_margin": 0.016976348005229586,
      "fcf_margin": 0.08658531753892476,
      "fcf_margin_change": 0.13150341590978246
    },
    {
      "date": "2021-06-30T00:00:00",
      "quarter_label": "2021-06 (Q2)",
      "revenue": 70760000,
      "gross_profit": null,
      "operating_income": 7756000,
      "net_income": 13836000,
      "opex": null,
      "cogs": null,
      "rd": null,
      "sga": null,
      "fcf": 10100000,
      "ocf": 12858000,
      "capex": -2758000,
      "gross_margin": null,
      "op_margin": 0.10960994912379876,
      "fcf_margin": 0.142736009044658,
      "fcf_margin_change": 0.056150691505733236
    },
    {
      "date": "2021-09-30T00:00:00",
      "quarter_label": "2021-09 (Q3)",
      "revenue": 71869000,
      "gross_profit": null,
      "operating_income": 5058000,
      "net_income": 11671000,
      "opex": null,
      "cogs": null,
      "rd": null,
      "sga": null,
      "fcf": 447000,
      "ocf": 3186000,
      "capex": -2739000,
      "gross_margin": null,
      "op_margin": 0.07037804895017323,
      "fcf_margin": 0.0062196496403178,
      "fcf_margin_change": -0.1365163594043402
    },
    {
      "date": "2021-12-31T00:00:00",
      "quarter_label": "2021-12 (Q4)",
      "revenue": 84067000,
      "gross_profit": null,
      "operating_income": 5714000,
      "net_income": 5771000,
      "opex": null,
      "cogs": null,
      "rd": null,
      "sga": null,
      "fcf": 4581000,
      "ocf": 7936000,
      "capex": -3355000,
      "gross_margin": null,
      "op_margin": 0.06796959567963648,
      "fcf_margin": 0.054492250228984025,
      "incr_op_margin_yoy": 0.2506526078722424,
      "rev_growth_yoy": 0.8684462027426488,
      "fcf_margin_change": 0.048272600588666226
    },
    {
      "date": "2022-03-31T00:00:00",
      "quarter_label": "2022-03 (Q1)",
      "revenue": 74181000,
      "gross_profit": null,
      "operating_income": 4202000,
      "net_income": 3670000,
      "opex": null,
      "cogs": null,
      "rd": null,
      "sga": null,
      "fcf": 5373000,
      "ocf": 9823000,
      "capex": -4450000,
      "gross_margin": null,
      "op_margin": 0.05664523260673218,
      "fcf_margin": 0.0724309459295507,
      "incr_op_margin_yoy": 0.14114519599983122,
      "rev_growth_yoy": 0.46945445901509447,
      "rev_growth_yoy_accel": -0.39899174372755436,
      "fcf_margin_change": 0.01793869570056667
    },
    {
      "date": "2022-06-30T00:00:00",
      "quarter_label": "2022-06 (Q2)",
      "revenue": 81125000,
      "gross_profit": null,
      "operating_income": 5753000,
      "net_income": 4303000,
      "opex": null,
      "cogs": null,
      "rd": null,
      "sga": null,
      "fcf": -2522000,
      "ocf": 5119000,
      "capex": -7641000,
      "gross_margin": null,
      "op_margin": 0.07091525423728813,
      "fcf_margin": -0.031087827426810478,
      "incr_op_margin_yoy": -0.19324650265315968,
      "rev_growth_yoy": 0.14648106274731487,
      "rev_growth_yoy_accel": -0.3229733962677796,
      "fcf_margin_change": -0.10351877335636117
    },
    {
      "date": "2022-09-30T00:00:00",
      "quarter_label": "2022-09 (Q3)",
      "revenue": 73020000,
      "gross_profit": null,
      "operating_income": 491000,
      "net_income": 482000,
      "opex": null,
      "cogs": null,
      "rd": null,
      "sga": null,
      "fcf": -7824000,
      "ocf": 1394000,
      "capex": -9218000,
      "gross_margin": null,
      "op_margin": 0.006724185154752122,
      "fcf_margin": -0.10714872637633525,
      "incr_op_margin_yoy": -3.9678540399652475,
      "rev_growth_yoy": 0.016015249968693038,
      "rev_growth_yoy_accel": -0.13046581277862185,
      "fcf_margin_change": -0.07606089894952478
    },
    {
      "date": "2022-12-31T00:00:00",
      "quarter_label": "2022-12 (Q4)",
      "revenue": 88312000,
      "gross_profit": null,
      "operating_income": 5860000,
      "net_income": 5079000,
      "opex": null,
      "cogs": null,
      "rd": null,
      "sga": null,
      "fcf": -2405000,
      "ocf": 8915000,
      "capex": -11320000,
      "gross_margin": null,
      "op_margin": 0.06635564815653591,
      "fcf_margin": -0.027232992118851346,
      "incr_op_margin_yoy": 0.03439340400471143,
      "rev_growth_yoy": 0.05049543816241807,
      "rev_growth_yoy_accel": 0.03448018819372503,
      "fcf_margin_change": 0.07991573425748391
    },
    {
      "date": "2023-03-31T00:00:00",
      "quarter_label": "2023-03 (Q1)",
      "revenue": 82556000,
      "gross_profit": null,
      "operating_income": 4278000,
      "net_income": 2606000,
      "opex": null,
      "cogs": null,
      "rd": null,
      "sga": null,
      "fcf": -5231000,
      "ocf": 6621000,
      "capex": -11852000,
      "gross_margin": null,
      "op_margin": 0.05181937109356073,
      "fcf_margin": -0.06336305053539415,
      "incr_op_margin_yoy": 0.009074626865671643,
      "rev_growth_yoy": 0.11289952952912471,
      "rev_growth_yoy_accel": 0.062404091366706646,
      "fcf_margin_change": -0.03613005841654281
    },
    {
      "date": "2023-06-30T00:00:00",
      "quarter_label": "2023-06 (Q2)",
      "revenue": 83393000,
      "gross_profit": null,
      "operating_income": 2045000,
      "net_income": 568000,
      "opex": null,
      "cogs": null,
      "rd": null,
      "sga": null,
      "fcf": -5529000,
      "ocf": 6515000,
      "capex": -12044000,
      "gross_margin": null,
      "op_margin": 0.02452244193157699,
      "fcf_margin": -0.0663005288213639,
      "incr_op_margin_yoy": -1.6349206349206349,
      "rev_growth_yoy": 0.027956856702619416,
      "rev_growth_yoy_accel": -0.0849426728265053,
      "fcf_margin_change": -0.002937478285969755
    },
    {
      "date": "2023-09-30T00:00:00",
      "quarter_label": "2023-09 (Q3)",
      "revenue": 76884000,
      "gross_profit": null,
      "operating_income": -1955000,
      "net_income": -3098000,
      "opex": null,
      "cogs": null,
      "rd": null,
      "sga": null,
      "fcf": -12423000,
      "ocf": 2092000,
      "capex": -14515000,
      "gross_margin": null,
      "op_margin": -0.025427917382030072,
      "fcf_margin": -0.16158108319026065,
      "incr_op_margin_yoy": -0.6330227743271222,
      "rev_growth_yoy": 0.05291700903861955,
      "rev_growth_yoy_accel": 0.024960152336000137,
      "fcf_margin_change": -0.09528055436889675
    },
    {
      "date": "2023-12-31T00:00:00",
      "quarter_label": "2023-12 (Q4)",
      "revenue": 89936000,
      "gross_profit": null,
      "operating_income": 4926000,
      "net_income": 4642000,
      "opex": null,
      "cogs": null,
      "rd": null,
      "sga": null,
      "fcf": 414000,
      "ocf": 15553000,
      "capex": -15139000,
      "gross_margin": null,
      "op_margin": 0.05477228251200854,
      "fcf_margin": 0.004603273438889877,
      "incr_op_margin_yoy": -0.5751231527093597,
      "rev_growth_yoy": 0.018389346861128725,
      "rev_growth_yoy_accel": -0.03452766217749083,
      "fcf_margin_change": 0.16618435662915054
    },
    {
      "date": "2024-03-31T00:00:00",
      "quarter_label": "2024-03 (Q1)",
      "revenue": 84995000,
      "gross_profit": null,
      "operating_income": -620000,
      "net_income": -2069000,
      "opex": null,
      "cogs": null,
      "rd": null,
      "sga": null,
      "fcf": -5417000,
      "ocf": 10378000,
      "capex": -15795000,
      "gross_margin": null,
      "op_margin": -0.007294546738043414,
      "fcf_margin": -0.06373316077416319,
      "incr_op_margin_yoy": -2.00820008200082,
      "rev_growth_yoy": 0.02954358253791366,
      "rev_growth_yoy_accel": 0.011154235676784936,
      "fcf_margin_change": -0.06833643421305306
    },
    {
      "date": "2024-06-30T00:00:00",
      "quarter_label": "2024-06 (Q2)",
      "revenue": 172494000,
      "gross_profit": null,
      "operating_income": 1654000,
      "net_income": -6929000,
      "opex": null,
      "cogs": null,
      "rd": null,
      "sga": null,
      "fcf": -22970000,
      "ocf": -3824000,
      "capex": -19146000,
      "gross_margin": null,
      "op_margin": 0.009588739318469049,
      "fcf_margin": -0.133164052082971,
      "incr_op_margin_yoy": -0.00438827847049977,
      "rev_growth_yoy": 1.0684469919537611,
      "rev_growth_yoy_accel": 1.0389034094158476,
      "fcf_margin_change": -0.06943089130880781
    },
    {
      "date": "2024-09-30T00:00:00",
      "quarter_label": "2024-09 (Q3)",
      "revenue": 193975000,
      "gross_profit": null,
      "operating_income": -3020000,
      "net_income": -8890000,
      "opex": null,
      "cogs": null,
      "rd": null,
      "sga": null,
      "fcf": 287000,
      "ocf": 19114000,
      "capex": -18827000,
      "gross_margin": null,
      "op_margin": -0.015569016625853848,
      "fcf_margin": 0.001479572109807965,
      "incr_op_margin_yoy": -0.00909548983269423,
      "rev_growth_yoy": 1.522956661984288,
      "rev_growth_yoy_accel": 0.4545096700305269,
      "fcf_margin_change": 0.13464362419277895
    },
    {
      "date": "2024-12-31T00:00:00",
      "quarter_label": "2024-12 (Q4)",
      "revenue": 221880000,
      "gross_profit": null,
      "operating_income": 12757000,
      "net_income": 2064000,
      "opex": null,
      "cogs": null,
      "rd": null,
      "sga": null,
      "fcf": 733000,
      "ocf": 18520000,
      "capex": -17787000,
      "gross_margin": null,
      "op_margin": 0.05749504236524247,
      "fcf_margin": 0.0033035875247881736,
      "incr_op_margin_yoy": 0.05935093676105014,
      "rev_growth_yoy": 1.4670877068137342,
      "rev_growth_yoy_accel": -0.05586895517055379,
      "fcf_margin_change": 0.0018240154149802086
    },
    {
      "date": "2025-03-30T00:00:00",
      "quarter_label": "2025-03 (Q1)",
      "revenue": 211129000,
      "gross_profit": null,
      "operating_income": 10729000,
      "net_income": 975000,
      "opex": null,
      "cogs": null,
      "rd": null,
      "sga": null,
      "fcf": -5805000,
      "ocf": 8540000,
      "capex": -14345000,
      "gross_margin": null,
      "op_margin": 0.05081727285214253,
      "fcf_margin": -0.027495038578309944,
      "incr_op_margin_yoy": 0.08997574008594035,
      "rev_growth_yoy": 1.4840167068651098,
      "rev_growth_yoy_accel": 0.016929000051375542,
      "fcf_margin_change": -0.03079862610309812
    },
    {
      "date": "2025-06-29T00:00:00",
      "quarter_label": "2025-06 (Q2)",
      "revenue": 207379000,
      "gross_profit": null,
      "operating_income": 662000,
      "net_income": -10104000,
      "opex": null,
      "cogs": null,
      "rd": null,
      "sga": null,
      "fcf": -15010000,
      "ocf": 2793000,
      "capex": -17803000,
      "gross_margin": null,
      "op_margin": 0.0031922229348198224,
      "fcf_margin": -0.07237955627136788,
      "incr_op_margin_yoy": -0.028436290669342123,
      "rev_growth_yoy": 0.20223891845513467,
      "rev_growth_yoy_accel": -1.281777788409975,
      "fcf_margin_change": -0.04488451769305794
    },
    {
      "date": "2025-09-28T00:00:00",
      "quarter_label": "2025-09 (Q3)",
      "revenue": 180200000,
      "gross_profit": null,
      "operating_income": -7873000,
      "net_income": -76740000,
      "opex": null,
      "cogs": null,
      "rd": null,
      "sga": null,
      "fcf": -6135000,
      "ocf": 5889000,
      "capex": -12024000,
      "gross_margin": null,
      "op_margin": -0.043690344062153164,
      "fcf_margin": -0.03404550499445061,
      "incr_op_margin_yoy": 0.3523049001814882,
      "rev_growth_yoy": -0.07101430596726382,
      "rev_growth_yoy_accel": -0.2732532244223985,
      "fcf_margin_change": 0.038334051276917275
    }
  ],
  "signals": [
    {
      "quarter": "2025-09 (Q3)",
      "signal": "YoY REVENUE GROWTH DECELERATION",
      "detail": "YoY growth: -7.1% vs prior quarter YoY: +20.2% (decel: -27.3%)",
      "severity": "WARNING"
    },
    {
      "quarter": "2025-06 (Q2)",
      "signal": "YoY REVENUE GROWTH DECELERATION",
      "detail": "YoY growth: +20.2% vs prior quarter YoY: +148.4% (decel: -128.2%)",
      "severity": "WARNING"
    },
    {
      "quarter": "2025-03 (Q1)",
      "signal": "OP MARGIN TURNED POSITIVE (YoY)",
      "detail": "Op margin: -0.7% (year-ago) -> +5.1%",
      "severity": "HIGH"
    },
    {
      "quarter": "2024-12 (Q4)",
      "signal": "YoY REVENUE GROWTH DECELERATION",
      "detail": "YoY growth: +146.7% vs prior quarter YoY: +152.3% (decel: -5.6%)",
      "severity": "WARNING"
    },
    {
      "quarter": "2024-12 (Q4)",
      "signal": "OP MARGIN TURNED POSITIVE (QoQ)",
      "detail": "Op margin: -1.6% -> +5.7%",
      "severity": "HIGH"
    },
    {
      "quarter": "2024-09 (Q3)",
      "signal": "FCF TURNED POSITIVE",
      "detail": "FCF margin: -13.3% -> +0.1%",
      "severity": "HIGH"
    },
    {
      "quarter": "2024-09 (Q3)",
      "signal": "YoY REVENUE GROWTH ACCELERATION",
      "detail": "YoY growth: +152.3% vs prior quarter YoY: +106.8% (accel: +45.5%)",
      "severity": "HIGH"
    },
    {
      "quarter": "2024-06 (Q2)",
      "signal": "YoY REVENUE GROWTH ACCELERATION",
      "detail": "YoY growth: +106.8% vs prior quarter YoY: +3.0% (accel: +103.9%)",
      "severity": "HIGH"
    },
    {
      "quarter": "2024-06 (Q2)",
      "signal": "OP MARGIN TURNED POSITIVE (QoQ)",
      "detail": "Op margin: -0.7% -> +1.0%",
      "severity": "HIGH"
    },
    {
      "quarter": "2023-12 (Q4)",
      "signal": "FCF TURNED POSITIVE",
      "detail": "FCF margin: -16.2% -> +0.5%",
      "severity": "HIGH"
    },
    {
      "quarter": "2023-12 (Q4)",
      "signal": "OP MARGIN TURNED POSITIVE (QoQ)",
      "detail": "Op margin: -2.5% -> +5.5%",
      "severity": "HIGH"
    },
    {
      "quarter": "2023-06 (Q2)",
      "signal": "YoY REVENUE GROWTH DECELERATION",
      "detail": "YoY growth: +2.8% vs prior quarter YoY: +11.3% (decel: -8.5%)",
      "severity": "WARNING"
    },
    {
      "quarter": "2023-03 (Q1)",
      "signal": "YoY REVENUE GROWTH ACCELERATION",
      "detail": "YoY growth: +11.3% vs prior quarter YoY: +5.0% (accel: +6.2%)",
      "severity": "MEDIUM"
    },
    {
      "quarter": "2022-12 (Q4)",
      "signal": "FCF MARGIN EXPANSION",
      "detail": "FCF margin: -10.7% -> -2.7% (+8.0%)",
      "severity": "MEDIUM"
    },
    {
      "quarter": "2022-09 (Q3)",
      "signal": "YoY REVENUE GROWTH DECELERATION",
      "detail": "YoY growth: +1.6% vs prior quarter YoY: +14.6% (decel: -13.0%)",
      "severity": "WARNING"
    },
    {
      "quarter": "2022-06 (Q2)",
      "signal": "YoY REVENUE GROWTH DECELERATION",
      "detail": "YoY growth: +14.6% vs prior quarter YoY: +46.9% (decel: -32.3%)",
      "severity": "WARNING"
    },
    {
      "quarter": "2022-03 (Q1)",
      "signal": "YoY REVENUE GROWTH DECELERATION",
      "detail": "YoY growth: +46.9% vs prior quarter YoY: +86.8% (decel: -39.9%)",
      "severity": "WARNING"
    },
    {
      "quarter": "2022-03 (Q1)",
      "signal": "INCREMENTAL MARGIN (YoY)",
      "detail": "YoY Incr OPM: +14.1% vs year-ago OPM: +1.7%",
      "severity": "MEDIUM"
    },
    {
      "quarter": "2021-12 (Q4)",
      "signal": "OP MARGIN TURNED POSITIVE (YoY)",
      "detail": "Op margin: -9.1% (year-ago) -> +6.8%",
      "severity": "HIGH"
    },
    {
      "quarter": "2021-06 (Q2)",
      "signal": "FCF MARGIN EXPANSION",
      "detail": "FCF margin: +8.7% -> +14.3% (+5.6%)",
      "severity": "MEDIUM"
    },
    {
      "quarter": "2021-03 (Q1)",
      "signal": "FCF TURNED POSITIVE",
      "detail": "FCF margin: -4.5% -> +8.7%",
      "severity": "HIGH"
    },
    {
      "quarter": "2021-03 (Q1)",
      "signal": "OP MARGIN TURNED POSITIVE (QoQ)",
      "detail": "Op margin: -9.1% -> +1.7%",
      "severity": "HIGH"
    }
  ],
  "data_quality": {
    "n_quarters": 20,
    "coverage": {
      "revenue": [
        20,
        20
      ],
      "gross_profit": [
        0,
        20
      ],
      "op_income": [
        20,
        20
      ],
      "fcf": [
        20,
        20
      ]
    },
    "gaps": [],
    "warnings": [
      "gross_profit: no data"
    ]
  },
  "market_cap": null,
  "source": "SEC EDGAR",
  "last_updated": "2026-02-02T23:31:41.085127"
}