{
  "ticker": "STOK",
  "name": "Stoke Therapeutics, Inc.",
  "quarters": [
    {
      "date": "2022-03-31T00:00:00",
      "quarter_label": "2022-03 (Q1)",
      "revenue": 3000000,
      "gross_profit": null,
      "operating_income": -24795000,
      "net_income": -24649000,
      "opex": 27795000,
      "cogs": null,
      "rd": 18309000,
      "sga": null,
      "fcf": 31650000,
      "ocf": 32491000,
      "capex": -841000,
      "gross_margin": null,
      "op_margin": -8.265,
      "fcf_margin": 10.55
    },
    {
      "date": "2022-06-30T00:00:00",
      "quarter_label": "2022-06 (Q2)",
      "revenue": 3231000,
      "gross_profit": null,
      "operating_income": -25238000,
      "net_income": -24652000,
      "opex": 28469000,
      "cogs": null,
      "rd": 18358000,
      "sga": null,
      "fcf": -20610000,
      "ocf": -19928000,
      "capex": -682000,
      "gross_margin": null,
      "op_margin": -7.811203961621789,
      "fcf_margin": -6.378830083565459,
      "op_leverage_ratio": 3.1753931750741837,
      "fcf_margin_change": -16.928830083565458
    },
    {
      "date": "2022-09-30T00:00:00",
      "quarter_label": "2022-09 (Q3)",
      "revenue": 2905000,
      "gross_profit": null,
      "operating_income": -27148000,
      "net_income": -26111000,
      "opex": 30053000,
      "cogs": null,
      "rd": 20109000,
      "sga": null,
      "fcf": -24086000,
      "ocf": -22056000,
      "capex": -2030000,
      "gross_margin": null,
      "op_margin": -9.34526678141136,
      "fcf_margin": -8.291222030981068,
      "fcf_margin_change": -1.9123919474156086
    },
    {
      "date": "2022-12-31T00:00:00",
      "quarter_label": "2022-12 (Q4)",
      "revenue": 3268000,
      "gross_profit": null,
      "operating_income": -27176000,
      "net_income": -25655000,
      "opex": 30444000,
      "cogs": null,
      "rd": 21060000,
      "sga": null,
      "fcf": -22782000,
      "ocf": -22373000,
      "capex": -409000,
      "gross_margin": null,
      "op_margin": -8.31578947368421,
      "fcf_margin": -6.971236230110159,
      "op_leverage_ratio": 9.604429262537911,
      "fcf_margin_change": 1.319985800870909
    },
    {
      "date": "2023-03-31T00:00:00",
      "quarter_label": "2023-03 (Q1)",
      "revenue": 5152000,
      "gross_profit": null,
      "operating_income": -24690000,
      "net_income": -22545000,
      "opex": 29842000,
      "cogs": null,
      "rd": 19631000,
      "sga": null,
      "fcf": -21521000,
      "ocf": -21356000,
      "capex": -165000,
      "gross_margin": null,
      "op_margin": -4.792313664596273,
      "fcf_margin": -4.177212732919255,
      "incr_op_margin_yoy": 0.04879182156133829,
      "rev_growth_yoy": 0.7173333333333334,
      "op_leverage_ratio": Infinity,
      "fcf_margin_change": 2.7940234971909037
    },
    {
      "date": "2023-06-30T00:00:00",
      "quarter_label": "2023-06 (Q2)",
      "revenue": -2481000,
      "gross_profit": null,
      "operating_income": -33262000,
      "net_income": -30654000,
      "opex": 30781000,
      "cogs": null,
      "rd": 20551000,
      "sga": null,
      "fcf": -22639000,
      "ocf": -21800000,
      "capex": -839000,
      "gross_margin": null,
      "op_margin": 13.406690850463523,
      "fcf_margin": 9.124949617089882,
      "incr_op_margin_yoy": 1.4047619047619047,
      "rev_growth_yoy": -1.7678737233054782,
      "rev_growth_yoy_accel": -2.485207056638812,
      "fcf_margin_change": 13.302162350009137
    },
    {
      "date": "2023-09-30T00:00:00",
      "quarter_label": "2023-09 (Q3)",
      "revenue": 3308000,
      "gross_profit": null,
      "operating_income": -27234000,
      "net_income": -24542000,
      "opex": 30542000,
      "cogs": null,
      "rd": 20271000,
      "sga": null,
      "fcf": -17645000,
      "ocf": -17262000,
      "capex": -383000,
      "gross_margin": null,
      "op_margin": -8.232769044740024,
      "fcf_margin": -5.3340386940749696,
      "rev_growth_yoy": 0.1387263339070568,
      "rev_growth_yoy_accel": 1.906600057212535,
      "fcf_margin_change": -14.458988311164852
    },
    {
      "date": "2023-12-31T00:00:00",
      "quarter_label": "2023-12 (Q4)",
      "revenue": 2802000,
      "gross_profit": null,
      "operating_income": -29586000,
      "net_income": -26958000,
      "opex": 32388000,
      "cogs": null,
      "rd": 21778000,
      "sga": null,
      "fcf": -20878000,
      "ocf": -20649000,
      "capex": -229000,
      "gross_margin": null,
      "op_margin": -10.558886509635974,
      "fcf_margin": -7.451106352605282,
      "rev_growth_yoy": -0.14259485924112608,
      "rev_growth_yoy_accel": -0.2813211931481829,
      "fcf_margin_change": -2.1170676585303125
    },
    {
      "date": "2024-03-31T00:00:00",
      "quarter_label": "2024-03 (Q1)",
      "revenue": 4216000,
      "gross_profit": null,
      "operating_income": -28372000,
      "net_income": -26374000,
      "opex": 32588000,
      "cogs": null,
      "rd": 22368000,
      "sga": null,
      "fcf": -24578000,
      "ocf": -24566000,
      "capex": -12000,
      "gross_margin": null,
      "op_margin": -6.729601518026565,
      "fcf_margin": -5.829696394686907,
      "rev_growth_yoy": -0.18167701863354038,
      "rev_growth_yoy_accel": -0.0390821593924143,
      "op_leverage_ratio": 81.72132762312633,
      "fcf_margin_change": 1.6214099579183747
    },
    {
      "date": "2024-06-30T00:00:00",
      "quarter_label": "2024-06 (Q2)",
      "revenue": 4831000,
      "gross_profit": null,
      "operating_income": -29342000,
      "net_income": -25695000,
      "opex": 34173000,
      "cogs": null,
      "rd": 21136000,
      "sga": null,
      "fcf": -17523000,
      "ocf": -17477000,
      "capex": -46000,
      "gross_margin": null,
      "op_margin": -6.073690747257297,
      "fcf_margin": -3.627199337611261,
      "incr_op_margin_yoy": 0.5361050328227571,
      "op_leverage_ratio": 2.9991829233983207,
      "fcf_margin_change": 2.2024970570756466
    },
    {
      "date": "2024-09-30T00:00:00",
      "quarter_label": "2024-09 (Q3)",
      "revenue": 4894000,
      "gross_profit": null,
      "operating_income": -30003000,
      "net_income": -26430000,
      "opex": 34897000,
      "cogs": null,
      "rd": 22205000,
      "sga": 12692000,
      "fcf": -21718000,
      "ocf": -21615000,
      "capex": -103000,
      "gross_margin": null,
      "op_margin": -6.130568042501022,
      "fcf_margin": -4.4376787903555375,
      "incr_op_margin_yoy": -1.7459016393442623,
      "rev_growth_yoy": 0.47944377267230953,
      "op_leverage_ratio": 0.6155283385044333,
      "fcf_margin_change": -0.8104794527442767
    },
    {
      "date": "2024-12-31T00:00:00",
      "quarter_label": "2024-12 (Q4)",
      "revenue": 22614000,
      "gross_profit": null,
      "operating_income": -13653000,
      "net_income": -10482000,
      "opex": 36267000,
      "cogs": null,
      "rd": 23423000,
      "sga": null,
      "fcf": -23235000,
      "ocf": -23193000,
      "capex": -42000,
      "gross_margin": null,
      "op_margin": -0.6037410453701247,
      "fcf_margin": -1.0274608649509154,
      "incr_op_margin_yoy": 0.8042095699576014,
      "rev_growth_yoy": 7.070663811563169,
      "rev_growth_yoy_accel": 6.59122003889086,
      "op_leverage_ratio": 92.22895307526869,
      "fcf_margin_change": 3.410217925404622
    },
    {
      "date": "2025-03-31T00:00:00",
      "quarter_label": "2025-03 (Q1)",
      "revenue": 158569000,
      "gross_profit": null,
      "operating_income": 111240000,
      "net_income": 112879000,
      "opex": 47329000,
      "cogs": null,
      "rd": 32676000,
      "sga": null,
      "fcf": 131675000,
      "ocf": 131827000,
      "capex": -152000,
      "gross_margin": null,
      "op_margin": 0.7015242575787197,
      "fcf_margin": 0.8303956006533434,
      "incr_op_margin_yoy": 0.9044981309077245,
      "rev_growth_yoy": 36.61124288425047,
      "rev_growth_yoy_accel": 29.540579072687304,
      "op_leverage_ratio": 19.710415279632553,
      "fcf_margin_change": 1.8578564656042587
    },
    {
      "date": "2025-06-30T00:00:00",
      "quarter_label": "2025-06 (Q2)",
      "revenue": 13817000,
      "gross_profit": null,
      "operating_income": -27300000,
      "net_income": -23483000,
      "opex": 41117000,
      "cogs": null,
      "rd": 25855000,
      "sga": null,
      "fcf": -25576000,
      "ocf": -25422000,
      "capex": -154000,
      "gross_margin": null,
      "op_margin": -1.9758268799305203,
      "fcf_margin": -1.851053050589853,
      "incr_op_margin_yoy": 0.22724237703093703,
      "rev_growth_yoy": 1.8600703788035604,
      "rev_growth_yoy_accel": -34.75117250544691,
      "fcf_margin_change": -2.6814486512431963
    },
    {
      "date": "2025-09-30T00:00:00",
      "quarter_label": "2025-09 (Q3)",
      "revenue": 10632000,
      "gross_profit": null,
      "operating_income": -43091000,
      "net_income": -38347000,
      "opex": 53723000,
      "cogs": null,
      "rd": 37696000,
      "sga": 16027000,
      "fcf": -30498000,
      "ocf": -30366000,
      "capex": -132000,
      "gross_margin": null,
      "op_margin": -4.052953348382243,
      "fcf_margin": -2.868510158013544,
      "incr_op_margin_yoy": -2.28093412338794,
      "rev_growth_yoy": 1.1724560686554966,
      "rev_growth_yoy_accel": -0.6876143101480638,
      "fcf_margin_change": -1.017457107423691
    }
  ],
  "signals": [
    {
      "quarter": "2025-09 (Q3)",
      "signal": "YoY REVENUE GROWTH DECELERATION",
      "detail": "YoY growth: +117.2% vs prior quarter YoY: +186.0% (decel: -68.8%)",
      "severity": "WARNING"
    },
    {
      "quarter": "2025-06 (Q2)",
      "signal": "YoY REVENUE GROWTH DECELERATION",
      "detail": "YoY growth: +186.0% vs prior quarter YoY: +3661.1% (decel: -3475.1%)",
      "severity": "WARNING"
    },
    {
      "quarter": "2025-03 (Q1)",
      "signal": "FCF TURNED POSITIVE",
      "detail": "FCF margin: -102.7% -> +83.0%",
      "severity": "HIGH"
    },
    {
      "quarter": "2025-03 (Q1)",
      "signal": "OPERATING LEVERAGE",
      "detail": "Rev growth +601.2% vs OpEx growth +30.5% (leverage: 19.7x)",
      "severity": "MEDIUM"
    },
    {
      "quarter": "2025-03 (Q1)",
      "signal": "YoY REVENUE GROWTH ACCELERATION",
      "detail": "YoY growth: +3661.1% vs prior quarter YoY: +707.1% (accel: +2954.1%)",
      "severity": "HIGH"
    },
    {
      "quarter": "2025-03 (Q1)",
      "signal": "OP MARGIN TURNED POSITIVE (YoY)",
      "detail": "Op margin: -673.0% (year-ago) -> +70.2%",
      "severity": "HIGH"
    },
    {
      "quarter": "2025-03 (Q1)",
      "signal": "OP MARGIN TURNED POSITIVE (QoQ)",
      "detail": "Op margin: -60.4% -> +70.2%",
      "severity": "HIGH"
    },
    {
      "quarter": "2024-12 (Q4)",
      "signal": "FCF MARGIN EXPANSION",
      "detail": "FCF margin: -443.8% -> -102.7% (+341.0%)",
      "severity": "MEDIUM"
    },
    {
      "quarter": "2024-12 (Q4)",
      "signal": "OPERATING LEVERAGE",
      "detail": "Rev growth +362.1% vs OpEx growth +3.9% (leverage: 92.2x)",
      "severity": "MEDIUM"
    },
    {
      "quarter": "2024-12 (Q4)",
      "signal": "YoY REVENUE GROWTH ACCELERATION",
      "detail": "YoY growth: +707.1% vs prior quarter YoY: +47.9% (accel: +659.1%)",
      "severity": "HIGH"
    },
    {
      "quarter": "2024-06 (Q2)",
      "signal": "FCF MARGIN EXPANSION",
      "detail": "FCF margin: -583.0% -> -362.7% (+220.2%)",
      "severity": "MEDIUM"
    },
    {
      "quarter": "2024-06 (Q2)",
      "signal": "OPERATING LEVERAGE",
      "detail": "Rev growth +14.6% vs OpEx growth +4.9% (leverage: 3.0x)",
      "severity": "MEDIUM"
    },
    {
      "quarter": "2024-03 (Q1)",
      "signal": "FCF MARGIN EXPANSION",
      "detail": "FCF margin: -745.1% -> -583.0% (+162.1%)",
      "severity": "MEDIUM"
    },
    {
      "quarter": "2024-03 (Q1)",
      "signal": "OPERATING LEVERAGE",
      "detail": "Rev growth +50.5% vs OpEx growth +0.6% (leverage: 81.7x)",
      "severity": "MEDIUM"
    },
    {
      "quarter": "2023-12 (Q4)",
      "signal": "YoY REVENUE GROWTH DECELERATION",
      "detail": "YoY growth: -14.3% vs prior quarter YoY: +13.9% (decel: -28.1%)",
      "severity": "WARNING"
    },
    {
      "quarter": "2023-09 (Q3)",
      "signal": "YoY REVENUE GROWTH ACCELERATION",
      "detail": "YoY growth: +13.9% vs prior quarter YoY: -176.8% (accel: +190.7%)",
      "severity": "HIGH"
    },
    {
      "quarter": "2023-06 (Q2)",
      "signal": "FCF TURNED POSITIVE",
      "detail": "FCF margin: -417.7% -> +912.5%",
      "severity": "HIGH"
    },
    {
      "quarter": "2023-06 (Q2)",
      "signal": "YoY REVENUE GROWTH DECELERATION",
      "detail": "YoY growth: -176.8% vs prior quarter YoY: +71.7% (decel: -248.5%)",
      "severity": "WARNING"
    },
    {
      "quarter": "2023-06 (Q2)",
      "signal": "OP MARGIN TURNED POSITIVE (YoY)",
      "detail": "Op margin: -781.1% (year-ago) -> +1340.7%",
      "severity": "HIGH"
    },
    {
      "quarter": "2023-06 (Q2)",
      "signal": "OP MARGIN TURNED POSITIVE (QoQ)",
      "detail": "Op margin: -479.2% -> +1340.7%",
      "severity": "HIGH"
    },
    {
      "quarter": "2023-03 (Q1)",
      "signal": "FCF MARGIN EXPANSION",
      "detail": "FCF margin: -697.1% -> -417.7% (+279.4%)",
      "severity": "MEDIUM"
    },
    {
      "quarter": "2022-12 (Q4)",
      "signal": "FCF MARGIN EXPANSION",
      "detail": "FCF margin: -829.1% -> -697.1% (+132.0%)",
      "severity": "MEDIUM"
    },
    {
      "quarter": "2022-12 (Q4)",
      "signal": "OPERATING LEVERAGE",
      "detail": "Rev growth +12.5% vs OpEx growth +1.3% (leverage: 9.6x)",
      "severity": "MEDIUM"
    },
    {
      "quarter": "2022-06 (Q2)",
      "signal": "OPERATING LEVERAGE",
      "detail": "Rev growth +7.7% vs OpEx growth +2.4% (leverage: 3.2x)",
      "severity": "MEDIUM"
    }
  ],
  "data_quality": {
    "n_quarters": 15,
    "coverage": {
      "revenue": [
        15,
        15
      ],
      "gross_profit": [
        0,
        15
      ],
      "op_income": [
        15,
        15
      ],
      "fcf": [
        15,
        15
      ]
    },
    "gaps": [],
    "warnings": [
      "gross_profit: no data"
    ]
  },
  "market_cap": null,
  "source": "SEC EDGAR",
  "last_updated": "2026-02-02T21:43:37.994748"
}