{
  "ticker": "STRA",
  "name": "Strategic Education, Inc.",
  "quarters": [
    {
      "date": "2020-12-31T00:00:00",
      "quarter_label": "2020-12 (Q4)",
      "revenue": 267494000,
      "gross_profit": null,
      "operating_income": 3608000,
      "net_income": 5917000,
      "opex": 263886000,
      "cogs": null,
      "rd": null,
      "sga": null,
      "fcf": -27906000,
      "ocf": -15881000,
      "capex": -12025000,
      "gross_margin": null,
      "op_margin": 0.013488153005301054,
      "fcf_margin": -0.10432383530097872
    },
    {
      "date": "2021-03-31T00:00:00",
      "quarter_label": "2021-03 (Q1)",
      "revenue": 290336000,
      "gross_profit": null,
      "operating_income": 12000000,
      "net_income": 9577000,
      "opex": 278336000,
      "cogs": null,
      "rd": null,
      "sga": null,
      "fcf": 66131000,
      "ocf": 78781000,
      "capex": -12650000,
      "gross_margin": null,
      "op_margin": 0.04133142290311914,
      "fcf_margin": 0.2277740273338477,
      "op_leverage_ratio": 1.5594396961282295,
      "fcf_margin_change": 0.33209786263482644
    },
    {
      "date": "2021-06-30T00:00:00",
      "quarter_label": "2021-06 (Q2)",
      "revenue": 299173000,
      "gross_profit": null,
      "operating_income": 26700000,
      "net_income": 19976000,
      "opex": 272473000,
      "cogs": null,
      "rd": null,
      "sga": null,
      "fcf": 36562000,
      "ocf": 47050000,
      "capex": -10488000,
      "gross_margin": null,
      "op_margin": 0.08924602153269179,
      "fcf_margin": 0.12221022619019764,
      "op_leverage_ratio": Infinity,
      "fcf_margin_change": -0.10556380114365005
    },
    {
      "date": "2021-09-30T00:00:00",
      "quarter_label": "2021-09 (Q3)",
      "revenue": 270078000,
      "gross_profit": null,
      "operating_income": 7348000,
      "net_income": 3854000,
      "opex": 262730000,
      "cogs": null,
      "rd": null,
      "sga": null,
      "fcf": 24838000,
      "ocf": 35332000,
      "capex": -10494000,
      "gross_margin": null,
      "op_margin": 0.027206955027806783,
      "fcf_margin": 0.09196602462992173,
      "fcf_margin_change": -0.030244201560275907
    },
    {
      "date": "2021-12-31T00:00:00",
      "quarter_label": "2021-12 (Q4)",
      "revenue": 272099000,
      "gross_profit": null,
      "operating_income": 27864000,
      "net_income": 21680000,
      "opex": 244235000,
      "cogs": null,
      "rd": null,
      "sga": null,
      "fcf": 3563000,
      "ocf": 19364000,
      "capex": -15801000,
      "gross_margin": null,
      "op_margin": 0.10240390446124388,
      "fcf_margin": 0.013094498693490237,
      "incr_op_margin_yoy": 5.2673181324647125,
      "rev_growth_yoy": 0.017215339409482083,
      "fcf_margin_change": -0.0788715259364315
    },
    {
      "date": "2022-03-31T00:00:00",
      "quarter_label": "2022-03 (Q1)",
      "revenue": 258855000,
      "gross_profit": null,
      "operating_income": 13441000,
      "net_income": 7029000,
      "opex": 245414000,
      "cogs": null,
      "rd": null,
      "sga": null,
      "fcf": 46909000,
      "ocf": 56595000,
      "capex": -9686000,
      "gross_margin": null,
      "op_margin": 0.0519248227772305,
      "fcf_margin": 0.18121728380753704,
      "incr_op_margin_yoy": -0.045773641243924905,
      "rev_growth_yoy": -0.10842954370109115,
      "rev_growth_yoy_accel": -0.12564488311057323,
      "fcf_margin_change": 0.1681227851140468
    },
    {
      "date": "2022-06-30T00:00:00",
      "quarter_label": "2022-06 (Q2)",
      "revenue": 273564000,
      "gross_profit": null,
      "operating_income": 21865000,
      "net_income": 15220000,
      "opex": 251699000,
      "cogs": null,
      "rd": null,
      "sga": null,
      "fcf": 11079000,
      "ocf": 24081000,
      "capex": -13002000,
      "gross_margin": null,
      "op_margin": 0.07992645231097659,
      "fcf_margin": 0.04049874983550467,
      "incr_op_margin_yoy": 0.18880081221445585,
      "rev_growth_yoy": -0.08559930207605633,
      "rev_growth_yoy_accel": 0.022830241625034817,
      "op_leverage_ratio": 2.2188126939967727,
      "fcf_margin_change": -0.14071853397203238
    },
    {
      "date": "2022-09-30T00:00:00",
      "quarter_label": "2022-09 (Q3)",
      "revenue": 263123000,
      "gross_profit": null,
      "operating_income": 7807000,
      "net_income": 6092000,
      "opex": 255316000,
      "cogs": null,
      "rd": null,
      "sga": null,
      "fcf": 34236000,
      "ocf": 44056000,
      "capex": -9820000,
      "gross_margin": null,
      "op_margin": 0.029670534312849883,
      "fcf_margin": 0.13011405312344418,
      "incr_op_margin_yoy": -0.06599568655643422,
      "rev_growth_yoy": -0.025751819844637477,
      "rev_growth_yoy_accel": 0.05984748223141885,
      "fcf_margin_change": 0.08961530328793951
    },
    {
      "date": "2022-12-31T00:00:00",
      "quarter_label": "2022-12 (Q4)",
      "revenue": 269938000,
      "gross_profit": null,
      "operating_income": 27647000,
      "net_income": 18329000,
      "opex": 242291000,
      "cogs": null,
      "rd": null,
      "sga": null,
      "fcf": -9342000,
      "ocf": 1320000,
      "capex": -10662000,
      "gross_margin": null,
      "op_margin": 0.10241981492046322,
      "fcf_margin": -0.03460794701005416,
      "incr_op_margin_yoy": 0.1004164738546969,
      "rev_growth_yoy": -0.00794196230048622,
      "rev_growth_yoy_accel": 0.017809857544151257,
      "op_leverage_ratio": Infinity,
      "fcf_margin_change": -0.16472200013349833
    },
    {
      "date": "2023-03-31T00:00:00",
      "quarter_label": "2023-03 (Q1)",
      "revenue": 256606000,
      "gross_profit": null,
      "operating_income": -1349000,
      "net_income": -2028000,
      "opex": 257955000,
      "cogs": null,
      "rd": null,
      "sga": null,
      "fcf": 26972000,
      "ocf": 35242000,
      "capex": -8270000,
      "gross_margin": null,
      "op_margin": -0.005257086739982697,
      "fcf_margin": 0.1051105585995651,
      "incr_op_margin_yoy": 6.576256113828368,
      "rev_growth_yoy": -0.00868826176817137,
      "rev_growth_yoy_accel": -0.0007462994676851499,
      "fcf_margin_change": 0.13971850560961926
    },
    {
      "date": "2023-06-30T00:00:00",
      "quarter_label": "2023-06 (Q2)",
      "revenue": 287680000,
      "gross_profit": null,
      "operating_income": 16817000,
      "net_income": 14231000,
      "opex": 270863000,
      "cogs": null,
      "rd": null,
      "sga": null,
      "fcf": -4029000,
      "ocf": 5495000,
      "capex": -9524000,
      "gross_margin": null,
      "op_margin": 0.058457313681868746,
      "fcf_margin": -0.014005144605116796,
      "incr_op_margin_yoy": -0.3576083876452253,
      "rev_growth_yoy": 0.05160035677208989,
      "rev_growth_yoy_accel": 0.06028861854026126,
      "op_leverage_ratio": 2.4199999003221433,
      "fcf_margin_change": -0.1191157032046819
    },
    {
      "date": "2023-09-30T00:00:00",
      "quarter_label": "2023-09 (Q3)",
      "revenue": 285936000,
      "gross_profit": null,
      "operating_income": 25629000,
      "net_income": 18459000,
      "opex": 260307000,
      "cogs": null,
      "rd": null,
      "sga": null,
      "fcf": 36912000,
      "ocf": 46436000,
      "capex": -9524000,
      "gross_margin": null,
      "op_margin": 0.08963194561020647,
      "fcf_margin": 0.12909182474399866,
      "incr_op_margin_yoy": 0.7812212335072108,
      "rev_growth_yoy": 0.08670089653888105,
      "rev_growth_yoy_accel": 0.03510053976679116,
      "fcf_margin_change": 0.14309696934911545
    },
    {
      "date": "2023-12-31T00:00:00",
      "quarter_label": "2023-12 (Q4)",
      "revenue": 302702000,
      "gross_profit": null,
      "operating_income": 54224000,
      "net_income": 39129000,
      "opex": 248478000,
      "cogs": null,
      "rd": null,
      "sga": null,
      "fcf": 20321000,
      "ocf": 29946000,
      "capex": -9625000,
      "gross_margin": null,
      "op_margin": 0.17913327298795514,
      "fcf_margin": 0.06713203084221446,
      "incr_op_margin_yoy": 0.811164692955683,
      "rev_growth_yoy": 0.12137601967859286,
      "rev_growth_yoy_accel": 0.034675123139711814,
      "op_leverage_ratio": Infinity,
      "fcf_margin_change": -0.0619597939017842
    },
    {
      "date": "2024-03-31T00:00:00",
      "quarter_label": "2024-03 (Q1)",
      "revenue": 290250000,
      "gross_profit": null,
      "operating_income": 41356000,
      "net_income": 29702000,
      "opex": 248894000,
      "cogs": null,
      "rd": null,
      "sga": null,
      "fcf": 68442000,
      "ocf": 77630000,
      "capex": -9188000,
      "gross_margin": null,
      "op_margin": 0.14248406546080963,
      "fcf_margin": 0.23580361757105944,
      "incr_op_margin_yoy": 1.269319938176198,
      "rev_growth_yoy": 0.13111150947366781,
      "rev_growth_yoy_accel": 0.00973548979507495,
      "fcf_margin_change": 0.16867158672884497
    },
    {
      "date": "2024-06-30T00:00:00",
      "quarter_label": "2024-06 (Q2)",
      "revenue": 312266000,
      "gross_profit": null,
      "operating_income": 41924000,
      "net_income": 29898000,
      "opex": 270342000,
      "cogs": null,
      "rd": null,
      "sga": null,
      "fcf": 13565000,
      "ocf": 24305000,
      "capex": -10740000,
      "gross_margin": null,
      "op_margin": 0.13425733189011932,
      "fcf_margin": 0.04344052826756675,
      "incr_op_margin_yoy": 1.0211909216627348,
      "rev_growth_yoy": 0.08546301446051167,
      "rev_growth_yoy_accel": -0.04564849501315614,
      "op_leverage_ratio": 0.8802252338127011,
      "fcf_margin_change": -0.1923630893034927
    },
    {
      "date": "2024-09-30T00:00:00",
      "quarter_label": "2024-09 (Q3)",
      "revenue": 305958000,
      "gross_profit": null,
      "operating_income": 36326000,
      "net_income": 27748000,
      "opex": 269632000,
      "cogs": null,
      "rd": null,
      "sga": null,
      "fcf": 42073000,
      "ocf": 51491000,
      "capex": -9418000,
      "gross_margin": null,
      "op_margin": 0.11872871439870832,
      "fcf_margin": 0.13751233829479864,
      "incr_op_margin_yoy": 0.5342623114573969,
      "rev_growth_yoy": 0.07002266241396676,
      "rev_growth_yoy_accel": -0.015440352046544911,
      "fcf_margin_change": 0.09407181002723189
    },
    {
      "date": "2024-12-31T00:00:00",
      "quarter_label": "2024-12 (Q4)",
      "revenue": 311456000,
      "gross_profit": null,
      "operating_income": 36022000,
      "net_income": 25336000,
      "opex": 275434000,
      "cogs": null,
      "rd": null,
      "sga": null,
      "fcf": 4671000,
      "ocf": 15905000,
      "capex": -11234000,
      "gross_margin": null,
      "op_margin": 0.11565678619130793,
      "fcf_margin": 0.01499730298982842,
      "incr_op_margin_yoy": -2.0792780443225953,
      "rev_growth_yoy": 0.0289195314203408,
      "rev_growth_yoy_accel": -0.04110313099362596,
      "op_leverage_ratio": 0.835096437131317,
      "fcf_margin_change": -0.12251503530497022
    },
    {
      "date": "2025-03-31T00:00:00",
      "quarter_label": "2025-03 (Q1)",
      "revenue": 303590000,
      "gross_profit": null,
      "operating_income": 39794000,
      "net_income": 29744000,
      "opex": 263796000,
      "cogs": null,
      "rd": null,
      "sga": null,
      "fcf": 57338000,
      "ocf": 67656000,
      "capex": -10318000,
      "gross_margin": null,
      "op_margin": 0.13107809875160578,
      "fcf_margin": 0.18886656345729438,
      "incr_op_margin_yoy": -0.11709145427286356,
      "rev_growth_yoy": 0.045960378983634795,
      "rev_growth_yoy_accel": 0.017040847563293996,
      "fcf_margin_change": 0.17386926046746595
    },
    {
      "date": "2025-06-30T00:00:00",
      "quarter_label": "2025-06 (Q2)",
      "revenue": 321471000,
      "gross_profit": null,
      "operating_income": 45760000,
      "net_income": 32331000,
      "opex": 275711000,
      "cogs": null,
      "rd": null,
      "sga": null,
      "fcf": 20375000,
      "ocf": 31208000,
      "capex": -10833000,
      "gross_margin": null,
      "op_margin": 0.14234565481800845,
      "fcf_margin": 0.06338052265989778,
      "incr_op_margin_yoy": 0.41673003802281366,
      "rev_growth_yoy": 0.02947807318119808,
      "rev_growth_yoy_accel": -0.016482305802436713,
      "op_leverage_ratio": 1.3040027290157397,
      "fcf_margin_change": -0.12548604079739661
    },
    {
      "date": "2025-09-30T00:00:00",
      "quarter_label": "2025-09 (Q3)",
      "revenue": 319949000,
      "gross_profit": null,
      "operating_income": 37042000,
      "net_income": 26630000,
      "opex": 282907000,
      "cogs": null,
      "rd": null,
      "sga": null,
      "fcf": 49280000,
      "ocf": 60138000,
      "capex": -10858000,
      "gross_margin": null,
      "op_margin": 0.1157747015930664,
      "fcf_margin": 0.15402454766228368,
      "incr_op_margin_yoy": 0.05117575584304195,
      "rev_growth_yoy": 0.04572849868282575,
      "rev_growth_yoy_accel": 0.016250425501627665,
      "fcf_margin_change": 0.0906440250023859
    }
  ],
  "signals": [
    {
      "quarter": "2025-09 (Q3)",
      "signal": "FCF MARGIN EXPANSION",
      "detail": "FCF margin: +6.3% -> +15.4% (+9.1%)",
      "severity": "MEDIUM"
    },
    {
      "quarter": "2025-06 (Q2)",
      "signal": "INCREMENTAL MARGIN (YoY)",
      "detail": "YoY Incr OPM: +41.7% vs year-ago OPM: +13.4%",
      "severity": "HIGH"
    },
    {
      "quarter": "2025-03 (Q1)",
      "signal": "FCF MARGIN EXPANSION",
      "detail": "FCF margin: +1.5% -> +18.9% (+17.4%)",
      "severity": "MEDIUM"
    },
    {
      "quarter": "2024-09 (Q3)",
      "signal": "FCF MARGIN EXPANSION",
      "detail": "FCF margin: +4.3% -> +13.8% (+9.4%)",
      "severity": "MEDIUM"
    },
    {
      "quarter": "2024-09 (Q3)",
      "signal": "INCREMENTAL MARGIN (YoY)",
      "detail": "YoY Incr OPM: +53.4% vs year-ago OPM: +9.0%",
      "severity": "HIGH"
    },
    {
      "quarter": "2024-06 (Q2)",
      "signal": "INCREMENTAL MARGIN (YoY)",
      "detail": "YoY Incr OPM: +102.1% vs year-ago OPM: +5.8%",
      "severity": "HIGH"
    },
    {
      "quarter": "2024-03 (Q1)",
      "signal": "FCF MARGIN EXPANSION",
      "detail": "FCF margin: +6.7% -> +23.6% (+16.9%)",
      "severity": "MEDIUM"
    },
    {
      "quarter": "2024-03 (Q1)",
      "signal": "OP MARGIN TURNED POSITIVE (YoY)",
      "detail": "Op margin: -0.5% (year-ago) -> +14.2%",
      "severity": "HIGH"
    },
    {
      "quarter": "2023-12 (Q4)",
      "signal": "INCREMENTAL MARGIN (YoY)",
      "detail": "YoY Incr OPM: +81.1% vs year-ago OPM: +10.2%",
      "severity": "HIGH"
    },
    {
      "quarter": "2023-09 (Q3)",
      "signal": "FCF TURNED POSITIVE",
      "detail": "FCF margin: -1.4% -> +12.9%",
      "severity": "HIGH"
    },
    {
      "quarter": "2023-09 (Q3)",
      "signal": "INCREMENTAL MARGIN (YoY)",
      "detail": "YoY Incr OPM: +78.1% vs year-ago OPM: +3.0%",
      "severity": "HIGH"
    },
    {
      "quarter": "2023-06 (Q2)",
      "signal": "OPERATING LEVERAGE",
      "detail": "Rev growth +12.1% vs OpEx growth +5.0% (leverage: 2.4x)",
      "severity": "MEDIUM"
    },
    {
      "quarter": "2023-06 (Q2)",
      "signal": "YoY REVENUE GROWTH ACCELERATION",
      "detail": "YoY growth: +5.2% vs prior quarter YoY: -0.9% (accel: +6.0%)",
      "severity": "MEDIUM"
    },
    {
      "quarter": "2023-06 (Q2)",
      "signal": "OP MARGIN TURNED POSITIVE (QoQ)",
      "detail": "Op margin: -0.5% -> +5.8%",
      "severity": "HIGH"
    },
    {
      "quarter": "2023-03 (Q1)",
      "signal": "FCF TURNED POSITIVE",
      "detail": "FCF margin: -3.5% -> +10.5%",
      "severity": "HIGH"
    },
    {
      "quarter": "2022-09 (Q3)",
      "signal": "FCF MARGIN EXPANSION",
      "detail": "FCF margin: +4.0% -> +13.0% (+9.0%)",
      "severity": "MEDIUM"
    },
    {
      "quarter": "2022-09 (Q3)",
      "signal": "YoY REVENUE GROWTH ACCELERATION",
      "detail": "YoY growth: -2.6% vs prior quarter YoY: -8.6% (accel: +6.0%)",
      "severity": "MEDIUM"
    },
    {
      "quarter": "2022-06 (Q2)",
      "signal": "OPERATING LEVERAGE",
      "detail": "Rev growth +5.7% vs OpEx growth +2.6% (leverage: 2.2x)",
      "severity": "MEDIUM"
    },
    {
      "quarter": "2022-03 (Q1)",
      "signal": "FCF MARGIN EXPANSION",
      "detail": "FCF margin: +1.3% -> +18.1% (+16.8%)",
      "severity": "MEDIUM"
    },
    {
      "quarter": "2022-03 (Q1)",
      "signal": "YoY REVENUE GROWTH DECELERATION",
      "detail": "YoY growth: -10.8% vs prior quarter YoY: +1.7% (decel: -12.6%)",
      "severity": "WARNING"
    },
    {
      "quarter": "2021-12 (Q4)",
      "signal": "INCREMENTAL MARGIN (YoY)",
      "detail": "YoY Incr OPM: +526.7% vs year-ago OPM: +1.3%",
      "severity": "HIGH"
    },
    {
      "quarter": "2021-03 (Q1)",
      "signal": "FCF TURNED POSITIVE",
      "detail": "FCF margin: -10.4% -> +22.8%",
      "severity": "HIGH"
    },
    {
      "quarter": "2021-03 (Q1)",
      "signal": "OPERATING LEVERAGE",
      "detail": "Rev growth +8.5% vs OpEx growth +5.5% (leverage: 1.6x)",
      "severity": "MEDIUM"
    }
  ],
  "data_quality": {
    "n_quarters": 20,
    "coverage": {
      "revenue": [
        20,
        20
      ],
      "gross_profit": [
        0,
        20
      ],
      "op_income": [
        20,
        20
      ],
      "fcf": [
        20,
        20
      ]
    },
    "gaps": [],
    "warnings": [
      "gross_profit: no data"
    ]
  },
  "market_cap": null,
  "source": "SEC EDGAR",
  "last_updated": "2026-02-02T21:36:45.086903"
}