{
  "ticker": "STRO",
  "name": "SUTRO BIOPHARMA, INC.",
  "quarters": [
    {
      "date": "2020-12-31T00:00:00",
      "quarter_label": "2020-12 (Q4)",
      "revenue": 8278000,
      "gross_profit": null,
      "operating_income": -24843000,
      "net_income": -59544000,
      "opex": 33121000,
      "cogs": null,
      "rd": 22738000,
      "sga": null,
      "fcf": -18879000,
      "ocf": -18879000,
      "capex": null,
      "gross_margin": null,
      "op_margin": -3.001087219135057,
      "fcf_margin": -2.280623338970766
    },
    {
      "date": "2021-03-31T00:00:00",
      "quarter_label": "2021-03 (Q1)",
      "revenue": 14660000,
      "gross_profit": null,
      "operating_income": -19009000,
      "net_income": -30359000,
      "opex": 33669000,
      "cogs": null,
      "rd": 22562000,
      "sga": null,
      "fcf": -30430000,
      "ocf": -30430000,
      "capex": null,
      "gross_margin": null,
      "op_margin": -1.2966575716234652,
      "fcf_margin": -2.0757162346521145,
      "op_leverage_ratio": 46.596603344014476,
      "fcf_margin_change": 0.20490710431865145
    },
    {
      "date": "2021-06-30T00:00:00",
      "quarter_label": "2021-06 (Q2)",
      "revenue": 28049000,
      "gross_profit": null,
      "operating_income": -9805000,
      "net_income": -6152000,
      "opex": 37854000,
      "cogs": null,
      "rd": 25309000,
      "sga": null,
      "fcf": -5263000,
      "ocf": -5263000,
      "capex": null,
      "gross_margin": null,
      "op_margin": -0.3495668294769867,
      "fcf_margin": -0.18763592284929945,
      "op_leverage_ratio": 7.34765787968138,
      "fcf_margin_change": 1.888080311802815
    },
    {
      "date": "2021-09-30T00:00:00",
      "quarter_label": "2021-09 (Q3)",
      "revenue": 8517000,
      "gross_profit": null,
      "operating_income": -34674000,
      "net_income": -30902000,
      "opex": 43191000,
      "cogs": null,
      "rd": 26602000,
      "sga": null,
      "fcf": -24406000,
      "ocf": -24406000,
      "capex": null,
      "gross_margin": null,
      "op_margin": -4.071151814019021,
      "fcf_margin": -2.8655629916637313,
      "fcf_margin_change": -2.677927068814432
    },
    {
      "date": "2021-12-31T00:00:00",
      "quarter_label": "2021-12 (Q4)",
      "revenue": 10654000,
      "gross_profit": null,
      "operating_income": -35036000,
      "net_income": -38125000,
      "opex": 45690000,
      "cogs": null,
      "rd": 29927000,
      "sga": null,
      "fcf": -21580000,
      "ocf": -21580000,
      "capex": null,
      "gross_margin": null,
      "op_margin": -3.2885301295288154,
      "fcf_margin": -2.0255303172517363,
      "incr_op_margin_yoy": -4.289983164983165,
      "rev_growth_yoy": 0.2870258516549891,
      "op_leverage_ratio": 4.336555192700539,
      "fcf_margin_change": 0.840032674411995
    },
    {
      "date": "2022-03-31T00:00:00",
      "quarter_label": "2022-03 (Q1)",
      "revenue": 5897000,
      "gross_profit": null,
      "operating_income": -39132000,
      "net_income": -39110000,
      "opex": 45029000,
      "cogs": null,
      "rd": 29990000,
      "sga": null,
      "fcf": -35255000,
      "ocf": -35255000,
      "capex": null,
      "gross_margin": null,
      "op_margin": -6.635916567746312,
      "fcf_margin": -5.978463625572325,
      "incr_op_margin_yoy": 2.2963596941686637,
      "rev_growth_yoy": -0.5977489768076398,
      "rev_growth_yoy_accel": -0.8847748284626289,
      "fcf_margin_change": -3.952933308320589
    },
    {
      "date": "2022-06-30T00:00:00",
      "quarter_label": "2022-06 (Q2)",
      "revenue": 28096000,
      "gross_profit": null,
      "operating_income": -19379000,
      "net_income": -26012000,
      "opex": 47475000,
      "cogs": null,
      "rd": 32332000,
      "sga": null,
      "fcf": -3186000,
      "ocf": -3186000,
      "capex": null,
      "gross_margin": null,
      "op_margin": -0.6897423120728929,
      "fcf_margin": -0.11339692482915717,
      "rev_growth_yoy": 0.0016756390602160505,
      "rev_growth_yoy_accel": 0.5994246158678559,
      "op_leverage_ratio": 69.30078163834847,
      "fcf_margin_change": 5.865066700743168
    },
    {
      "date": "2022-09-30T00:00:00",
      "quarter_label": "2022-09 (Q3)",
      "revenue": 25147000,
      "gross_profit": null,
      "operating_income": -21210000,
      "net_income": -19488000,
      "opex": 46357000,
      "cogs": null,
      "rd": 31714000,
      "sga": null,
      "fcf": 65854000,
      "ocf": 65854000,
      "capex": null,
      "gross_margin": null,
      "op_margin": -0.8434405694516245,
      "fcf_margin": 2.6187616813138743,
      "incr_op_margin_yoy": 0.8096211665664462,
      "rev_growth_yoy": 1.9525654573206528,
      "rev_growth_yoy_accel": 1.9508898182604368,
      "fcf_margin_change": 2.7321586061430314
    },
    {
      "date": "2022-12-31T00:00:00",
      "quarter_label": "2022-12 (Q4)",
      "revenue": 8632000,
      "gross_profit": null,
      "operating_income": -49222000,
      "net_income": -34594000,
      "opex": 57854000,
      "cogs": null,
      "rd": 43135000,
      "sga": null,
      "fcf": -23864000,
      "ocf": -23864000,
      "capex": null,
      "gross_margin": null,
      "op_margin": -5.70227062094532,
      "fcf_margin": -2.7645968489341985,
      "incr_op_margin_yoy": 7.015825914935707,
      "rev_growth_yoy": -0.18978787309930542,
      "rev_growth_yoy_accel": -2.142353330419958,
      "fcf_margin_change": -5.383358530248072
    },
    {
      "date": "2023-03-31T00:00:00",
      "quarter_label": "2023-03 (Q1)",
      "revenue": 12674000,
      "gross_profit": null,
      "operating_income": -42237000,
      "net_income": -50050000,
      "opex": 54911000,
      "cogs": null,
      "rd": 39399000,
      "sga": null,
      "fcf": -60991000,
      "ocf": -60991000,
      "capex": null,
      "gross_margin": null,
      "op_margin": -3.332570617011204,
      "fcf_margin": -4.812292883067697,
      "incr_op_margin_yoy": -0.4581673306772908,
      "rev_growth_yoy": 1.1492284212311346,
      "rev_growth_yoy_accel": 1.33901629433044,
      "op_leverage_ratio": Infinity,
      "fcf_margin_change": -2.047696034133499
    },
    {
      "date": "2023-06-30T00:00:00",
      "quarter_label": "2023-06 (Q2)",
      "revenue": 10412000,
      "gross_profit": null,
      "operating_income": -46179000,
      "net_income": -38524000,
      "opex": 56591000,
      "cogs": null,
      "rd": 41592000,
      "sga": null,
      "fcf": -31195000,
      "ocf": -31195000,
      "capex": null,
      "gross_margin": null,
      "op_margin": -4.435170956588552,
      "fcf_margin": -2.996062235881675,
      "incr_op_margin_yoy": 1.5154942320741913,
      "rev_growth_yoy": -0.6294134396355353,
      "rev_growth_yoy_accel": -1.7786418608666699,
      "fcf_margin_change": 1.8162306471860226
    },
    {
      "date": "2023-09-30T00:00:00",
      "quarter_label": "2023-09 (Q3)",
      "revenue": 16924000,
      "gross_profit": null,
      "operating_income": -44014000,
      "net_income": -49284000,
      "opex": 60938000,
      "cogs": null,
      "rd": 45669000,
      "sga": null,
      "fcf": -33502000,
      "ocf": -33502000,
      "capex": null,
      "gross_margin": null,
      "op_margin": -2.600685417159064,
      "fcf_margin": -1.9795556606003308,
      "incr_op_margin_yoy": 2.773197130001216,
      "rev_growth_yoy": -0.3269972561339325,
      "rev_growth_yoy_accel": 0.3024161835016028,
      "op_leverage_ratio": 8.14212865638478,
      "fcf_margin_change": 1.016506575281344
    },
    {
      "date": "2023-12-31T00:00:00",
      "quarter_label": "2023-12 (Q4)",
      "revenue": 113721000,
      "gross_profit": null,
      "operating_income": 43152000,
      "net_income": 31065000,
      "opex": 70569000,
      "cogs": null,
      "rd": 53765000,
      "sga": null,
      "fcf": 14072000,
      "ocf": 14072000,
      "capex": null,
      "gross_margin": null,
      "op_margin": 0.3794549819294589,
      "fcf_margin": 0.12374143737744128,
      "incr_op_margin_yoy": 0.8790073176069807,
      "rev_growth_yoy": 12.17435125115848,
      "rev_growth_yoy_accel": 12.501348507292413,
      "op_leverage_ratio": 36.18892600194641,
      "fcf_margin_change": 2.103297097977772
    },
    {
      "date": "2024-03-31T00:00:00",
      "quarter_label": "2024-03 (Q1)",
      "revenue": 13008000,
      "gross_profit": null,
      "operating_income": -56591000,
      "net_income": -58213000,
      "opex": 69599000,
      "cogs": null,
      "rd": 56878000,
      "sga": null,
      "fcf": -64741000,
      "ocf": -64741000,
      "capex": null,
      "gross_margin": null,
      "op_margin": -4.350476629766297,
      "fcf_margin": -4.977014145141451,
      "rev_growth_yoy": 0.026353163957708696,
      "rev_growth_yoy_accel": -12.147998087200772,
      "fcf_margin_change": -5.100755582518893
    },
    {
      "date": "2024-06-30T00:00:00",
      "quarter_label": "2024-06 (Q2)",
      "revenue": 25706000,
      "gross_profit": null,
      "operating_income": -48685000,
      "net_income": -48018000,
      "opex": 74391000,
      "cogs": null,
      "rd": 62020000,
      "sga": null,
      "fcf": 9455000,
      "ocf": 9455000,
      "capex": null,
      "gross_margin": null,
      "op_margin": -1.893915817318914,
      "fcf_margin": 0.36781296195440755,
      "incr_op_margin_yoy": -0.1638551065777429,
      "rev_growth_yoy": 1.4688820591625047,
      "rev_growth_yoy_accel": 1.442528895204796,
      "op_leverage_ratio": 14.17786983405101,
      "fcf_margin_change": 5.344827107095859
    },
    {
      "date": "2024-09-30T00:00:00",
      "quarter_label": "2024-09 (Q3)",
      "revenue": 8520000,
      "gross_profit": null,
      "operating_income": -67919000,
      "net_income": -48787000,
      "opex": 76439000,
      "cogs": null,
      "rd": 62108000,
      "sga": null,
      "fcf": -64516000,
      "ocf": -64516000,
      "capex": null,
      "gross_margin": null,
      "op_margin": -7.971713615023474,
      "fcf_margin": -7.572300469483568,
      "incr_op_margin_yoy": 2.8444788196097095,
      "rev_growth_yoy": -0.49657291420467975,
      "rev_growth_yoy_accel": -1.9654549733671844,
      "fcf_margin_change": -7.940113431437975
    },
    {
      "date": "2024-12-31T00:00:00",
      "quarter_label": "2024-12 (Q4)",
      "revenue": 14809000,
      "gross_profit": null,
      "operating_income": -65258000,
      "net_income": -72443000,
      "opex": 80067000,
      "cogs": null,
      "rd": 71037000,
      "sga": null,
      "fcf": -71738000,
      "ocf": -71738000,
      "capex": null,
      "gross_margin": null,
      "op_margin": -4.406644608008643,
      "fcf_margin": -4.844216354919306,
      "incr_op_margin_yoy": 1.0960247492720803,
      "rev_growth_yoy": -0.8697777895023786,
      "rev_growth_yoy_accel": -0.37320487529769886,
      "op_leverage_ratio": 15.552124290210209,
      "fcf_margin_change": 2.728084114564262
    },
    {
      "date": "2025-03-31T00:00:00",
      "quarter_label": "2025-03 (Q1)",
      "revenue": 17399000,
      "gross_profit": null,
      "operating_income": -68514000,
      "net_income": -75968000,
      "opex": 85913000,
      "cogs": null,
      "rd": 51597000,
      "sga": null,
      "fcf": -67883000,
      "ocf": -67883000,
      "capex": null,
      "gross_margin": null,
      "op_margin": -3.9378125179608023,
      "fcf_margin": -3.9015460658658543,
      "incr_op_margin_yoy": -2.715326804828057,
      "rev_growth_yoy": 0.33756150061500617,
      "rev_growth_yoy_accel": 1.2073392901173847,
      "op_leverage_ratio": 2.395348876965855,
      "fcf_margin_change": 0.9426702890534515
    },
    {
      "date": "2025-06-30T00:00:00",
      "quarter_label": "2025-06 (Q2)",
      "revenue": 63745000,
      "gross_profit": null,
      "operating_income": -3345000,
      "net_income": -11499000,
      "opex": 67090000,
      "cogs": null,
      "rd": 38325000,
      "sga": null,
      "fcf": -44724000,
      "ocf": -44724000,
      "capex": null,
      "gross_margin": null,
      "op_margin": -0.052474703898344965,
      "fcf_margin": -0.7016079692524904,
      "incr_op_margin_yoy": 1.191934593443571,
      "rev_growth_yoy": 1.4797712596281023,
      "rev_growth_yoy_accel": 1.1422097590130962,
      "op_leverage_ratio": Infinity,
      "fcf_margin_change": 3.199938096613364
    },
    {
      "date": "2025-09-30T00:00:00",
      "quarter_label": "2025-09 (Q3)",
      "revenue": 9693000,
      "gross_profit": null,
      "operating_income": -48459000,
      "net_income": -56857000,
      "opex": 58152000,
      "cogs": null,
      "rd": 39853000,
      "sga": null,
      "fcf": -38189000,
      "ocf": -38189000,
      "capex": null,
      "gross_margin": null,
      "op_margin": -4.999380996595481,
      "fcf_margin": -3.939853502527597,
      "incr_op_margin_yoy": 16.58994032395567,
      "rev_growth_yoy": 0.13767605633802818,
      "rev_growth_yoy_accel": -1.3420952032900741,
      "fcf_margin_change": -3.238245533275107
    }
  ],
  "signals": [
    {
      "quarter": "2025-09 (Q3)",
      "signal": "YoY REVENUE GROWTH DECELERATION",
      "detail": "YoY growth: +13.8% vs prior quarter YoY: +148.0% (decel: -134.2%)",
      "severity": "WARNING"
    },
    {
      "quarter": "2025-06 (Q2)",
      "signal": "FCF MARGIN EXPANSION",
      "detail": "FCF margin: -390.2% -> -70.2% (+320.0%)",
      "severity": "MEDIUM"
    },
    {
      "quarter": "2025-06 (Q2)",
      "signal": "YoY REVENUE GROWTH ACCELERATION",
      "detail": "YoY growth: +148.0% vs prior quarter YoY: +33.8% (accel: +114.2%)",
      "severity": "HIGH"
    },
    {
      "quarter": "2025-03 (Q1)",
      "signal": "FCF MARGIN EXPANSION",
      "detail": "FCF margin: -484.4% -> -390.2% (+94.3%)",
      "severity": "MEDIUM"
    },
    {
      "quarter": "2025-03 (Q1)",
      "signal": "OPERATING LEVERAGE",
      "detail": "Rev growth +17.5% vs OpEx growth +7.3% (leverage: 2.4x)",
      "severity": "MEDIUM"
    },
    {
      "quarter": "2025-03 (Q1)",
      "signal": "YoY REVENUE GROWTH ACCELERATION",
      "detail": "YoY growth: +33.8% vs prior quarter YoY: -87.0% (accel: +120.7%)",
      "severity": "HIGH"
    },
    {
      "quarter": "2024-12 (Q4)",
      "signal": "FCF MARGIN EXPANSION",
      "detail": "FCF margin: -757.2% -> -484.4% (+272.8%)",
      "severity": "MEDIUM"
    },
    {
      "quarter": "2024-12 (Q4)",
      "signal": "OPERATING LEVERAGE",
      "detail": "Rev growth +73.8% vs OpEx growth +4.7% (leverage: 15.6x)",
      "severity": "MEDIUM"
    },
    {
      "quarter": "2024-12 (Q4)",
      "signal": "YoY REVENUE GROWTH DECELERATION",
      "detail": "YoY growth: -87.0% vs prior quarter YoY: -49.7% (decel: -37.3%)",
      "severity": "WARNING"
    },
    {
      "quarter": "2024-09 (Q3)",
      "signal": "YoY REVENUE GROWTH DECELERATION",
      "detail": "YoY growth: -49.7% vs prior quarter YoY: +146.9% (decel: -196.5%)",
      "severity": "WARNING"
    },
    {
      "quarter": "2024-06 (Q2)",
      "signal": "FCF TURNED POSITIVE",
      "detail": "FCF margin: -497.7% -> +36.8%",
      "severity": "HIGH"
    },
    {
      "quarter": "2024-06 (Q2)",
      "signal": "OPERATING LEVERAGE",
      "detail": "Rev growth +97.6% vs OpEx growth +6.9% (leverage: 14.2x)",
      "severity": "MEDIUM"
    },
    {
      "quarter": "2024-06 (Q2)",
      "signal": "YoY REVENUE GROWTH ACCELERATION",
      "detail": "YoY growth: +146.9% vs prior quarter YoY: +2.6% (accel: +144.3%)",
      "severity": "HIGH"
    },
    {
      "quarter": "2024-03 (Q1)",
      "signal": "YoY REVENUE GROWTH DECELERATION",
      "detail": "YoY growth: +2.6% vs prior quarter YoY: +1217.4% (decel: -1214.8%)",
      "severity": "WARNING"
    },
    {
      "quarter": "2023-12 (Q4)",
      "signal": "FCF TURNED POSITIVE",
      "detail": "FCF margin: -198.0% -> +12.4%",
      "severity": "HIGH"
    },
    {
      "quarter": "2023-12 (Q4)",
      "signal": "OPERATING LEVERAGE",
      "detail": "Rev growth +572.0% vs OpEx growth +15.8% (leverage: 36.2x)",
      "severity": "MEDIUM"
    },
    {
      "quarter": "2023-12 (Q4)",
      "signal": "YoY REVENUE GROWTH ACCELERATION",
      "detail": "YoY growth: +1217.4% vs prior quarter YoY: -32.7% (accel: +1250.1%)",
      "severity": "HIGH"
    },
    {
      "quarter": "2023-12 (Q4)",
      "signal": "OP MARGIN TURNED POSITIVE (YoY)",
      "detail": "Op margin: -570.2% (year-ago) -> +37.9%",
      "severity": "HIGH"
    },
    {
      "quarter": "2023-12 (Q4)",
      "signal": "OP MARGIN TURNED POSITIVE (QoQ)",
      "detail": "Op margin: -260.1% -> +37.9%",
      "severity": "HIGH"
    },
    {
      "quarter": "2023-09 (Q3)",
      "signal": "FCF MARGIN EXPANSION",
      "detail": "FCF margin: -299.6% -> -198.0% (+101.7%)",
      "severity": "MEDIUM"
    },
    {
      "quarter": "2023-09 (Q3)",
      "signal": "OPERATING LEVERAGE",
      "detail": "Rev growth +62.5% vs OpEx growth +7.7% (leverage: 8.1x)",
      "severity": "MEDIUM"
    },
    {
      "quarter": "2023-09 (Q3)",
      "signal": "YoY REVENUE GROWTH ACCELERATION",
      "detail": "YoY growth: -32.7% vs prior quarter YoY: -62.9% (accel: +30.2%)",
      "severity": "HIGH"
    },
    {
      "quarter": "2023-06 (Q2)",
      "signal": "FCF MARGIN EXPANSION",
      "detail": "FCF margin: -481.2% -> -299.6% (+181.6%)",
      "severity": "MEDIUM"
    },
    {
      "quarter": "2023-06 (Q2)",
      "signal": "YoY REVENUE GROWTH DECELERATION",
      "detail": "YoY growth: -62.9% vs prior quarter YoY: +114.9% (decel: -177.9%)",
      "severity": "WARNING"
    },
    {
      "quarter": "2023-03 (Q1)",
      "signal": "YoY REVENUE GROWTH ACCELERATION",
      "detail": "YoY growth: +114.9% vs prior quarter YoY: -19.0% (accel: +133.9%)",
      "severity": "HIGH"
    },
    {
      "quarter": "2022-12 (Q4)",
      "signal": "YoY REVENUE GROWTH DECELERATION",
      "detail": "YoY growth: -19.0% vs prior quarter YoY: +195.3% (decel: -214.2%)",
      "severity": "WARNING"
    },
    {
      "quarter": "2022-09 (Q3)",
      "signal": "FCF TURNED POSITIVE",
      "detail": "FCF margin: -11.3% -> +261.9%",
      "severity": "HIGH"
    },
    {
      "quarter": "2022-09 (Q3)",
      "signal": "YoY REVENUE GROWTH ACCELERATION",
      "detail": "YoY growth: +195.3% vs prior quarter YoY: +0.2% (accel: +195.1%)",
      "severity": "HIGH"
    },
    {
      "quarter": "2022-06 (Q2)",
      "signal": "FCF MARGIN EXPANSION",
      "detail": "FCF margin: -597.8% -> -11.3% (+586.5%)",
      "severity": "MEDIUM"
    },
    {
      "quarter": "2022-06 (Q2)",
      "signal": "OPERATING LEVERAGE",
      "detail": "Rev growth +376.4% vs OpEx growth +5.4% (leverage: 69.3x)",
      "severity": "MEDIUM"
    },
    {
      "quarter": "2022-06 (Q2)",
      "signal": "YoY REVENUE GROWTH ACCELERATION",
      "detail": "YoY growth: +0.2% vs prior quarter YoY: -59.8% (accel: +59.9%)",
      "severity": "HIGH"
    },
    {
      "quarter": "2022-03 (Q1)",
      "signal": "YoY REVENUE GROWTH DECELERATION",
      "detail": "YoY growth: -59.8% vs prior quarter YoY: +28.7% (decel: -88.5%)",
      "severity": "WARNING"
    },
    {
      "quarter": "2021-12 (Q4)",
      "signal": "FCF MARGIN EXPANSION",
      "detail": "FCF margin: -286.6% -> -202.6% (+84.0%)",
      "severity": "MEDIUM"
    },
    {
      "quarter": "2021-12 (Q4)",
      "signal": "OPERATING LEVERAGE",
      "detail": "Rev growth +25.1% vs OpEx growth +5.8% (leverage: 4.3x)",
      "severity": "MEDIUM"
    },
    {
      "quarter": "2021-06 (Q2)",
      "signal": "FCF MARGIN EXPANSION",
      "detail": "FCF margin: -207.6% -> -18.8% (+188.8%)",
      "severity": "MEDIUM"
    },
    {
      "quarter": "2021-06 (Q2)",
      "signal": "OPERATING LEVERAGE",
      "detail": "Rev growth +91.3% vs OpEx growth +12.4% (leverage: 7.3x)",
      "severity": "MEDIUM"
    },
    {
      "quarter": "2021-03 (Q1)",
      "signal": "FCF MARGIN EXPANSION",
      "detail": "FCF margin: -228.1% -> -207.6% (+20.5%)",
      "severity": "MEDIUM"
    },
    {
      "quarter": "2021-03 (Q1)",
      "signal": "OPERATING LEVERAGE",
      "detail": "Rev growth +77.1% vs OpEx growth +1.7% (leverage: 46.6x)",
      "severity": "MEDIUM"
    }
  ],
  "data_quality": {
    "n_quarters": 20,
    "coverage": {
      "revenue": [
        20,
        20
      ],
      "gross_profit": [
        0,
        20
      ],
      "op_income": [
        20,
        20
      ],
      "fcf": [
        20,
        20
      ]
    },
    "gaps": [],
    "warnings": [
      "gross_profit: no data"
    ]
  },
  "market_cap": null,
  "source": "SEC EDGAR",
  "last_updated": "2026-02-02T23:11:27.010439"
}