{
  "ticker": "STRR",
  "name": "Star Equity Holdings, Inc.",
  "quarters": [
    {
      "date": "2020-12-31T00:00:00",
      "quarter_label": "2020-12 (Q4)",
      "revenue": 27331000,
      "gross_profit": null,
      "operating_income": -137000,
      "net_income": 1197000,
      "opex": 27468000,
      "cogs": null,
      "rd": null,
      "sga": null,
      "fcf": -68000,
      "ocf": -68000,
      "capex": null,
      "gross_margin": null,
      "op_margin": -0.005012623028795141,
      "fcf_margin": -0.0024880172697669314
    },
    {
      "date": "2021-03-31T00:00:00",
      "quarter_label": "2021-03 (Q1)",
      "revenue": 34461000,
      "gross_profit": null,
      "operating_income": 18000,
      "net_income": -203000,
      "opex": 34443000,
      "cogs": null,
      "rd": null,
      "sga": null,
      "fcf": -2412000,
      "ocf": -2412000,
      "capex": null,
      "gross_margin": null,
      "op_margin": 0.0005223295899712719,
      "fcf_margin": -0.06999216505615043,
      "op_leverage_ratio": 1.0273462368738795,
      "fcf_margin_change": -0.0675041477863835
    },
    {
      "date": "2021-06-30T00:00:00",
      "quarter_label": "2021-06 (Q2)",
      "revenue": 39674000,
      "gross_profit": null,
      "operating_income": 295000,
      "net_income": -122000,
      "opex": 39379000,
      "cogs": null,
      "rd": null,
      "sga": null,
      "fcf": 999000,
      "ocf": 999000,
      "capex": null,
      "gross_margin": null,
      "op_margin": 0.007435600141150376,
      "fcf_margin": 0.02518021878308212,
      "op_leverage_ratio": 1.0555666725785007,
      "fcf_margin_change": 0.09517238383923254
    },
    {
      "date": "2021-09-30T00:00:00",
      "quarter_label": "2021-09 (Q3)",
      "revenue": 45010000,
      "gross_profit": null,
      "operating_income": 1361000,
      "net_income": 1494000,
      "opex": 43649000,
      "cogs": null,
      "rd": null,
      "sga": null,
      "fcf": 2256000,
      "ocf": 2256000,
      "capex": null,
      "gross_margin": null,
      "op_margin": 0.03023772495001111,
      "fcf_margin": 0.05012219506776272,
      "op_leverage_ratio": 1.2403568238048763,
      "fcf_margin_change": 0.0249419762846806
    },
    {
      "date": "2021-12-31T00:00:00",
      "quarter_label": "2021-12 (Q4)",
      "revenue": 50062000,
      "gross_profit": null,
      "operating_income": 2720000,
      "net_income": 2058000,
      "opex": 47342000,
      "cogs": null,
      "rd": null,
      "sga": null,
      "fcf": 1664000,
      "ocf": 1664000,
      "capex": null,
      "gross_margin": null,
      "op_margin": 0.05433262754184811,
      "fcf_margin": 0.033238783907954136,
      "incr_op_margin_yoy": 0.12568738726848797,
      "rev_growth_yoy": 0.8316929493981193,
      "op_leverage_ratio": 1.3266284899952732,
      "fcf_margin_change": -0.016883411159808584
    },
    {
      "date": "2022-03-31T00:00:00",
      "quarter_label": "2022-03 (Q1)",
      "revenue": 51917000,
      "gross_profit": null,
      "operating_income": 3602000,
      "net_income": 3019000,
      "opex": 48315000,
      "cogs": null,
      "rd": null,
      "sga": null,
      "fcf": -2386000,
      "ocf": -2386000,
      "capex": null,
      "gross_margin": null,
      "op_margin": 0.06937997187819019,
      "fcf_margin": -0.045957971377390834,
      "incr_op_margin_yoy": 0.20531622364802934,
      "rev_growth_yoy": 0.5065436290299179,
      "rev_growth_yoy_accel": -0.32514932036820143,
      "op_leverage_ratio": 1.8028910338230952,
      "fcf_margin_change": -0.07919675528534498
    },
    {
      "date": "2022-06-30T00:00:00",
      "quarter_label": "2022-06 (Q2)",
      "revenue": 50961000,
      "gross_profit": null,
      "operating_income": 3880000,
      "net_income": 3093000,
      "opex": 47081000,
      "cogs": null,
      "rd": null,
      "sga": null,
      "fcf": 7567000,
      "ocf": 7567000,
      "capex": null,
      "gross_margin": null,
      "op_margin": 0.07613665351935794,
      "fcf_margin": 0.14848609721159317,
      "incr_op_margin_yoy": 0.31762204305838576,
      "rev_growth_yoy": 0.28449362302767556,
      "rev_growth_yoy_accel": -0.22205000600224234,
      "fcf_margin_change": 0.194444068588984
    },
    {
      "date": "2022-09-30T00:00:00",
      "quarter_label": "2022-09 (Q3)",
      "revenue": 48686000,
      "gross_profit": null,
      "operating_income": 1256000,
      "net_income": 955000,
      "opex": 47430000,
      "cogs": null,
      "rd": null,
      "sga": null,
      "fcf": -84000,
      "ocf": -84000,
      "capex": null,
      "gross_margin": null,
      "op_margin": 0.025797970669186213,
      "fcf_margin": -0.0017253419874296513,
      "incr_op_margin_yoy": -0.028563656147986942,
      "rev_growth_yoy": 0.08167073983559209,
      "rev_growth_yoy_accel": -0.20282288319208347,
      "fcf_margin_change": -0.15021143919902283
    },
    {
      "date": "2022-12-31T00:00:00",
      "quarter_label": "2022-12 (Q4)",
      "revenue": 49353000,
      "gross_profit": null,
      "operating_income": 599000,
      "net_income": 62000,
      "opex": 48754000,
      "cogs": null,
      "rd": null,
      "sga": null,
      "fcf": 4353000,
      "ocf": 4353000,
      "capex": null,
      "gross_margin": null,
      "op_margin": 0.012137053471926732,
      "fcf_margin": 0.08820132514740746,
      "rev_growth_yoy": -0.014162438576165554,
      "rev_growth_yoy_accel": -0.09583317841175765,
      "op_leverage_ratio": 0.49078002535019094,
      "fcf_margin_change": 0.08992666713483712
    },
    {
      "date": "2023-03-31T00:00:00",
      "quarter_label": "2023-03 (Q1)",
      "revenue": 43072000,
      "gross_profit": null,
      "operating_income": 18000,
      "net_income": 354000,
      "opex": 43054000,
      "cogs": null,
      "rd": null,
      "sga": null,
      "fcf": -4954000,
      "ocf": -4954000,
      "capex": null,
      "gross_margin": null,
      "op_margin": 0.0004179049034175334,
      "fcf_margin": -0.1150167161961367,
      "incr_op_margin_yoy": 0.4052006783493499,
      "rev_growth_yoy": -0.17036808752431767,
      "rev_growth_yoy_accel": -0.15620564894815211,
      "fcf_margin_change": -0.20321804134354415
    },
    {
      "date": "2023-06-30T00:00:00",
      "quarter_label": "2023-06 (Q2)",
      "revenue": 44897000,
      "gross_profit": null,
      "operating_income": 1355000,
      "net_income": 578000,
      "opex": 43542000,
      "cogs": null,
      "rd": null,
      "sga": null,
      "fcf": 2649000,
      "ocf": 2649000,
      "capex": null,
      "gross_margin": null,
      "op_margin": 0.030180190213154552,
      "fcf_margin": 0.05900171503663942,
      "incr_op_margin_yoy": 0.4163918205804749,
      "rev_growth_yoy": -0.11899295539726458,
      "rev_growth_yoy_accel": 0.051375132127053094,
      "op_leverage_ratio": 3.7381912367853753,
      "fcf_margin_change": 0.1740184312327761
    },
    {
      "date": "2023-09-30T00:00:00",
      "quarter_label": "2023-09 (Q3)",
      "revenue": 39398000,
      "gross_profit": null,
      "operating_income": 1277000,
      "net_income": 533000,
      "opex": 38121000,
      "cogs": null,
      "rd": null,
      "sga": null,
      "fcf": -716000,
      "ocf": -716000,
      "capex": null,
      "gross_margin": null,
      "op_margin": 0.03241281283313874,
      "fcf_margin": -0.018173511345753592,
      "incr_op_margin_yoy": -0.0022609819121447027,
      "rev_growth_yoy": -0.19077352832436428,
      "rev_growth_yoy_accel": -0.0717805729270997,
      "fcf_margin_change": -0.077175226382393
    },
    {
      "date": "2023-12-31T00:00:00",
      "quarter_label": "2023-12 (Q4)",
      "revenue": 33971000,
      "gross_profit": null,
      "operating_income": -1267000,
      "net_income": 733000,
      "opex": 35238000,
      "cogs": null,
      "rd": null,
      "sga": null,
      "fcf": 3336000,
      "ocf": 3336000,
      "capex": null,
      "gross_margin": null,
      "op_margin": -0.03729651761796827,
      "fcf_margin": 0.09820140708251156,
      "incr_op_margin_yoy": 0.121310622805877,
      "rev_growth_yoy": -0.31167304925739064,
      "rev_growth_yoy_accel": -0.12089952093302636,
      "fcf_margin_change": 0.11637491842826515
    },
    {
      "date": "2024-03-31T00:00:00",
      "quarter_label": "2024-03 (Q1)",
      "revenue": 33891000,
      "gross_profit": null,
      "operating_income": -3040000,
      "net_income": -2898000,
      "opex": 36931000,
      "cogs": null,
      "rd": null,
      "sga": null,
      "fcf": -1785000,
      "ocf": -1785000,
      "capex": null,
      "gross_margin": null,
      "op_margin": -0.08969933020565932,
      "fcf_margin": -0.05266885013720457,
      "incr_op_margin_yoy": 0.3330791852739353,
      "rev_growth_yoy": -0.2131547176820208,
      "rev_growth_yoy_accel": 0.09851833157536985,
      "fcf_margin_change": -0.15087025721971614
    },
    {
      "date": "2024-06-30T00:00:00",
      "quarter_label": "2024-06 (Q2)",
      "revenue": 35712000,
      "gross_profit": null,
      "operating_income": -187000,
      "net_income": -441000,
      "opex": 35899000,
      "cogs": null,
      "rd": null,
      "sga": null,
      "fcf": -4273000,
      "ocf": -4273000,
      "capex": null,
      "gross_margin": null,
      "op_margin": -0.005236335125448029,
      "fcf_margin": -0.11965165770609319,
      "incr_op_margin_yoy": 0.16788241698421338,
      "rev_growth_yoy": -0.20457937055928013,
      "rev_growth_yoy_accel": 0.008575347122740662,
      "op_leverage_ratio": Infinity,
      "fcf_margin_change": -0.06698280756888862
    },
    {
      "date": "2024-09-30T00:00:00",
      "quarter_label": "2024-09 (Q3)",
      "revenue": 36853000,
      "gross_profit": 18603000,
      "operating_income": -457000,
      "net_income": -846000,
      "opex": 37310000,
      "cogs": 18250000,
      "rd": null,
      "sga": null,
      "fcf": 1251000,
      "ocf": 1251000,
      "capex": null,
      "gross_margin": 0.5047892980218707,
      "op_margin": -0.01240061867419206,
      "fcf_margin": 0.03394567606436382,
      "incr_op_margin_yoy": 0.681335952848723,
      "rev_growth_yoy": -0.06459718767450125,
      "rev_growth_yoy_accel": 0.13998218288477887,
      "op_leverage_ratio": 0.8128806933934345,
      "fcf_margin_change": 0.153597333770457
    },
    {
      "date": "2024-12-31T00:00:00",
      "quarter_label": "2024-12 (Q4)",
      "revenue": 33600000,
      "gross_profit": null,
      "operating_income": -125000,
      "net_income": -585000,
      "opex": 33725000,
      "cogs": null,
      "rd": null,
      "sga": null,
      "fcf": 2020000,
      "ocf": 2020000,
      "capex": null,
      "gross_margin": null,
      "op_margin": -0.003720238095238095,
      "fcf_margin": 0.06011904761904762,
      "rev_growth_yoy": -0.010921079744487945,
      "rev_growth_yoy_accel": 0.0536761079300133,
      "fcf_margin_change": 0.0261733715546838
    },
    {
      "date": "2025-03-31T00:00:00",
      "quarter_label": "2025-03 (Q1)",
      "revenue": 31866000,
      "gross_profit": null,
      "operating_income": -1724000,
      "net_income": -1756000,
      "opex": 33590000,
      "cogs": null,
      "rd": null,
      "sga": null,
      "fcf": -802000,
      "ocf": -802000,
      "capex": null,
      "gross_margin": null,
      "op_margin": -0.054101550241636855,
      "fcf_margin": -0.02516789054164313,
      "incr_op_margin_yoy": -0.6498765432098765,
      "rev_growth_yoy": -0.05975037620607241,
      "rev_growth_yoy_accel": -0.048829296461584466,
      "fcf_margin_change": -0.08528693816069075
    },
    {
      "date": "2025-06-30T00:00:00",
      "quarter_label": "2025-06 (Q2)",
      "revenue": 35541000,
      "gross_profit": null,
      "operating_income": -211000,
      "net_income": -688000,
      "opex": 35752000,
      "cogs": null,
      "rd": null,
      "sga": null,
      "fcf": 139000,
      "ocf": 139000,
      "capex": null,
      "gross_margin": null,
      "op_margin": -0.0059368053797023155,
      "fcf_margin": 0.0039109760558228525,
      "rev_growth_yoy": -0.004788306451612903,
      "rev_growth_yoy_accel": 0.054962069754459504,
      "op_leverage_ratio": 1.791777611997232,
      "fcf_margin_change": 0.029078866597465985
    },
    {
      "date": "2025-09-30T00:00:00",
      "quarter_label": "2025-09 (Q3)",
      "revenue": 47959000,
      "gross_profit": 20627000,
      "operating_income": -1644000,
      "net_income": -1764000,
      "opex": 22271000,
      "cogs": 27332000,
      "rd": null,
      "sga": null,
      "fcf": -2738000,
      "ocf": -2738000,
      "capex": null,
      "gross_margin": 0.4300965407952626,
      "op_margin": -0.03427928021851999,
      "fcf_margin": -0.057090431410162845,
      "incr_op_margin_yoy": -0.1068791644156312,
      "rev_growth_yoy": 0.30135945513255363,
      "rev_growth_yoy_accel": 0.3061477615841665,
      "op_leverage_ratio": Infinity,
      "fcf_margin_change": -0.061001407465985695
    }
  ],
  "signals": [
    {
      "quarter": "2025-09 (Q3)",
      "signal": "YoY REVENUE GROWTH ACCELERATION",
      "detail": "YoY growth: +30.1% vs prior quarter YoY: -0.5% (accel: +30.6%)",
      "severity": "HIGH"
    },
    {
      "quarter": "2025-06 (Q2)",
      "signal": "FCF TURNED POSITIVE",
      "detail": "FCF margin: -2.5% -> +0.4%",
      "severity": "HIGH"
    },
    {
      "quarter": "2025-06 (Q2)",
      "signal": "OPERATING LEVERAGE",
      "detail": "Rev growth +11.5% vs OpEx growth +6.4% (leverage: 1.8x)",
      "severity": "MEDIUM"
    },
    {
      "quarter": "2025-06 (Q2)",
      "signal": "YoY REVENUE GROWTH ACCELERATION",
      "detail": "YoY growth: -0.5% vs prior quarter YoY: -6.0% (accel: +5.5%)",
      "severity": "MEDIUM"
    },
    {
      "quarter": "2024-12 (Q4)",
      "signal": "YoY REVENUE GROWTH ACCELERATION",
      "detail": "YoY growth: -1.1% vs prior quarter YoY: -6.5% (accel: +5.4%)",
      "severity": "MEDIUM"
    },
    {
      "quarter": "2024-09 (Q3)",
      "signal": "FCF TURNED POSITIVE",
      "detail": "FCF margin: -12.0% -> +3.4%",
      "severity": "HIGH"
    },
    {
      "quarter": "2024-09 (Q3)",
      "signal": "YoY REVENUE GROWTH ACCELERATION",
      "detail": "YoY growth: -6.5% vs prior quarter YoY: -20.5% (accel: +14.0%)",
      "severity": "MEDIUM"
    },
    {
      "quarter": "2024-03 (Q1)",
      "signal": "YoY REVENUE GROWTH ACCELERATION",
      "detail": "YoY growth: -21.3% vs prior quarter YoY: -31.2% (accel: +9.9%)",
      "severity": "MEDIUM"
    },
    {
      "quarter": "2023-12 (Q4)",
      "signal": "FCF TURNED POSITIVE",
      "detail": "FCF margin: -1.8% -> +9.8%",
      "severity": "HIGH"
    },
    {
      "quarter": "2023-12 (Q4)",
      "signal": "YoY REVENUE GROWTH DECELERATION",
      "detail": "YoY growth: -31.2% vs prior quarter YoY: -19.1% (decel: -12.1%)",
      "severity": "WARNING"
    },
    {
      "quarter": "2023-09 (Q3)",
      "signal": "YoY REVENUE GROWTH DECELERATION",
      "detail": "YoY growth: -19.1% vs prior quarter YoY: -11.9% (decel: -7.2%)",
      "severity": "WARNING"
    },
    {
      "quarter": "2023-06 (Q2)",
      "signal": "FCF TURNED POSITIVE",
      "detail": "FCF margin: -11.5% -> +5.9%",
      "severity": "HIGH"
    },
    {
      "quarter": "2023-06 (Q2)",
      "signal": "OPERATING LEVERAGE",
      "detail": "Rev growth +4.2% vs OpEx growth +1.1% (leverage: 3.7x)",
      "severity": "MEDIUM"
    },
    {
      "quarter": "2023-06 (Q2)",
      "signal": "YoY REVENUE GROWTH ACCELERATION",
      "detail": "YoY growth: -11.9% vs prior quarter YoY: -17.0% (accel: +5.1%)",
      "severity": "MEDIUM"
    },
    {
      "quarter": "2023-06 (Q2)",
      "signal": "INCREMENTAL MARGIN (YoY)",
      "detail": "YoY Incr OPM: +41.6% vs year-ago OPM: +7.6%",
      "severity": "HIGH"
    },
    {
      "quarter": "2023-03 (Q1)",
      "signal": "YoY REVENUE GROWTH DECELERATION",
      "detail": "YoY growth: -17.0% vs prior quarter YoY: -1.4% (decel: -15.6%)",
      "severity": "WARNING"
    },
    {
      "quarter": "2023-03 (Q1)",
      "signal": "INCREMENTAL MARGIN (YoY)",
      "detail": "YoY Incr OPM: +40.5% vs year-ago OPM: +6.9%",
      "severity": "HIGH"
    },
    {
      "quarter": "2022-12 (Q4)",
      "signal": "FCF TURNED POSITIVE",
      "detail": "FCF margin: -0.2% -> +8.8%",
      "severity": "HIGH"
    },
    {
      "quarter": "2022-12 (Q4)",
      "signal": "YoY REVENUE GROWTH DECELERATION",
      "detail": "YoY growth: -1.4% vs prior quarter YoY: +8.2% (decel: -9.6%)",
      "severity": "WARNING"
    },
    {
      "quarter": "2022-09 (Q3)",
      "signal": "YoY REVENUE GROWTH DECELERATION",
      "detail": "YoY growth: +8.2% vs prior quarter YoY: +28.4% (decel: -20.3%)",
      "severity": "WARNING"
    },
    {
      "quarter": "2022-06 (Q2)",
      "signal": "FCF TURNED POSITIVE",
      "detail": "FCF margin: -4.6% -> +14.8%",
      "severity": "HIGH"
    },
    {
      "quarter": "2022-06 (Q2)",
      "signal": "YoY REVENUE GROWTH DECELERATION",
      "detail": "YoY growth: +28.4% vs prior quarter YoY: +50.7% (decel: -22.2%)",
      "severity": "WARNING"
    },
    {
      "quarter": "2022-06 (Q2)",
      "signal": "INCREMENTAL MARGIN (YoY)",
      "detail": "YoY Incr OPM: +31.8% vs year-ago OPM: +0.7%",
      "severity": "HIGH"
    },
    {
      "quarter": "2022-03 (Q1)",
      "signal": "OPERATING LEVERAGE",
      "detail": "Rev growth +3.7% vs OpEx growth +2.1% (leverage: 1.8x)",
      "severity": "MEDIUM"
    },
    {
      "quarter": "2022-03 (Q1)",
      "signal": "YoY REVENUE GROWTH DECELERATION",
      "detail": "YoY growth: +50.7% vs prior quarter YoY: +83.2% (decel: -32.5%)",
      "severity": "WARNING"
    },
    {
      "quarter": "2022-03 (Q1)",
      "signal": "INCREMENTAL MARGIN (YoY)",
      "detail": "YoY Incr OPM: +20.5% vs year-ago OPM: +0.1%",
      "severity": "HIGH"
    },
    {
      "quarter": "2021-12 (Q4)",
      "signal": "OP MARGIN TURNED POSITIVE (YoY)",
      "detail": "Op margin: -0.5% (year-ago) -> +5.4%",
      "severity": "HIGH"
    },
    {
      "quarter": "2021-06 (Q2)",
      "signal": "FCF TURNED POSITIVE",
      "detail": "FCF margin: -7.0% -> +2.5%",
      "severity": "HIGH"
    },
    {
      "quarter": "2021-03 (Q1)",
      "signal": "OP MARGIN TURNED POSITIVE (QoQ)",
      "detail": "Op margin: -0.5% -> +0.1%",
      "severity": "HIGH"
    }
  ],
  "data_quality": {
    "n_quarters": 20,
    "coverage": {
      "revenue": [
        20,
        20
      ],
      "gross_profit": [
        2,
        20
      ],
      "op_income": [
        20,
        20
      ],
      "fcf": [
        20,
        20
      ]
    },
    "gaps": [],
    "warnings": [
      "gross_profit: 2/20Q"
    ]
  },
  "market_cap": null,
  "source": "SEC EDGAR",
  "last_updated": "2026-02-02T23:47:59.050367"
}