{
  "ticker": "STRS",
  "name": "Stratus Properties Inc.",
  "quarters": [
    {
      "date": "2020-12-31T00:00:00",
      "quarter_label": "2020-12 (Q4)",
      "revenue": 11149000,
      "gross_profit": -3405000,
      "operating_income": -9655000,
      "net_income": null,
      "opex": 20804000,
      "cogs": 14554000,
      "rd": null,
      "sga": null,
      "fcf": -4517000,
      "ocf": -4517000,
      "capex": null,
      "gross_margin": -0.3054085568212396,
      "op_margin": -0.8659969503991389,
      "fcf_margin": -0.4051484438066194
    },
    {
      "date": "2021-03-31T00:00:00",
      "quarter_label": "2021-03 (Q1)",
      "revenue": 14515000,
      "gross_profit": 583000,
      "operating_income": 18970000,
      "net_income": null,
      "opex": -4455000,
      "cogs": 13932000,
      "rd": null,
      "sga": null,
      "fcf": -10371000,
      "ocf": -10371000,
      "capex": null,
      "gross_margin": 0.040165346193592834,
      "op_margin": 1.3069238718567,
      "fcf_margin": -0.7145022390630382,
      "op_leverage_ratio": Infinity,
      "fcf_margin_change": -0.3093537952564188
    },
    {
      "date": "2021-06-30T00:00:00",
      "quarter_label": "2021-06 (Q2)",
      "revenue": 11576000,
      "gross_profit": -802000,
      "operating_income": -7201000,
      "net_income": null,
      "opex": 18777000,
      "cogs": 12378000,
      "rd": null,
      "sga": null,
      "fcf": -4619000,
      "ocf": -4619000,
      "capex": null,
      "gross_margin": -0.06928127159640636,
      "op_margin": -0.6220628887353145,
      "fcf_margin": -0.399015203870076,
      "fcf_margin_change": 0.31548703519296223
    },
    {
      "date": "2021-09-30T00:00:00",
      "quarter_label": "2021-09 (Q3)",
      "revenue": 15480000,
      "gross_profit": 1043000,
      "operating_income": -5004000,
      "net_income": null,
      "opex": 20484000,
      "cogs": 14437000,
      "rd": null,
      "sga": null,
      "fcf": -21379000,
      "ocf": -21379000,
      "capex": null,
      "gross_margin": 0.06737726098191214,
      "op_margin": -0.32325581395348835,
      "fcf_margin": -1.3810723514211887,
      "op_leverage_ratio": 3.7097442985487215,
      "fcf_margin_change": -0.9820571475511126
    },
    {
      "date": "2021-12-31T00:00:00",
      "quarter_label": "2021-12 (Q4)",
      "revenue": -13335000,
      "gross_profit": 3200000,
      "operating_income": 76895000,
      "net_income": null,
      "opex": -90230000,
      "cogs": -16535000,
      "rd": null,
      "sga": null,
      "fcf": -17241000,
      "ocf": -17241000,
      "capex": null,
      "gross_margin": -0.2399700037495313,
      "op_margin": -5.766404199475065,
      "fcf_margin": 1.2929133858267716,
      "incr_op_margin_yoy": -3.5349616075804606,
      "rev_growth_yoy": -2.196071396537806,
      "fcf_margin_change": 2.6739857372479605
    },
    {
      "date": "2022-03-31T00:00:00",
      "quarter_label": "2022-03 (Q1)",
      "revenue": 3099000,
      "gross_profit": -124000,
      "operating_income": 1521000,
      "net_income": null,
      "opex": 1578000,
      "cogs": 3223000,
      "rd": null,
      "sga": null,
      "fcf": -18120000,
      "ocf": -18120000,
      "capex": null,
      "gross_margin": -0.040012907389480476,
      "op_margin": 0.49080348499515974,
      "fcf_margin": -5.847047434656341,
      "incr_op_margin_yoy": 1.528468815697267,
      "rev_growth_yoy": -0.7864967275232518,
      "rev_growth_yoy_accel": 1.409574669014554,
      "fcf_margin_change": -7.139960820483113
    },
    {
      "date": "2022-06-30T00:00:00",
      "quarter_label": "2022-06 (Q2)",
      "revenue": 11125000,
      "gross_profit": 3939000,
      "operating_income": 495000,
      "net_income": null,
      "opex": 10630000,
      "cogs": 7186000,
      "rd": null,
      "sga": null,
      "fcf": -25521000,
      "ocf": -25521000,
      "capex": null,
      "gross_margin": 0.35406741573033707,
      "op_margin": 0.04449438202247191,
      "fcf_margin": -2.2940224719101123,
      "rev_growth_yoy": -0.038959917069799586,
      "rev_growth_yoy_accel": 0.7475368104534522,
      "op_leverage_ratio": 0.4514815763840972,
      "fcf_margin_change": 3.5530249627462287
    },
    {
      "date": "2022-09-30T00:00:00",
      "quarter_label": "2022-09 (Q3)",
      "revenue": 9977000,
      "gross_profit": 1492000,
      "operating_income": -2830000,
      "net_income": null,
      "opex": 12807000,
      "cogs": 8485000,
      "rd": null,
      "sga": null,
      "fcf": -5683000,
      "ocf": -5683000,
      "capex": null,
      "gross_margin": 0.14954395108750126,
      "op_margin": -0.2836524005211988,
      "fcf_margin": -0.5696101032374461,
      "incr_op_margin_yoy": -0.39505724150463384,
      "rev_growth_yoy": -0.3554909560723514,
      "rev_growth_yoy_accel": -0.31653103900255186,
      "fcf_margin_change": 1.7244123686726662
    },
    {
      "date": "2022-12-31T00:00:00",
      "quarter_label": "2022-12 (Q4)",
      "revenue": 13297000,
      "gross_profit": 405000,
      "operating_income": -6949000,
      "net_income": null,
      "opex": 20246000,
      "cogs": 12892000,
      "rd": null,
      "sga": null,
      "fcf": -5936000,
      "ocf": -5936000,
      "capex": null,
      "gross_margin": 0.03045799804467173,
      "op_margin": -0.522599082499812,
      "fcf_margin": -0.44641648492141084,
      "incr_op_margin_yoy": -3.148242715530189,
      "op_leverage_ratio": 0.5728896316346793,
      "fcf_margin_change": 0.12319361831603526
    },
    {
      "date": "2023-03-31T00:00:00",
      "quarter_label": "2023-03 (Q1)",
      "revenue": 5802000,
      "gross_profit": -874000,
      "operating_income": -5593000,
      "net_income": null,
      "opex": 11395000,
      "cogs": 6676000,
      "rd": null,
      "sga": null,
      "fcf": -18404000,
      "ocf": -18404000,
      "capex": null,
      "gross_margin": -0.1506377111340917,
      "op_margin": -0.9639779386418477,
      "fcf_margin": -3.1720096518441916,
      "incr_op_margin_yoy": -2.631890492045875,
      "rev_growth_yoy": 0.872216844143272,
      "fcf_margin_change": -2.725593166922781
    },
    {
      "date": "2023-06-30T00:00:00",
      "quarter_label": "2023-06 (Q2)",
      "revenue": 3530000,
      "gross_profit": -1281000,
      "operating_income": -5352000,
      "net_income": null,
      "opex": 8882000,
      "cogs": 4811000,
      "rd": null,
      "sga": null,
      "fcf": -8350000,
      "ocf": -8350000,
      "capex": null,
      "gross_margin": -0.36288951841359773,
      "op_margin": -1.5161473087818698,
      "fcf_margin": -2.365439093484419,
      "incr_op_margin_yoy": 0.7698485845951284,
      "rev_growth_yoy": -0.6826966292134832,
      "rev_growth_yoy_accel": -1.5549134733567551,
      "fcf_margin_change": 0.8065705583597724
    },
    {
      "date": "2023-09-30T00:00:00",
      "quarter_label": "2023-09 (Q3)",
      "revenue": 3669000,
      "gross_profit": -146000,
      "operating_income": -3329000,
      "net_income": null,
      "opex": 6998000,
      "cogs": 3815000,
      "rd": null,
      "sga": null,
      "fcf": -12546000,
      "ocf": -12546000,
      "capex": null,
      "gross_margin": -0.03979285908967021,
      "op_margin": -0.9073316980103571,
      "fcf_margin": -3.4194603434178252,
      "incr_op_margin_yoy": 0.07910589727330374,
      "rev_growth_yoy": -0.6322541846246367,
      "rev_growth_yoy_accel": 0.0504424445888465,
      "op_leverage_ratio": Infinity,
      "fcf_margin_change": -1.054021249933406
    },
    {
      "date": "2023-12-31T00:00:00",
      "quarter_label": "2023-12 (Q4)",
      "revenue": 4269000,
      "gross_profit": 522000,
      "operating_income": -2672000,
      "net_income": null,
      "opex": 6941000,
      "cogs": 3747000,
      "rd": null,
      "sga": null,
      "fcf": -11954000,
      "ocf": -11954000,
      "capex": null,
      "gross_margin": 0.12227687983134224,
      "op_margin": -0.6259077067228859,
      "fcf_margin": -2.800187397516983,
      "incr_op_margin_yoy": -0.47374833850243686,
      "rev_growth_yoy": -0.6789501391291268,
      "rev_growth_yoy_accel": -0.046695954504490156,
      "op_leverage_ratio": Infinity,
      "fcf_margin_change": 0.6192729459008421
    },
    {
      "date": "2024-03-31T00:00:00",
      "quarter_label": "2024-03 (Q1)",
      "revenue": 26507000,
      "gross_profit": 8150000,
      "operating_income": 3685000,
      "net_income": null,
      "opex": 22822000,
      "cogs": 18357000,
      "rd": null,
      "sga": null,
      "fcf": 6547000,
      "ocf": 6547000,
      "capex": null,
      "gross_margin": 0.30746595238993474,
      "op_margin": 0.1390198815407251,
      "fcf_margin": 0.2469913607726261,
      "incr_op_margin_yoy": 0.4481043226273847,
      "rev_growth_yoy": 3.568597035504998,
      "rev_growth_yoy_accel": 4.247547174634125,
      "op_leverage_ratio": 2.276741740577013,
      "fcf_margin_change": 3.047178758289609
    },
    {
      "date": "2024-06-30T00:00:00",
      "quarter_label": "2024-06 (Q2)",
      "revenue": 8490000,
      "gross_profit": 922000,
      "operating_income": -2920000,
      "net_income": null,
      "opex": 11410000,
      "cogs": 7568000,
      "rd": null,
      "sga": null,
      "fcf": -8263000,
      "ocf": -8263000,
      "capex": null,
      "gross_margin": 0.10859835100117786,
      "op_margin": -0.34393404004711425,
      "fcf_margin": -0.9732626619552415,
      "incr_op_margin_yoy": 0.49032258064516127,
      "rev_growth_yoy": 1.405099150141643,
      "rev_growth_yoy_accel": -2.163497885363355,
      "fcf_margin_change": -1.2202540227278675
    },
    {
      "date": "2024-09-30T00:00:00",
      "quarter_label": "2024-09 (Q3)",
      "revenue": 8891000,
      "gross_profit": 218000,
      "operating_income": -1519000,
      "net_income": null,
      "opex": 10410000,
      "cogs": 8673000,
      "rd": null,
      "sga": null,
      "fcf": -686000,
      "ocf": -686000,
      "capex": null,
      "gross_margin": 0.02451917669553481,
      "op_margin": -0.1708469238555843,
      "fcf_margin": -0.07715667528961871,
      "incr_op_margin_yoy": 0.3466104940635772,
      "rev_growth_yoy": 1.4232760970291634,
      "rev_growth_yoy_accel": 0.018176946887520362,
      "op_leverage_ratio": Infinity,
      "fcf_margin_change": 0.8961059866656228
    },
    {
      "date": "2024-12-31T00:00:00",
      "quarter_label": "2024-12 (Q4)",
      "revenue": 10295000,
      "gross_profit": 1881000,
      "operating_income": -1401000,
      "net_income": null,
      "opex": 11696000,
      "cogs": 8414000,
      "rd": null,
      "sga": null,
      "fcf": -3438000,
      "ocf": -3438000,
      "capex": null,
      "gross_margin": 0.18271005342399224,
      "op_margin": -0.13608547838756677,
      "fcf_margin": -0.33394851869839726,
      "incr_op_margin_yoy": 0.21091934948556257,
      "rev_growth_yoy": 1.411571796673694,
      "rev_growth_yoy_accel": -0.011704300355469321,
      "op_leverage_ratio": 1.2782807784550858,
      "fcf_margin_change": -0.25679184340877853
    },
    {
      "date": "2025-03-31T00:00:00",
      "quarter_label": "2025-03 (Q1)",
      "revenue": 5043000,
      "gross_profit": 256000,
      "operating_income": -3595000,
      "net_income": null,
      "opex": 8638000,
      "cogs": 4787000,
      "rd": null,
      "sga": null,
      "fcf": -13495000,
      "ocf": -13495000,
      "capex": null,
      "gross_margin": 0.05076343446361293,
      "op_margin": -0.7128693238151894,
      "fcf_margin": -2.6759865159627205,
      "incr_op_margin_yoy": 0.33917256802087214,
      "rev_growth_yoy": -0.8097483683555288,
      "rev_growth_yoy_accel": -2.2213201650292227,
      "fcf_margin_change": -2.342037997264323
    },
    {
      "date": "2025-06-30T00:00:00",
      "quarter_label": "2025-06 (Q2)",
      "revenue": 11605000,
      "gross_profit": -2202000,
      "operating_income": -759000,
      "net_income": null,
      "opex": 12364000,
      "cogs": 13807000,
      "rd": null,
      "sga": null,
      "fcf": -1684000,
      "ocf": -1684000,
      "capex": null,
      "gross_margin": -0.1897457992244722,
      "op_margin": -0.06540284360189573,
      "fcf_margin": -0.14510986643688065,
      "incr_op_margin_yoy": 0.6937399678972712,
      "rev_growth_yoy": 0.3669022379269729,
      "rev_growth_yoy_accel": 1.1766506062825017,
      "op_leverage_ratio": 3.0165991687802665,
      "fcf_margin_change": 2.53087664952584
    },
    {
      "date": "2025-09-30T00:00:00",
      "quarter_label": "2025-09 (Q3)",
      "revenue": 4969000,
      "gross_profit": -4227000,
      "operating_income": -8093000,
      "net_income": null,
      "opex": 13062000,
      "cogs": 9196000,
      "rd": null,
      "sga": null,
      "fcf": -8961000,
      "ocf": -8961000,
      "capex": null,
      "gross_margin": -0.850674179915476,
      "op_margin": -1.6286979271483195,
      "fcf_margin": -1.8033809619641779,
      "incr_op_margin_yoy": 1.676185619581846,
      "rev_growth_yoy": -0.4411202339444382,
      "rev_growth_yoy_accel": -0.8080224718714111,
      "fcf_margin_change": -1.6582710955272972
    }
  ],
  "signals": [
    {
      "quarter": "2025-09 (Q3)",
      "signal": "YoY REVENUE GROWTH DECELERATION",
      "detail": "YoY growth: -44.1% vs prior quarter YoY: +36.7% (decel: -80.8%)",
      "severity": "WARNING"
    },
    {
      "quarter": "2025-06 (Q2)",
      "signal": "FCF MARGIN EXPANSION",
      "detail": "FCF margin: -267.6% -> -14.5% (+253.1%)",
      "severity": "MEDIUM"
    },
    {
      "quarter": "2025-06 (Q2)",
      "signal": "OPERATING LEVERAGE",
      "detail": "Rev growth +130.1% vs OpEx growth +43.1% (leverage: 3.0x)",
      "severity": "MEDIUM"
    },
    {
      "quarter": "2025-06 (Q2)",
      "signal": "YoY REVENUE GROWTH ACCELERATION",
      "detail": "YoY growth: +36.7% vs prior quarter YoY: -81.0% (accel: +117.7%)",
      "severity": "HIGH"
    },
    {
      "quarter": "2025-03 (Q1)",
      "signal": "YoY REVENUE GROWTH DECELERATION",
      "detail": "YoY growth: -81.0% vs prior quarter YoY: +141.2% (decel: -222.1%)",
      "severity": "WARNING"
    },
    {
      "quarter": "2024-12 (Q4)",
      "signal": "GROSS MARGIN INFLECTION",
      "detail": "GM: +10.9% -> +2.5% -> +18.3% (reversal +15.8%)",
      "severity": "HIGH"
    },
    {
      "quarter": "2024-09 (Q3)",
      "signal": "FCF MARGIN EXPANSION",
      "detail": "FCF margin: -97.3% -> -7.7% (+89.6%)",
      "severity": "MEDIUM"
    },
    {
      "quarter": "2024-06 (Q2)",
      "signal": "YoY REVENUE GROWTH DECELERATION",
      "detail": "YoY growth: +140.5% vs prior quarter YoY: +356.9% (decel: -216.3%)",
      "severity": "WARNING"
    },
    {
      "quarter": "2024-03 (Q1)",
      "signal": "FCF TURNED POSITIVE",
      "detail": "FCF margin: -280.0% -> +24.7%",
      "severity": "HIGH"
    },
    {
      "quarter": "2024-03 (Q1)",
      "signal": "OPERATING LEVERAGE",
      "detail": "Rev growth +520.9% vs OpEx growth +228.8% (leverage: 2.3x)",
      "severity": "MEDIUM"
    },
    {
      "quarter": "2024-03 (Q1)",
      "signal": "YoY REVENUE GROWTH ACCELERATION",
      "detail": "YoY growth: +356.9% vs prior quarter YoY: -67.9% (accel: +424.8%)",
      "severity": "HIGH"
    },
    {
      "quarter": "2024-03 (Q1)",
      "signal": "OP MARGIN TURNED POSITIVE (YoY)",
      "detail": "Op margin: -96.4% (year-ago) -> +13.9%",
      "severity": "HIGH"
    },
    {
      "quarter": "2024-03 (Q1)",
      "signal": "OP MARGIN TURNED POSITIVE (QoQ)",
      "detail": "Op margin: -62.6% -> +13.9%",
      "severity": "HIGH"
    },
    {
      "quarter": "2023-12 (Q4)",
      "signal": "FCF MARGIN EXPANSION",
      "detail": "FCF margin: -341.9% -> -280.0% (+61.9%)",
      "severity": "MEDIUM"
    },
    {
      "quarter": "2023-09 (Q3)",
      "signal": "GROSS MARGIN INFLECTION",
      "detail": "GM: -15.1% -> -36.3% -> -4.0% (reversal +32.3%)",
      "severity": "HIGH"
    },
    {
      "quarter": "2023-09 (Q3)",
      "signal": "YoY REVENUE GROWTH ACCELERATION",
      "detail": "YoY growth: -63.2% vs prior quarter YoY: -68.3% (accel: +5.0%)",
      "severity": "MEDIUM"
    },
    {
      "quarter": "2023-06 (Q2)",
      "signal": "FCF MARGIN EXPANSION",
      "detail": "FCF margin: -317.2% -> -236.5% (+80.7%)",
      "severity": "MEDIUM"
    },
    {
      "quarter": "2023-06 (Q2)",
      "signal": "YoY REVENUE GROWTH DECELERATION",
      "detail": "YoY growth: -68.3% vs prior quarter YoY: +87.2% (decel: -155.5%)",
      "severity": "WARNING"
    },
    {
      "quarter": "2022-12 (Q4)",
      "signal": "FCF MARGIN EXPANSION",
      "detail": "FCF margin: -57.0% -> -44.6% (+12.3%)",
      "severity": "MEDIUM"
    },
    {
      "quarter": "2022-09 (Q3)",
      "signal": "FCF MARGIN EXPANSION",
      "detail": "FCF margin: -229.4% -> -57.0% (+172.4%)",
      "severity": "MEDIUM"
    },
    {
      "quarter": "2022-09 (Q3)",
      "signal": "YoY REVENUE GROWTH DECELERATION",
      "detail": "YoY growth: -35.5% vs prior quarter YoY: -3.9% (decel: -31.7%)",
      "severity": "WARNING"
    },
    {
      "quarter": "2022-06 (Q2)",
      "signal": "FCF MARGIN EXPANSION",
      "detail": "FCF margin: -584.7% -> -229.4% (+355.3%)",
      "severity": "MEDIUM"
    },
    {
      "quarter": "2022-06 (Q2)",
      "signal": "YoY REVENUE GROWTH ACCELERATION",
      "detail": "YoY growth: -3.9% vs prior quarter YoY: -78.6% (accel: +74.8%)",
      "severity": "HIGH"
    },
    {
      "quarter": "2022-06 (Q2)",
      "signal": "OP MARGIN TURNED POSITIVE (YoY)",
      "detail": "Op margin: -62.2% (year-ago) -> +4.4%",
      "severity": "HIGH"
    },
    {
      "quarter": "2022-03 (Q1)",
      "signal": "GROSS MARGIN INFLECTION",
      "detail": "GM: +6.7% -> -24.0% -> -4.0% (reversal +20.0%)",
      "severity": "HIGH"
    },
    {
      "quarter": "2022-03 (Q1)",
      "signal": "YoY REVENUE GROWTH ACCELERATION",
      "detail": "YoY growth: -78.6% vs prior quarter YoY: -219.6% (accel: +141.0%)",
      "severity": "HIGH"
    },
    {
      "quarter": "2022-03 (Q1)",
      "signal": "INCREMENTAL MARGIN (YoY)",
      "detail": "YoY Incr OPM: +152.8% vs year-ago OPM: +130.7%",
      "severity": "HIGH"
    },
    {
      "quarter": "2022-03 (Q1)",
      "signal": "OP MARGIN TURNED POSITIVE (QoQ)",
      "detail": "Op margin: -576.6% -> +49.1%",
      "severity": "HIGH"
    },
    {
      "quarter": "2021-12 (Q4)",
      "signal": "FCF TURNED POSITIVE",
      "detail": "FCF margin: -138.1% -> +129.3%",
      "severity": "HIGH"
    },
    {
      "quarter": "2021-09 (Q3)",
      "signal": "OPERATING LEVERAGE",
      "detail": "Rev growth +33.7% vs OpEx growth +9.1% (leverage: 3.7x)",
      "severity": "MEDIUM"
    },
    {
      "quarter": "2021-09 (Q3)",
      "signal": "GROSS MARGIN INFLECTION",
      "detail": "GM: +4.0% -> -6.9% -> +6.7% (reversal +13.7%)",
      "severity": "HIGH"
    },
    {
      "quarter": "2021-06 (Q2)",
      "signal": "FCF MARGIN EXPANSION",
      "detail": "FCF margin: -71.5% -> -39.9% (+31.5%)",
      "severity": "MEDIUM"
    },
    {
      "quarter": "2021-03 (Q1)",
      "signal": "OP MARGIN TURNED POSITIVE (QoQ)",
      "detail": "Op margin: -86.6% -> +130.7%",
      "severity": "HIGH"
    }
  ],
  "data_quality": {
    "n_quarters": 20,
    "coverage": {
      "revenue": [
        20,
        20
      ],
      "gross_profit": [
        20,
        20
      ],
      "op_income": [
        20,
        20
      ],
      "fcf": [
        20,
        20
      ]
    },
    "gaps": [],
    "warnings": []
  },
  "market_cap": null,
  "source": "SEC EDGAR",
  "last_updated": "2026-02-02T22:59:34.988998"
}