{
  "ticker": "STRW",
  "name": "Strawberry Fields REIT, Inc.",
  "quarters": [
    {
      "date": "2021-06-30T00:00:00",
      "quarter_label": "2021-06 (Q2)",
      "revenue": 19351000,
      "gross_profit": null,
      "operating_income": 10124000,
      "net_income": 125000,
      "opex": 9227000,
      "cogs": null,
      "rd": null,
      "sga": null,
      "fcf": null,
      "ocf": null,
      "capex": null,
      "gross_margin": null,
      "op_margin": 0.5231770967908635,
      "fcf_margin": null
    },
    {
      "date": "2021-09-30T00:00:00",
      "quarter_label": "2021-09 (Q3)",
      "revenue": 23548000,
      "gross_profit": null,
      "operating_income": 10627000,
      "net_income": 292000,
      "opex": 12921000,
      "cogs": null,
      "rd": null,
      "sga": null,
      "fcf": 6539000,
      "ocf": 6539000,
      "capex": null,
      "gross_margin": null,
      "op_margin": 0.4512909801257007,
      "fcf_margin": 0.27768812638015966,
      "op_leverage_ratio": 0.5417503315562388
    },
    {
      "date": "2021-12-31T00:00:00",
      "quarter_label": "2021-12 (Q4)",
      "revenue": 22981000,
      "gross_profit": null,
      "operating_income": 6098000,
      "net_income": -26000,
      "opex": 16883000,
      "cogs": null,
      "rd": null,
      "sga": null,
      "fcf": 13542000,
      "ocf": 13542000,
      "capex": null,
      "gross_margin": null,
      "op_margin": 0.2653496366563683,
      "fcf_margin": 0.5892693964579435,
      "fcf_margin_change": 0.31158127007778386
    },
    {
      "date": "2022-03-31T00:00:00",
      "quarter_label": "2022-03 (Q1)",
      "revenue": 22959000,
      "gross_profit": null,
      "operating_income": 9761000,
      "net_income": -585000,
      "opex": 13198000,
      "cogs": null,
      "rd": null,
      "sga": null,
      "fcf": -2731000,
      "ocf": -2731000,
      "capex": null,
      "gross_margin": null,
      "op_margin": 0.4251491789712096,
      "fcf_margin": -0.11895117383161287,
      "fcf_margin_change": -0.7082205702895564
    },
    {
      "date": "2022-06-30T00:00:00",
      "quarter_label": "2022-06 (Q2)",
      "revenue": 21778000,
      "gross_profit": null,
      "operating_income": 10447000,
      "net_income": 587000,
      "opex": 11331000,
      "cogs": null,
      "rd": null,
      "sga": null,
      "fcf": 20740000,
      "ocf": 20740000,
      "capex": null,
      "gross_margin": null,
      "op_margin": 0.47970428873174764,
      "fcf_margin": 0.9523372210487648,
      "incr_op_margin_yoy": 0.1330861145447054,
      "rev_growth_yoy": 0.12541987494186346,
      "fcf_margin_change": 1.0712883948803777
    },
    {
      "date": "2022-09-30T00:00:00",
      "quarter_label": "2022-09 (Q3)",
      "revenue": 24235000,
      "gross_profit": null,
      "operating_income": 17501000,
      "net_income": 1018000,
      "opex": 6734000,
      "cogs": null,
      "rd": null,
      "sga": null,
      "fcf": 19412000,
      "ocf": 19412000,
      "capex": null,
      "gross_margin": null,
      "op_margin": 0.7221374045801526,
      "fcf_margin": 0.8009903032803796,
      "rev_growth_yoy": 0.029174452182775607,
      "rev_growth_yoy_accel": -0.09624542275908786,
      "op_leverage_ratio": Infinity,
      "fcf_margin_change": -0.15134691776838527
    },
    {
      "date": "2022-12-31T00:00:00",
      "quarter_label": "2022-12 (Q4)",
      "revenue": 23571000,
      "gross_profit": null,
      "operating_income": 12236000,
      "net_income": 832000,
      "opex": 11335000,
      "cogs": null,
      "rd": null,
      "sga": null,
      "fcf": 13505000,
      "ocf": 13505000,
      "capex": null,
      "gross_margin": null,
      "op_margin": 0.5191124687115524,
      "fcf_margin": 0.5729498112086886,
      "rev_growth_yoy": 0.025673382359340323,
      "rev_growth_yoy_accel": -0.0035010698234352843,
      "fcf_margin_change": -0.22804049207169097
    },
    {
      "date": "2023-03-31T00:00:00",
      "quarter_label": "2023-03 (Q1)",
      "revenue": 24247000,
      "gross_profit": null,
      "operating_income": 9492000,
      "net_income": 495000,
      "opex": 14755000,
      "cogs": null,
      "rd": null,
      "sga": null,
      "fcf": 9976000,
      "ocf": 9976000,
      "capex": null,
      "gross_margin": null,
      "op_margin": 0.39147110982801997,
      "fcf_margin": 0.41143234214542007,
      "incr_op_margin_yoy": -0.20885093167701863,
      "rev_growth_yoy": 0.0561000043555904,
      "rev_growth_yoy_accel": 0.030426621996250076,
      "op_leverage_ratio": 0.0950526231435645,
      "fcf_margin_change": -0.16151746906326853
    },
    {
      "date": "2023-06-30T00:00:00",
      "quarter_label": "2023-06 (Q2)",
      "revenue": 24307000,
      "gross_profit": null,
      "operating_income": 12516000,
      "net_income": 698000,
      "opex": 11791000,
      "cogs": null,
      "rd": null,
      "sga": null,
      "fcf": 15577000,
      "ocf": 15577000,
      "capex": null,
      "gross_margin": null,
      "op_margin": 0.5149133994322623,
      "fcf_margin": 0.6408442012588966,
      "incr_op_margin_yoy": 0.8181099248714907,
      "rev_growth_yoy": 0.1161263660574892,
      "rev_growth_yoy_accel": 0.0600263617018988,
      "fcf_margin_change": 0.22941185911347656
    },
    {
      "date": "2023-09-30T00:00:00",
      "quarter_label": "2023-09 (Q3)",
      "revenue": 25771000,
      "gross_profit": null,
      "operating_income": 13056000,
      "net_income": 589000,
      "opex": 12715000,
      "cogs": null,
      "rd": null,
      "sga": null,
      "fcf": 16453000,
      "ocf": 16453000,
      "capex": null,
      "gross_margin": null,
      "op_margin": 0.5066159636801055,
      "fcf_margin": 0.6384307943036747,
      "incr_op_margin_yoy": -2.8938802083333335,
      "rev_growth_yoy": 0.06337940994429545,
      "rev_growth_yoy_accel": -0.05274695611319376,
      "op_leverage_ratio": 0.7685787697307012,
      "fcf_margin_change": -0.002413406955221964
    },
    {
      "date": "2023-12-31T00:00:00",
      "quarter_label": "2023-12 (Q4)",
      "revenue": 25480000,
      "gross_profit": null,
      "operating_income": 12376000,
      "net_income": 714000,
      "opex": 13104000,
      "cogs": null,
      "rd": null,
      "sga": null,
      "fcf": 12938000,
      "ocf": 12938000,
      "capex": null,
      "gross_margin": null,
      "op_margin": 0.4857142857142857,
      "fcf_margin": 0.5077708006279434,
      "incr_op_margin_yoy": 0.07333682556312206,
      "rev_growth_yoy": 0.08098935132153919,
      "rev_growth_yoy_accel": 0.01760994137724374,
      "fcf_margin_change": -0.13065999367573122
    },
    {
      "date": "2024-03-31T00:00:00",
      "quarter_label": "2024-03 (Q1)",
      "revenue": 27834000,
      "gross_profit": null,
      "operating_income": 14285000,
      "net_income": 746000,
      "opex": 13549000,
      "cogs": null,
      "rd": null,
      "sga": null,
      "fcf": 2125000,
      "ocf": 2125000,
      "capex": null,
      "gross_margin": null,
      "op_margin": 0.5132212402098153,
      "fcf_margin": 0.07634547675504778,
      "incr_op_margin_yoy": 1.3362141064956787,
      "rev_growth_yoy": 0.14793582711263248,
      "rev_growth_yoy_accel": 0.0669464757910933,
      "op_leverage_ratio": 2.7205136436597113,
      "fcf_margin_change": -0.43142532387289567
    },
    {
      "date": "2024-06-30T00:00:00",
      "quarter_label": "2024-06 (Q2)",
      "revenue": 29272000,
      "gross_profit": null,
      "operating_income": 15298000,
      "net_income": 938000,
      "opex": 13974000,
      "cogs": null,
      "rd": null,
      "sga": null,
      "fcf": 20569000,
      "ocf": 20569000,
      "capex": null,
      "gross_margin": null,
      "op_margin": 0.522615468707297,
      "fcf_margin": 0.7026851598797486,
      "incr_op_margin_yoy": 0.5603222557905337,
      "rev_growth_yoy": 0.20426214670671,
      "rev_growth_yoy_accel": 0.05632631959407752,
      "op_leverage_ratio": 1.6470302507724364,
      "fcf_margin_change": 0.6263396831247008
    },
    {
      "date": "2024-09-30T00:00:00",
      "quarter_label": "2024-09 (Q3)",
      "revenue": 29464000,
      "gross_profit": null,
      "operating_income": 16030000,
      "net_income": 944000,
      "opex": 13434000,
      "cogs": null,
      "rd": null,
      "sga": null,
      "fcf": 11831000,
      "ocf": 11831000,
      "capex": null,
      "gross_margin": null,
      "op_margin": 0.5440537605213142,
      "fcf_margin": 0.40154086342655443,
      "incr_op_margin_yoy": 0.8053073382074194,
      "rev_growth_yoy": 0.14330060921190485,
      "rev_growth_yoy_accel": -0.06096153749480515,
      "fcf_margin_change": -0.3011442964531941
    },
    {
      "date": "2024-12-31T00:00:00",
      "quarter_label": "2024-12 (Q4)",
      "revenue": 30488000,
      "gross_profit": null,
      "operating_income": 15690000,
      "net_income": 1467000,
      "opex": 14798000,
      "cogs": null,
      "rd": null,
      "sga": null,
      "fcf": 24805000,
      "ocf": 24805000,
      "capex": null,
      "gross_margin": null,
      "op_margin": 0.5146287063762792,
      "fcf_margin": 0.813598792967725,
      "incr_op_margin_yoy": 0.661741214057508,
      "rev_growth_yoy": 0.19654631083202512,
      "rev_growth_yoy_accel": 0.05324570162012027,
      "op_leverage_ratio": 0.3422939510455823,
      "fcf_margin_change": 0.41205792954117054
    },
    {
      "date": "2025-03-31T00:00:00",
      "quarter_label": "2025-03 (Q1)",
      "revenue": 37333000,
      "gross_profit": null,
      "operating_income": 20206000,
      "net_income": 1584000,
      "opex": 17127000,
      "cogs": null,
      "rd": null,
      "sga": null,
      "fcf": 18966000,
      "ocf": 18966000,
      "capex": null,
      "gross_margin": null,
      "op_margin": 0.5412369753301369,
      "fcf_margin": 0.5080223930570809,
      "incr_op_margin_yoy": 0.6233287714496263,
      "rev_growth_yoy": 0.3412732629158583,
      "rev_growth_yoy_accel": 0.14472695208383318,
      "op_leverage_ratio": 1.4265206117880502,
      "fcf_margin_change": -0.3055763999106441
    },
    {
      "date": "2025-06-30T00:00:00",
      "quarter_label": "2025-06 (Q2)",
      "revenue": 37861000,
      "gross_profit": null,
      "operating_income": 20616000,
      "net_income": 1956000,
      "opex": 17245000,
      "cogs": null,
      "rd": null,
      "sga": null,
      "fcf": 29815000,
      "ocf": 29815000,
      "capex": null,
      "gross_margin": null,
      "op_margin": 0.5445181057024379,
      "fcf_margin": 0.7874858033332452,
      "incr_op_margin_yoy": 0.6191640470369076,
      "rev_growth_yoy": 0.2934203334244329,
      "rev_growth_yoy_accel": -0.04785292949142539,
      "op_leverage_ratio": 2.0527701442854895,
      "fcf_margin_change": 0.2794634102761644
    },
    {
      "date": "2025-09-30T00:00:00",
      "quarter_label": "2025-09 (Q3)",
      "revenue": 39711000,
      "gross_profit": null,
      "operating_income": 22471000,
      "net_income": 2017000,
      "opex": 17240000,
      "cogs": null,
      "rd": null,
      "sga": null,
      "fcf": 20695000,
      "ocf": 20695000,
      "capex": null,
      "gross_margin": null,
      "op_margin": 0.5658633627962025,
      "fcf_margin": 0.5211402382211477,
      "incr_op_margin_yoy": 0.6285742168439543,
      "rev_growth_yoy": 0.3477803421124084,
      "rev_growth_yoy_accel": 0.05436000868797547,
      "op_leverage_ratio": Infinity,
      "fcf_margin_change": -0.2663455651120975
    }
  ],
  "signals": [
    {
      "quarter": "2025-09 (Q3)",
      "signal": "YoY REVENUE GROWTH ACCELERATION",
      "detail": "YoY growth: +34.8% vs prior quarter YoY: +29.3% (accel: +5.4%)",
      "severity": "MEDIUM"
    },
    {
      "quarter": "2025-06 (Q2)",
      "signal": "FCF MARGIN EXPANSION",
      "detail": "FCF margin: +50.8% -> +78.7% (+27.9%)",
      "severity": "MEDIUM"
    },
    {
      "quarter": "2025-06 (Q2)",
      "signal": "OPERATING LEVERAGE",
      "detail": "Rev growth +1.4% vs OpEx growth +0.7% (leverage: 2.1x)",
      "severity": "MEDIUM"
    },
    {
      "quarter": "2025-03 (Q1)",
      "signal": "YoY REVENUE GROWTH ACCELERATION",
      "detail": "YoY growth: +34.1% vs prior quarter YoY: +19.7% (accel: +14.5%)",
      "severity": "MEDIUM"
    },
    {
      "quarter": "2025-03 (Q1)",
      "signal": "INCREMENTAL MARGIN (YoY)",
      "detail": "YoY Incr OPM: +62.3% vs year-ago OPM: +51.3%",
      "severity": "MEDIUM"
    },
    {
      "quarter": "2024-12 (Q4)",
      "signal": "FCF MARGIN EXPANSION",
      "detail": "FCF margin: +40.2% -> +81.4% (+41.2%)",
      "severity": "MEDIUM"
    },
    {
      "quarter": "2024-12 (Q4)",
      "signal": "YoY REVENUE GROWTH ACCELERATION",
      "detail": "YoY growth: +19.7% vs prior quarter YoY: +14.3% (accel: +5.3%)",
      "severity": "MEDIUM"
    },
    {
      "quarter": "2024-12 (Q4)",
      "signal": "INCREMENTAL MARGIN (YoY)",
      "detail": "YoY Incr OPM: +66.2% vs year-ago OPM: +48.6%",
      "severity": "MEDIUM"
    },
    {
      "quarter": "2024-09 (Q3)",
      "signal": "YoY REVENUE GROWTH DECELERATION",
      "detail": "YoY growth: +14.3% vs prior quarter YoY: +20.4% (decel: -6.1%)",
      "severity": "WARNING"
    },
    {
      "quarter": "2024-09 (Q3)",
      "signal": "INCREMENTAL MARGIN (YoY)",
      "detail": "YoY Incr OPM: +80.5% vs year-ago OPM: +50.7%",
      "severity": "HIGH"
    },
    {
      "quarter": "2024-06 (Q2)",
      "signal": "FCF MARGIN EXPANSION",
      "detail": "FCF margin: +7.6% -> +70.3% (+62.6%)",
      "severity": "MEDIUM"
    },
    {
      "quarter": "2024-06 (Q2)",
      "signal": "OPERATING LEVERAGE",
      "detail": "Rev growth +5.2% vs OpEx growth +3.1% (leverage: 1.6x)",
      "severity": "MEDIUM"
    },
    {
      "quarter": "2024-06 (Q2)",
      "signal": "YoY REVENUE GROWTH ACCELERATION",
      "detail": "YoY growth: +20.4% vs prior quarter YoY: +14.8% (accel: +5.6%)",
      "severity": "MEDIUM"
    },
    {
      "quarter": "2024-03 (Q1)",
      "signal": "OPERATING LEVERAGE",
      "detail": "Rev growth +9.2% vs OpEx growth +3.4% (leverage: 2.7x)",
      "severity": "MEDIUM"
    },
    {
      "quarter": "2024-03 (Q1)",
      "signal": "YoY REVENUE GROWTH ACCELERATION",
      "detail": "YoY growth: +14.8% vs prior quarter YoY: +8.1% (accel: +6.7%)",
      "severity": "MEDIUM"
    },
    {
      "quarter": "2024-03 (Q1)",
      "signal": "INCREMENTAL MARGIN (YoY)",
      "detail": "YoY Incr OPM: +133.6% vs year-ago OPM: +39.1%",
      "severity": "HIGH"
    },
    {
      "quarter": "2023-09 (Q3)",
      "signal": "YoY REVENUE GROWTH DECELERATION",
      "detail": "YoY growth: +6.3% vs prior quarter YoY: +11.6% (decel: -5.3%)",
      "severity": "WARNING"
    },
    {
      "quarter": "2023-06 (Q2)",
      "signal": "FCF MARGIN EXPANSION",
      "detail": "FCF margin: +41.1% -> +64.1% (+22.9%)",
      "severity": "MEDIUM"
    },
    {
      "quarter": "2023-06 (Q2)",
      "signal": "YoY REVENUE GROWTH ACCELERATION",
      "detail": "YoY growth: +11.6% vs prior quarter YoY: +5.6% (accel: +6.0%)",
      "severity": "MEDIUM"
    },
    {
      "quarter": "2023-06 (Q2)",
      "signal": "INCREMENTAL MARGIN (YoY)",
      "detail": "YoY Incr OPM: +81.8% vs year-ago OPM: +48.0%",
      "severity": "HIGH"
    },
    {
      "quarter": "2022-09 (Q3)",
      "signal": "YoY REVENUE GROWTH DECELERATION",
      "detail": "YoY growth: +2.9% vs prior quarter YoY: +12.5% (decel: -9.6%)",
      "severity": "WARNING"
    },
    {
      "quarter": "2022-06 (Q2)",
      "signal": "FCF TURNED POSITIVE",
      "detail": "FCF margin: -11.9% -> +95.2%",
      "severity": "HIGH"
    },
    {
      "quarter": "2021-12 (Q4)",
      "signal": "FCF MARGIN EXPANSION",
      "detail": "FCF margin: +27.8% -> +58.9% (+31.2%)",
      "severity": "MEDIUM"
    }
  ],
  "data_quality": {
    "n_quarters": 18,
    "coverage": {
      "revenue": [
        18,
        18
      ],
      "gross_profit": [
        0,
        18
      ],
      "op_income": [
        18,
        18
      ],
      "fcf": [
        17,
        18
      ]
    },
    "gaps": [],
    "warnings": [
      "gross_profit: no data"
    ]
  },
  "market_cap": null,
  "source": "SEC EDGAR",
  "last_updated": "2026-02-02T22:11:52.363135"
}