{
  "ticker": "STRZ",
  "name": "Starz Entertainment Corp.",
  "quarters": [
    {
      "date": "2020-12-31T00:00:00",
      "quarter_label": "2020-12 (Q4)",
      "revenue": 836400000,
      "gross_profit": null,
      "operating_income": 37100000,
      "net_income": -13900000,
      "opex": 799300000,
      "cogs": null,
      "rd": null,
      "sga": null,
      "fcf": -52900000,
      "ocf": -44200000,
      "capex": -8700000,
      "gross_margin": null,
      "op_margin": 0.044356767097082736,
      "fcf_margin": -0.06324725011956002
    },
    {
      "date": "2021-03-31T00:00:00",
      "quarter_label": "2021-03 (Q1)",
      "revenue": 876500000,
      "gross_profit": null,
      "operating_income": 14300000,
      "net_income": -37700000,
      "opex": 862200000,
      "cogs": null,
      "rd": null,
      "sga": null,
      "fcf": -169000000,
      "ocf": -159800000,
      "capex": -9200000,
      "gross_margin": null,
      "op_margin": 0.016314888762122077,
      "fcf_margin": -0.19281232173416998,
      "op_leverage_ratio": 0.6092415522958184,
      "fcf_margin_change": -0.12956507161460995
    },
    {
      "date": "2021-06-30T00:00:00",
      "quarter_label": "2021-06 (Q2)",
      "revenue": 901200000,
      "gross_profit": null,
      "operating_income": 20300000,
      "net_income": -45400000,
      "opex": 880900000,
      "cogs": null,
      "rd": null,
      "sga": null,
      "fcf": -355100000,
      "ocf": -348700000,
      "capex": -6400000,
      "gross_margin": null,
      "op_margin": 0.022525521526853085,
      "fcf_margin": -0.3940301819795828,
      "op_leverage_ratio": 1.299306002544149,
      "fcf_margin_change": -0.2012178602454128
    },
    {
      "date": "2021-09-30T00:00:00",
      "quarter_label": "2021-09 (Q3)",
      "revenue": 887800000,
      "gross_profit": null,
      "operating_income": 29800000,
      "net_income": 7500000,
      "opex": 858000000,
      "cogs": null,
      "rd": null,
      "sga": null,
      "fcf": 8000000,
      "ocf": 16200000,
      "capex": -8200000,
      "gross_margin": null,
      "op_margin": 0.03356611849515657,
      "fcf_margin": 0.009011038522189683,
      "fcf_margin_change": 0.4030412205017725
    },
    {
      "date": "2021-12-31T00:00:00",
      "quarter_label": "2021-12 (Q4)",
      "revenue": 885400000,
      "gross_profit": null,
      "operating_income": 9300000,
      "net_income": -45600000,
      "opex": 876100000,
      "cogs": null,
      "rd": null,
      "sga": null,
      "fcf": -164900000,
      "ocf": -157300000,
      "capex": -7600000,
      "gross_margin": null,
      "op_margin": 0.010503727128981252,
      "fcf_margin": -0.18624350576010842,
      "incr_op_margin_yoy": -0.5673469387755102,
      "rev_growth_yoy": 0.0585844093735055,
      "fcf_margin_change": -0.1952545442822981
    },
    {
      "date": "2022-03-31T00:00:00",
      "quarter_label": "2022-03 (Q1)",
      "revenue": 929900000,
      "gross_profit": null,
      "operating_income": -50400000,
      "net_income": -104700000,
      "opex": 980300000,
      "cogs": null,
      "rd": null,
      "sga": null,
      "fcf": -182000000,
      "ocf": -171100000,
      "capex": -10900000,
      "gross_margin": null,
      "op_margin": -0.05419937627701903,
      "fcf_margin": -0.1957199698892354,
      "incr_op_margin_yoy": -1.2116104868913857,
      "rev_growth_yoy": 0.06092413006274957,
      "rev_growth_yoy_accel": 0.002339720689244068,
      "op_leverage_ratio": 0.42257758294395714,
      "fcf_margin_change": -0.009476464129126977
    },
    {
      "date": "2022-06-30T00:00:00",
      "quarter_label": "2022-06 (Q2)",
      "revenue": 893900000,
      "gross_profit": null,
      "operating_income": -68200000,
      "net_income": -119000000,
      "opex": 962100000,
      "cogs": null,
      "rd": null,
      "sga": null,
      "fcf": -9800000,
      "ocf": -200000,
      "capex": -9600000,
      "gross_margin": null,
      "op_margin": -0.07629488757131671,
      "fcf_margin": -0.01096319498825372,
      "incr_op_margin_yoy": 12.123287671232877,
      "rev_growth_yoy": -0.008100310696848646,
      "rev_growth_yoy_accel": -0.06902444075959821,
      "fcf_margin_change": 0.1847567749009817
    },
    {
      "date": "2022-09-30T00:00:00",
      "quarter_label": "2022-09 (Q3)",
      "revenue": 875200000,
      "gross_profit": null,
      "operating_income": -1747600000,
      "net_income": -1811100000,
      "opex": 2622800000,
      "cogs": null,
      "rd": null,
      "sga": null,
      "fcf": -151100000,
      "ocf": -139200000,
      "capex": -11900000,
      "gross_margin": null,
      "op_margin": -1.996800731261426,
      "fcf_margin": -0.17264625228519195,
      "incr_op_margin_yoy": 141.06349206349208,
      "rev_growth_yoy": -0.01419238567244875,
      "rev_growth_yoy_accel": -0.006092074975600104,
      "fcf_margin_change": -0.16168305729693824
    },
    {
      "date": "2022-12-31T00:00:00",
      "quarter_label": "2022-12 (Q4)",
      "revenue": 1000100000,
      "gross_profit": null,
      "operating_income": 7800000,
      "net_income": 16600000,
      "opex": 992300000,
      "cogs": null,
      "rd": null,
      "sga": null,
      "fcf": -3700000,
      "ocf": 11400000,
      "capex": -15100000,
      "gross_margin": null,
      "op_margin": 0.007799220077992201,
      "fcf_margin": -0.0036996300369963003,
      "incr_op_margin_yoy": -0.013077593722755012,
      "rev_growth_yoy": 0.1295459679241021,
      "rev_growth_yoy_accel": 0.14373835359655085,
      "op_leverage_ratio": Infinity,
      "fcf_margin_change": 0.16894662224819565
    },
    {
      "date": "2023-03-31T00:00:00",
      "quarter_label": "2023-03 (Q1)",
      "revenue": 1085700000,
      "gross_profit": null,
      "operating_income": -49600000,
      "net_income": -96700000,
      "opex": 1135300000,
      "cogs": null,
      "rd": null,
      "sga": null,
      "fcf": -308000000,
      "ocf": -310300000,
      "capex": 2300000,
      "gross_margin": null,
      "op_margin": -0.045684811642258454,
      "fcf_margin": -0.28368794326241137,
      "incr_op_margin_yoy": 0.005134788189987163,
      "rev_growth_yoy": 0.16754489730078503,
      "rev_growth_yoy_accel": 0.03799892937668292,
      "op_leverage_ratio": 0.5939327745547124,
      "fcf_margin_change": -0.27998831322541506
    },
    {
      "date": "2023-06-30T00:00:00",
      "quarter_label": "2023-06 (Q2)",
      "revenue": 908600000,
      "gross_profit": null,
      "operating_income": -16800000,
      "net_income": -70700000,
      "opex": 925400000,
      "cogs": null,
      "rd": null,
      "sga": null,
      "fcf": 20300000,
      "ocf": 29200000,
      "capex": -8900000,
      "gross_margin": null,
      "op_margin": -0.01848998459167951,
      "fcf_margin": 0.02234206471494607,
      "incr_op_margin_yoy": 3.496598639455782,
      "rev_growth_yoy": 0.01644479248238058,
      "rev_growth_yoy_accel": -0.15110010481840447,
      "fcf_margin_change": 0.30603000797735747
    },
    {
      "date": "2023-09-30T00:00:00",
      "quarter_label": "2023-09 (Q3)",
      "revenue": 1015500000,
      "gross_profit": null,
      "operating_income": -817500000,
      "net_income": -886200000,
      "opex": 1833000000,
      "cogs": null,
      "rd": null,
      "sga": null,
      "fcf": 291700000,
      "ocf": 301100000,
      "capex": -9400000,
      "gross_margin": null,
      "op_margin": -0.8050221565731167,
      "fcf_margin": 0.28724766125061546,
      "incr_op_margin_yoy": 6.629365645046329,
      "rev_growth_yoy": 0.16030621572212067,
      "rev_growth_yoy_accel": 0.1438614232397401,
      "op_leverage_ratio": 0.11996097328432188,
      "fcf_margin_change": 0.26490559653566936
    },
    {
      "date": "2023-12-31T00:00:00",
      "quarter_label": "2023-12 (Q4)",
      "revenue": 975100000,
      "gross_profit": null,
      "operating_income": -43500000,
      "net_income": -106600000,
      "opex": 1018600000,
      "cogs": null,
      "rd": null,
      "sga": null,
      "fcf": 64700000,
      "ocf": 71100000,
      "capex": -6400000,
      "gross_margin": null,
      "op_margin": -0.04461080914777971,
      "fcf_margin": 0.06635216900830684,
      "incr_op_margin_yoy": 2.052,
      "rev_growth_yoy": -0.024997500249975,
      "rev_growth_yoy_accel": -0.18530371597209566,
      "fcf_margin_change": -0.22089549224230862
    },
    {
      "date": "2024-03-31T00:00:00",
      "quarter_label": "2024-03 (Q1)",
      "revenue": 1117800000,
      "gross_profit": null,
      "operating_income": -60900000,
      "net_income": -39400000,
      "opex": 1178700000,
      "cogs": null,
      "rd": null,
      "sga": null,
      "fcf": -528900000,
      "ocf": -533200000,
      "capex": 4300000,
      "gross_margin": null,
      "op_margin": -0.05448201825013419,
      "fcf_margin": -0.4731615673644659,
      "incr_op_margin_yoy": -0.35202492211838005,
      "rev_growth_yoy": 0.029566178502348717,
      "rev_growth_yoy_accel": 0.05456367875232372,
      "op_leverage_ratio": 0.9310803401960536,
      "fcf_margin_change": -0.5395137363727728
    },
    {
      "date": "2024-06-30T00:00:00",
      "quarter_label": "2024-06 (Q2)",
      "revenue": 834700000,
      "gross_profit": null,
      "operating_income": 18800000,
      "net_income": -59400000,
      "opex": 815900000,
      "cogs": null,
      "rd": null,
      "sga": null,
      "fcf": -38400000,
      "ocf": -33500000,
      "capex": -4900000,
      "gross_margin": null,
      "op_margin": 0.022523062178028033,
      "fcf_margin": -0.046004552533844494,
      "incr_op_margin_yoy": -0.4817320703653586,
      "rev_growth_yoy": -0.08133392031697116,
      "rev_growth_yoy_accel": -0.11090009881931988,
      "fcf_margin_change": 0.4271570148306214
    },
    {
      "date": "2024-09-30T00:00:00",
      "quarter_label": "2024-09 (Q3)",
      "revenue": 948600000,
      "gross_profit": null,
      "operating_income": -88600000,
      "net_income": -163300000,
      "opex": 1037200000,
      "cogs": null,
      "rd": null,
      "sga": null,
      "fcf": 4400000,
      "ocf": 9100000,
      "capex": -4700000,
      "gross_margin": null,
      "op_margin": -0.09340080118068733,
      "fcf_margin": 0.004638414505587181,
      "incr_op_margin_yoy": -10.895366218236173,
      "rev_growth_yoy": -0.06587887740029542,
      "rev_growth_yoy_accel": 0.015455042916675737,
      "op_leverage_ratio": 0.5030936430995148,
      "fcf_margin_change": 0.05064296703943168
    },
    {
      "date": "2024-12-31T00:00:00",
      "quarter_label": "2024-12 (Q4)",
      "revenue": 970500000,
      "gross_profit": null,
      "operating_income": 35800000,
      "net_income": -21900000,
      "opex": 934700000,
      "cogs": null,
      "rd": null,
      "sga": null,
      "fcf": -349300000,
      "ocf": -335300000,
      "capex": -14000000,
      "gross_margin": null,
      "op_margin": 0.03688820195775373,
      "fcf_margin": -0.3599175682637816,
      "incr_op_margin_yoy": -17.23913043478261,
      "rev_growth_yoy": -0.004717464875397395,
      "rev_growth_yoy_accel": 0.061161412524898026,
      "op_leverage_ratio": Infinity,
      "fcf_margin_change": -0.36455598276936874
    },
    {
      "date": "2025-03-31T00:00:00",
      "quarter_label": "2025-03 (Q1)",
      "revenue": -1384200000,
      "gross_profit": null,
      "operating_income": -136300000,
      "net_income": 33500000,
      "opex": -1247900000,
      "cogs": null,
      "rd": null,
      "sga": null,
      "fcf": 319700000,
      "ocf": 313700000,
      "capex": 6000000,
      "gross_margin": null,
      "op_margin": 0.0984684294177142,
      "fcf_margin": -0.2309637335645138,
      "incr_op_margin_yoy": 0.030135891286970425,
      "rev_growth_yoy": -2.238325281803543,
      "rev_growth_yoy_accel": -2.2336078169281453,
      "fcf_margin_change": 0.12895383469926777
    },
    {
      "date": "2025-06-30T00:00:00",
      "quarter_label": "2025-06 (Q2)",
      "revenue": 319700000,
      "gross_profit": null,
      "operating_income": -26900000,
      "net_income": -42500000,
      "opex": 346600000,
      "cogs": null,
      "rd": null,
      "sga": null,
      "fcf": 58500000,
      "ocf": 65400000,
      "capex": -6900000,
      "gross_margin": null,
      "op_margin": -0.084141382546137,
      "fcf_margin": 0.18298404754457304,
      "incr_op_margin_yoy": 0.0887378640776699,
      "rev_growth_yoy": -0.6169881394512998,
      "rev_growth_yoy_accel": 1.621337142352243,
      "fcf_margin_change": 0.4139477811090868
    },
    {
      "date": "2025-09-30T00:00:00",
      "quarter_label": "2025-09 (Q3)",
      "revenue": 320900000,
      "gross_profit": null,
      "operating_income": -34800000,
      "net_income": -52600000,
      "opex": 355700000,
      "cogs": null,
      "rd": null,
      "sga": null,
      "fcf": -31300000,
      "ocf": -26100000,
      "capex": -5200000,
      "gross_margin": null,
      "op_margin": -0.10844499844188221,
      "fcf_margin": -0.09753817388594578,
      "incr_op_margin_yoy": -0.08570973394933885,
      "rev_growth_yoy": -0.6617119966266076,
      "rev_growth_yoy_accel": -0.0447238571753078,
      "fcf_margin_change": -0.2805222214305188
    }
  ],
  "signals": [
    {
      "quarter": "2025-06 (Q2)",
      "signal": "FCF TURNED POSITIVE",
      "detail": "FCF margin: -23.1% -> +18.3%",
      "severity": "HIGH"
    },
    {
      "quarter": "2025-06 (Q2)",
      "signal": "YoY REVENUE GROWTH ACCELERATION",
      "detail": "YoY growth: -61.7% vs prior quarter YoY: -223.8% (accel: +162.1%)",
      "severity": "HIGH"
    },
    {
      "quarter": "2025-03 (Q1)",
      "signal": "FCF MARGIN EXPANSION",
      "detail": "FCF margin: -36.0% -> -23.1% (+12.9%)",
      "severity": "MEDIUM"
    },
    {
      "quarter": "2025-03 (Q1)",
      "signal": "YoY REVENUE GROWTH DECELERATION",
      "detail": "YoY growth: -223.8% vs prior quarter YoY: -0.5% (decel: -223.4%)",
      "severity": "WARNING"
    },
    {
      "quarter": "2025-03 (Q1)",
      "signal": "OP MARGIN TURNED POSITIVE (YoY)",
      "detail": "Op margin: -5.4% (year-ago) -> +9.8%",
      "severity": "HIGH"
    },
    {
      "quarter": "2024-12 (Q4)",
      "signal": "YoY REVENUE GROWTH ACCELERATION",
      "detail": "YoY growth: -0.5% vs prior quarter YoY: -6.6% (accel: +6.1%)",
      "severity": "MEDIUM"
    },
    {
      "quarter": "2024-12 (Q4)",
      "signal": "OP MARGIN TURNED POSITIVE (YoY)",
      "detail": "Op margin: -4.5% (year-ago) -> +3.7%",
      "severity": "HIGH"
    },
    {
      "quarter": "2024-12 (Q4)",
      "signal": "OP MARGIN TURNED POSITIVE (QoQ)",
      "detail": "Op margin: -9.3% -> +3.7%",
      "severity": "HIGH"
    },
    {
      "quarter": "2024-09 (Q3)",
      "signal": "FCF TURNED POSITIVE",
      "detail": "FCF margin: -4.6% -> +0.5%",
      "severity": "HIGH"
    },
    {
      "quarter": "2024-06 (Q2)",
      "signal": "FCF MARGIN EXPANSION",
      "detail": "FCF margin: -47.3% -> -4.6% (+42.7%)",
      "severity": "MEDIUM"
    },
    {
      "quarter": "2024-06 (Q2)",
      "signal": "YoY REVENUE GROWTH DECELERATION",
      "detail": "YoY growth: -8.1% vs prior quarter YoY: +3.0% (decel: -11.1%)",
      "severity": "WARNING"
    },
    {
      "quarter": "2024-06 (Q2)",
      "signal": "OP MARGIN TURNED POSITIVE (YoY)",
      "detail": "Op margin: -1.8% (year-ago) -> +2.3%",
      "severity": "HIGH"
    },
    {
      "quarter": "2024-06 (Q2)",
      "signal": "OP MARGIN TURNED POSITIVE (QoQ)",
      "detail": "Op margin: -5.4% -> +2.3%",
      "severity": "HIGH"
    },
    {
      "quarter": "2024-03 (Q1)",
      "signal": "YoY REVENUE GROWTH ACCELERATION",
      "detail": "YoY growth: +3.0% vs prior quarter YoY: -2.5% (accel: +5.5%)",
      "severity": "MEDIUM"
    },
    {
      "quarter": "2023-12 (Q4)",
      "signal": "YoY REVENUE GROWTH DECELERATION",
      "detail": "YoY growth: -2.5% vs prior quarter YoY: +16.0% (decel: -18.5%)",
      "severity": "WARNING"
    },
    {
      "quarter": "2023-09 (Q3)",
      "signal": "FCF MARGIN EXPANSION",
      "detail": "FCF margin: +2.2% -> +28.7% (+26.5%)",
      "severity": "MEDIUM"
    },
    {
      "quarter": "2023-09 (Q3)",
      "signal": "YoY REVENUE GROWTH ACCELERATION",
      "detail": "YoY growth: +16.0% vs prior quarter YoY: +1.6% (accel: +14.4%)",
      "severity": "MEDIUM"
    },
    {
      "quarter": "2023-06 (Q2)",
      "signal": "FCF TURNED POSITIVE",
      "detail": "FCF margin: -28.4% -> +2.2%",
      "severity": "HIGH"
    },
    {
      "quarter": "2023-06 (Q2)",
      "signal": "YoY REVENUE GROWTH DECELERATION",
      "detail": "YoY growth: +1.6% vs prior quarter YoY: +16.8% (decel: -15.1%)",
      "severity": "WARNING"
    },
    {
      "quarter": "2022-12 (Q4)",
      "signal": "FCF MARGIN EXPANSION",
      "detail": "FCF margin: -17.3% -> -0.4% (+16.9%)",
      "severity": "MEDIUM"
    },
    {
      "quarter": "2022-12 (Q4)",
      "signal": "YoY REVENUE GROWTH ACCELERATION",
      "detail": "YoY growth: +13.0% vs prior quarter YoY: -1.4% (accel: +14.4%)",
      "severity": "MEDIUM"
    },
    {
      "quarter": "2022-12 (Q4)",
      "signal": "OP MARGIN TURNED POSITIVE (QoQ)",
      "detail": "Op margin: -199.7% -> +0.8%",
      "severity": "HIGH"
    },
    {
      "quarter": "2022-06 (Q2)",
      "signal": "FCF MARGIN EXPANSION",
      "detail": "FCF margin: -19.6% -> -1.1% (+18.5%)",
      "severity": "MEDIUM"
    },
    {
      "quarter": "2022-06 (Q2)",
      "signal": "YoY REVENUE GROWTH DECELERATION",
      "detail": "YoY growth: -0.8% vs prior quarter YoY: +6.1% (decel: -6.9%)",
      "severity": "WARNING"
    },
    {
      "quarter": "2021-09 (Q3)",
      "signal": "FCF TURNED POSITIVE",
      "detail": "FCF margin: -39.4% -> +0.9%",
      "severity": "HIGH"
    }
  ],
  "data_quality": {
    "n_quarters": 20,
    "coverage": {
      "revenue": [
        20,
        20
      ],
      "gross_profit": [
        0,
        20
      ],
      "op_income": [
        20,
        20
      ],
      "fcf": [
        20,
        20
      ]
    },
    "gaps": [],
    "warnings": [
      "gross_profit: no data"
    ]
  },
  "market_cap": null,
  "source": "SEC EDGAR",
  "last_updated": "2026-02-02T23:05:08.112517"
}