{
  "ticker": "STSR",
  "name": "Strategic Student & Senior Housing Trust, Inc.",
  "quarters": [
    {
      "date": "2020-12-31T00:00:00",
      "quarter_label": "2020-12 (Q4)",
      "revenue": 8249104,
      "gross_profit": 2826533,
      "operating_income": -1243253,
      "net_income": null,
      "opex": 9492357,
      "cogs": 5422571,
      "rd": null,
      "sga": null,
      "fcf": -1492387,
      "ocf": -1492387,
      "capex": null,
      "gross_margin": 0.34264727417668633,
      "op_margin": -0.1507137017547603,
      "fcf_margin": -0.1809150424094544
    },
    {
      "date": "2021-03-31T00:00:00",
      "quarter_label": "2021-03 (Q1)",
      "revenue": 8243760,
      "gross_profit": 2767219,
      "operating_income": -1059114,
      "net_income": null,
      "opex": 9302874,
      "cogs": 5476541,
      "rd": null,
      "sga": null,
      "fcf": 461701,
      "ocf": 461701,
      "capex": null,
      "gross_margin": 0.33567437674071054,
      "op_margin": -0.12847462808233137,
      "fcf_margin": 0.056006118567255715,
      "fcf_margin_change": 0.23692116097671012
    },
    {
      "date": "2021-06-30T00:00:00",
      "quarter_label": "2021-06 (Q2)",
      "revenue": 8498084,
      "gross_profit": 2893693,
      "operating_income": -337134,
      "net_income": null,
      "opex": 8835218,
      "cogs": 5604391,
      "rd": null,
      "sga": null,
      "fcf": 291102,
      "ocf": 291102,
      "capex": null,
      "gross_margin": 0.34051122582455057,
      "op_margin": -0.039671766012197573,
      "fcf_margin": 0.034255015601163744,
      "op_leverage_ratio": Infinity,
      "fcf_margin_change": -0.02175110296609197
    },
    {
      "date": "2021-09-30T00:00:00",
      "quarter_label": "2021-09 (Q3)",
      "revenue": 8711520,
      "gross_profit": 2525962,
      "operating_income": -747685,
      "net_income": null,
      "opex": 9459205,
      "cogs": 6185558,
      "rd": null,
      "sga": null,
      "fcf": 287322,
      "ocf": 287322,
      "capex": null,
      "gross_margin": 0.28995651734714495,
      "op_margin": -0.0858271576028064,
      "fcf_margin": 0.03298184472973718,
      "op_leverage_ratio": 0.355621804701988,
      "fcf_margin_change": -0.0012731708714265669
    },
    {
      "date": "2021-12-31T00:00:00",
      "quarter_label": "2021-12 (Q4)",
      "revenue": 8817050,
      "gross_profit": 2757227,
      "operating_income": -324136,
      "net_income": null,
      "opex": 9141186,
      "cogs": 6059823,
      "rd": null,
      "sga": null,
      "fcf": -321575,
      "ocf": -321575,
      "capex": null,
      "gross_margin": 0.31271536398228433,
      "op_margin": -0.03676240919581946,
      "fcf_margin": -0.036471949234721364,
      "rev_growth_yoy": 0.06884941685787935,
      "op_leverage_ratio": Infinity,
      "fcf_margin_change": -0.06945379396445854
    },
    {
      "date": "2022-03-31T00:00:00",
      "quarter_label": "2022-03 (Q1)",
      "revenue": 8156472,
      "gross_profit": 2315372,
      "operating_income": 11611939,
      "net_income": null,
      "opex": 8646470,
      "cogs": 5841100,
      "rd": null,
      "sga": null,
      "fcf": -843759,
      "ocf": -843759,
      "capex": null,
      "gross_margin": 0.2838693003543689,
      "op_margin": 1.4236472582753916,
      "fcf_margin": -0.1034465636613477,
      "rev_growth_yoy": -0.010588372296136715,
      "rev_growth_yoy_accel": -0.07943778915401606,
      "fcf_margin_change": -0.06697461442662633
    },
    {
      "date": "2022-06-30T00:00:00",
      "quarter_label": "2022-06 (Q2)",
      "revenue": 8556713,
      "gross_profit": 2745090,
      "operating_income": -113426,
      "net_income": null,
      "opex": 8670139,
      "cogs": 5811623,
      "rd": null,
      "sga": null,
      "fcf": 710912,
      "ocf": 710912,
      "capex": null,
      "gross_margin": 0.3208112741423021,
      "op_margin": -0.013255791096417514,
      "fcf_margin": 0.08308237053176845,
      "rev_growth_yoy": 0.0068990845465872076,
      "rev_growth_yoy_accel": 0.017487456842723924,
      "op_leverage_ratio": 17.925783819163733,
      "fcf_margin_change": 0.18652893419311617
    },
    {
      "date": "2022-09-30T00:00:00",
      "quarter_label": "2022-09 (Q3)",
      "revenue": 8745278,
      "gross_profit": 2434586,
      "operating_income": -441279,
      "net_income": null,
      "opex": 9186557,
      "cogs": 6310692,
      "rd": null,
      "sga": null,
      "fcf": -46940,
      "ocf": -46940,
      "capex": null,
      "gross_margin": 0.27838863441505235,
      "op_margin": -0.05045911633683915,
      "fcf_margin": -0.005367468021028034,
      "rev_growth_yoy": 0.003875098719856007,
      "rev_growth_yoy_accel": -0.0030239858267312007,
      "op_leverage_ratio": 0.3699804775358256,
      "fcf_margin_change": -0.08844983855279648
    },
    {
      "date": "2022-12-31T00:00:00",
      "quarter_label": "2022-12 (Q4)",
      "revenue": 8972371,
      "gross_profit": 2715714,
      "operating_income": -315958,
      "net_income": null,
      "opex": 9288329,
      "cogs": 6256657,
      "rd": null,
      "sga": null,
      "fcf": 91520,
      "ocf": 91520,
      "capex": null,
      "gross_margin": 0.30267517916947484,
      "op_margin": -0.03521454919775386,
      "fcf_margin": 0.010200202376829937,
      "rev_growth_yoy": 0.017615982669940626,
      "rev_growth_yoy_accel": 0.01374088395008462,
      "op_leverage_ratio": 2.3439837293782357,
      "fcf_margin_change": 0.015567670397857971
    },
    {
      "date": "2023-03-31T00:00:00",
      "quarter_label": "2023-03 (Q1)",
      "revenue": 9100796,
      "gross_profit": 2711850,
      "operating_income": -192040,
      "net_income": null,
      "opex": 9292836,
      "cogs": 6388946,
      "rd": null,
      "sga": null,
      "fcf": 394092,
      "ocf": 394092,
      "capex": null,
      "gross_margin": 0.29797942949166206,
      "op_margin": -0.021101450906052612,
      "fcf_margin": 0.043303025361737586,
      "rev_growth_yoy": 0.11577603650205628,
      "rev_growth_yoy_accel": 0.09816005383211565,
      "op_leverage_ratio": Infinity,
      "fcf_margin_change": 0.033102822984907646
    },
    {
      "date": "2023-06-30T00:00:00",
      "quarter_label": "2023-06 (Q2)",
      "revenue": 9241355,
      "gross_profit": 2931519,
      "operating_income": -183485,
      "net_income": null,
      "opex": 9424840,
      "cogs": 6309836,
      "rd": null,
      "sga": null,
      "fcf": 534229,
      "ocf": 534229,
      "capex": null,
      "gross_margin": 0.317217442680213,
      "op_margin": -0.019854772379158683,
      "fcf_margin": 0.057808514011202905,
      "rev_growth_yoy": 0.08001226639248038,
      "rev_growth_yoy_accel": -0.035763770109575904,
      "op_leverage_ratio": 1.0872776494492882,
      "fcf_margin_change": 0.014505488649465319
    },
    {
      "date": "2023-09-30T00:00:00",
      "quarter_label": "2023-09 (Q3)",
      "revenue": 9579208,
      "gross_profit": 2775832,
      "operating_income": -174281,
      "net_income": null,
      "opex": 9753489,
      "cogs": 6803376,
      "rd": null,
      "sga": null,
      "fcf": 426291,
      "ocf": 426291,
      "capex": null,
      "gross_margin": 0.2897767748648949,
      "op_margin": -0.018193675301757722,
      "fcf_margin": 0.04450169575605833,
      "rev_growth_yoy": 0.095357746203151,
      "rev_growth_yoy_accel": 0.015345479810670623,
      "op_leverage_ratio": 1.0484163786064036,
      "fcf_margin_change": -0.013306818255144577
    },
    {
      "date": "2023-12-31T00:00:00",
      "quarter_label": "2023-12 (Q4)",
      "revenue": 9747166,
      "gross_profit": 3019417,
      "operating_income": -7104,
      "net_income": null,
      "opex": 9754270,
      "cogs": 6727749,
      "rd": null,
      "sga": null,
      "fcf": -414840,
      "ocf": -414840,
      "capex": null,
      "gross_margin": 0.3097738358000674,
      "op_margin": -0.00072882723039702,
      "fcf_margin": -0.042560063099366524,
      "rev_growth_yoy": 0.0863534287648159,
      "rev_growth_yoy_accel": -0.009004317438335102,
      "op_leverage_ratio": Infinity,
      "fcf_margin_change": -0.08706175885542486
    },
    {
      "date": "2024-03-31T00:00:00",
      "quarter_label": "2024-03 (Q1)",
      "revenue": 9815187,
      "gross_profit": 2928712,
      "operating_income": 192104,
      "net_income": -2565145,
      "opex": 9623083,
      "cogs": 6886475,
      "rd": null,
      "sga": null,
      "fcf": 516427,
      "ocf": 516427,
      "capex": null,
      "gross_margin": 0.29838575668502293,
      "op_margin": 0.019572118187865396,
      "fcf_margin": 0.052615095361912105,
      "rev_growth_yoy": 0.07849763910761212,
      "rev_growth_yoy_accel": -0.00785578965720378,
      "fcf_margin_change": 0.09517515846127864
    },
    {
      "date": "2024-06-30T00:00:00",
      "quarter_label": "2024-06 (Q2)",
      "revenue": 8615846,
      "gross_profit": null,
      "operating_income": -316046,
      "net_income": -3332694,
      "opex": 8931892,
      "cogs": null,
      "rd": null,
      "sga": null,
      "fcf": -1417286,
      "ocf": -1417286,
      "capex": null,
      "gross_margin": null,
      "op_margin": -0.03668194626505627,
      "fcf_margin": -0.16449760128024574,
      "rev_growth_yoy": -0.06768585342733831,
      "rev_growth_yoy_accel": -0.14618349253495044,
      "fcf_margin_change": -0.21711269664215785
    },
    {
      "date": "2024-09-30T00:00:00",
      "quarter_label": "2024-09 (Q3)",
      "revenue": 8904747,
      "gross_profit": null,
      "operating_income": 236035,
      "net_income": 25379374,
      "opex": 8668712,
      "cogs": null,
      "rd": null,
      "sga": null,
      "fcf": -3802005,
      "ocf": -3802005,
      "capex": null,
      "gross_margin": null,
      "op_margin": 0.02650664864481832,
      "fcf_margin": -0.4269638429929565,
      "rev_growth_yoy": -0.07040884799661934,
      "rev_growth_yoy_accel": -0.0027229945692810315,
      "op_leverage_ratio": Infinity,
      "fcf_margin_change": -0.2624662417127107
    },
    {
      "date": "2024-12-31T00:00:00",
      "quarter_label": "2024-12 (Q4)",
      "revenue": 9031227,
      "gross_profit": null,
      "operating_income": -46829,
      "net_income": null,
      "opex": 9078056,
      "cogs": null,
      "rd": null,
      "sga": null,
      "fcf": -552484,
      "ocf": -552484,
      "capex": null,
      "gross_margin": null,
      "op_margin": -0.005185231198374263,
      "fcf_margin": -0.06117485475672353,
      "rev_growth_yoy": -0.0734509907802945,
      "rev_growth_yoy_accel": -0.003042142783675164,
      "op_leverage_ratio": 0.3007920943739334,
      "fcf_margin_change": 0.36578898823623296
    },
    {
      "date": "2025-03-31T00:00:00",
      "quarter_label": "2025-03 (Q1)",
      "revenue": 9040180,
      "gross_profit": null,
      "operating_income": 312614,
      "net_income": -1403954,
      "opex": 8727566,
      "cogs": null,
      "rd": null,
      "sga": null,
      "fcf": 885605,
      "ocf": 885605,
      "capex": null,
      "gross_margin": null,
      "op_margin": 0.03458050614036446,
      "fcf_margin": 0.0979632042724813,
      "rev_growth_yoy": -0.07895998313633759,
      "rev_growth_yoy_accel": -0.005508992356043088,
      "fcf_margin_change": 0.15913805902920483
    },
    {
      "date": "2025-06-30T00:00:00",
      "quarter_label": "2025-06 (Q2)",
      "revenue": 9324977,
      "gross_profit": null,
      "operating_income": 455180,
      "net_income": -1113794,
      "opex": 8869797,
      "cogs": null,
      "rd": null,
      "sga": null,
      "fcf": 1275485,
      "ocf": 1275485,
      "capex": null,
      "gross_margin": null,
      "op_margin": 0.04881298902935632,
      "fcf_margin": 0.13678157061406157,
      "rev_growth_yoy": 0.08230544046400086,
      "rev_growth_yoy_accel": 0.16126542360033846,
      "op_leverage_ratio": 1.9331128628269691,
      "fcf_margin_change": 0.03881836634158027
    },
    {
      "date": "2025-09-30T00:00:00",
      "quarter_label": "2025-09 (Q3)",
      "revenue": 9574551,
      "gross_profit": null,
      "operating_income": 459916,
      "net_income": -1276058,
      "opex": 9114635,
      "cogs": null,
      "rd": null,
      "sga": null,
      "fcf": 1275162,
      "ocf": 1275162,
      "capex": null,
      "gross_margin": null,
      "op_margin": 0.04803525512580172,
      "fcf_margin": 0.13318243330679422,
      "rev_growth_yoy": 0.07521875691695676,
      "rev_growth_yoy_accel": -0.007086683547044101,
      "op_leverage_ratio": 0.9695862042492891,
      "fcf_margin_change": -0.0035991373072673527
    }
  ],
  "signals": [
    {
      "quarter": "2025-06 (Q2)",
      "signal": "OPERATING LEVERAGE",
      "detail": "Rev growth +3.2% vs OpEx growth +1.6% (leverage: 1.9x)",
      "severity": "MEDIUM"
    },
    {
      "quarter": "2025-06 (Q2)",
      "signal": "YoY REVENUE GROWTH ACCELERATION",
      "detail": "YoY growth: +8.2% vs prior quarter YoY: -7.9% (accel: +16.1%)",
      "severity": "HIGH"
    },
    {
      "quarter": "2025-06 (Q2)",
      "signal": "OP MARGIN TURNED POSITIVE (YoY)",
      "detail": "Op margin: -3.7% (year-ago) -> +4.9%",
      "severity": "HIGH"
    },
    {
      "quarter": "2025-03 (Q1)",
      "signal": "FCF TURNED POSITIVE",
      "detail": "FCF margin: -6.1% -> +9.8%",
      "severity": "HIGH"
    },
    {
      "quarter": "2025-03 (Q1)",
      "signal": "OP MARGIN TURNED POSITIVE (QoQ)",
      "detail": "Op margin: -0.5% -> +3.5%",
      "severity": "HIGH"
    },
    {
      "quarter": "2024-12 (Q4)",
      "signal": "FCF MARGIN EXPANSION",
      "detail": "FCF margin: -42.7% -> -6.1% (+36.6%)",
      "severity": "MEDIUM"
    },
    {
      "quarter": "2024-09 (Q3)",
      "signal": "OP MARGIN TURNED POSITIVE (YoY)",
      "detail": "Op margin: -1.8% (year-ago) -> +2.7%",
      "severity": "HIGH"
    },
    {
      "quarter": "2024-09 (Q3)",
      "signal": "OP MARGIN TURNED POSITIVE (QoQ)",
      "detail": "Op margin: -3.7% -> +2.7%",
      "severity": "HIGH"
    },
    {
      "quarter": "2024-06 (Q2)",
      "signal": "YoY REVENUE GROWTH DECELERATION",
      "detail": "YoY growth: -6.8% vs prior quarter YoY: +7.8% (decel: -14.6%)",
      "severity": "WARNING"
    },
    {
      "quarter": "2024-03 (Q1)",
      "signal": "FCF TURNED POSITIVE",
      "detail": "FCF margin: -4.3% -> +5.3%",
      "severity": "HIGH"
    },
    {
      "quarter": "2024-03 (Q1)",
      "signal": "OP MARGIN TURNED POSITIVE (YoY)",
      "detail": "Op margin: -2.1% (year-ago) -> +2.0%",
      "severity": "HIGH"
    },
    {
      "quarter": "2024-03 (Q1)",
      "signal": "OP MARGIN TURNED POSITIVE (QoQ)",
      "detail": "Op margin: -0.1% -> +2.0%",
      "severity": "HIGH"
    },
    {
      "quarter": "2023-12 (Q4)",
      "signal": "OPERATING LEVERAGE",
      "detail": "Rev growth +1.8% vs OpEx growth +0.0% (leverage: 219.0x)",
      "severity": "MEDIUM"
    },
    {
      "quarter": "2023-03 (Q1)",
      "signal": "OPERATING LEVERAGE",
      "detail": "Rev growth +1.4% vs OpEx growth +0.0% (leverage: 29.5x)",
      "severity": "MEDIUM"
    },
    {
      "quarter": "2023-03 (Q1)",
      "signal": "YoY REVENUE GROWTH ACCELERATION",
      "detail": "YoY growth: +11.6% vs prior quarter YoY: +1.8% (accel: +9.8%)",
      "severity": "MEDIUM"
    },
    {
      "quarter": "2022-12 (Q4)",
      "signal": "FCF TURNED POSITIVE",
      "detail": "FCF margin: -0.5% -> +1.0%",
      "severity": "HIGH"
    },
    {
      "quarter": "2022-12 (Q4)",
      "signal": "OPERATING LEVERAGE",
      "detail": "Rev growth +2.6% vs OpEx growth +1.1% (leverage: 2.3x)",
      "severity": "MEDIUM"
    },
    {
      "quarter": "2022-12 (Q4)",
      "signal": "GROSS MARGIN INFLECTION",
      "detail": "GM: +32.1% -> +27.8% -> +30.3% (reversal +2.4%)",
      "severity": "MEDIUM"
    },
    {
      "quarter": "2022-06 (Q2)",
      "signal": "FCF TURNED POSITIVE",
      "detail": "FCF margin: -10.3% -> +8.3%",
      "severity": "HIGH"
    },
    {
      "quarter": "2022-06 (Q2)",
      "signal": "OPERATING LEVERAGE",
      "detail": "Rev growth +4.9% vs OpEx growth +0.3% (leverage: 17.9x)",
      "severity": "MEDIUM"
    },
    {
      "quarter": "2022-06 (Q2)",
      "signal": "GROSS MARGIN INFLECTION",
      "detail": "GM: +31.3% -> +28.4% -> +32.1% (reversal +3.7%)",
      "severity": "MEDIUM"
    },
    {
      "quarter": "2022-03 (Q1)",
      "signal": "YoY REVENUE GROWTH DECELERATION",
      "detail": "YoY growth: -1.1% vs prior quarter YoY: +6.9% (decel: -7.9%)",
      "severity": "WARNING"
    },
    {
      "quarter": "2022-03 (Q1)",
      "signal": "OP MARGIN TURNED POSITIVE (YoY)",
      "detail": "Op margin: -12.8% (year-ago) -> +142.4%",
      "severity": "HIGH"
    },
    {
      "quarter": "2022-03 (Q1)",
      "signal": "OP MARGIN TURNED POSITIVE (QoQ)",
      "detail": "Op margin: -3.7% -> +142.4%",
      "severity": "HIGH"
    },
    {
      "quarter": "2021-12 (Q4)",
      "signal": "GROSS MARGIN INFLECTION",
      "detail": "GM: +34.1% -> +29.0% -> +31.3% (reversal +2.3%)",
      "severity": "MEDIUM"
    },
    {
      "quarter": "2021-03 (Q1)",
      "signal": "FCF TURNED POSITIVE",
      "detail": "FCF margin: -18.1% -> +5.6%",
      "severity": "HIGH"
    }
  ],
  "data_quality": {
    "n_quarters": 20,
    "coverage": {
      "revenue": [
        20,
        20
      ],
      "gross_profit": [
        14,
        20
      ],
      "op_income": [
        20,
        20
      ],
      "fcf": [
        20,
        20
      ]
    },
    "gaps": [],
    "warnings": [
      "gross_profit: 14/20Q"
    ]
  },
  "market_cap": null,
  "source": "SEC EDGAR",
  "last_updated": "2026-02-03T01:10:55.882678"
}