{
  "ticker": "STT",
  "name": "State Street Corp",
  "quarters": [
    {
      "date": "2020-12-31T00:00:00",
      "quarter_label": "2020-12 (Q4)",
      "revenue": 2917000000,
      "gross_profit": null,
      "operating_income": null,
      "net_income": 537000000,
      "opex": null,
      "cogs": null,
      "rd": null,
      "sga": null,
      "fcf": 3240000000,
      "ocf": 3376000000,
      "capex": -136000000,
      "gross_margin": null,
      "op_margin": null,
      "fcf_margin": 1.1107302022625987
    },
    {
      "date": "2021-03-31T00:00:00",
      "quarter_label": "2021-03 (Q1)",
      "revenue": 2950000000,
      "gross_profit": null,
      "operating_income": null,
      "net_income": 519000000,
      "opex": null,
      "cogs": null,
      "rd": null,
      "sga": null,
      "fcf": -3894000000,
      "ocf": -3732000000,
      "capex": -162000000,
      "gross_margin": null,
      "op_margin": null,
      "fcf_margin": -1.32,
      "fcf_margin_change": -2.4307302022625987
    },
    {
      "date": "2021-06-30T00:00:00",
      "quarter_label": "2021-06 (Q2)",
      "revenue": 3034000000,
      "gross_profit": null,
      "operating_income": null,
      "net_income": 763000000,
      "opex": null,
      "cogs": null,
      "rd": null,
      "sga": null,
      "fcf": -7790000000,
      "ocf": -7593000000,
      "capex": -197000000,
      "gross_margin": null,
      "op_margin": null,
      "fcf_margin": -2.5675675675675675,
      "fcf_margin_change": -1.2475675675675675
    },
    {
      "date": "2021-09-30T00:00:00",
      "quarter_label": "2021-09 (Q3)",
      "revenue": 2990000000,
      "gross_profit": null,
      "operating_income": null,
      "net_income": 714000000,
      "opex": null,
      "cogs": null,
      "rd": null,
      "sga": null,
      "fcf": 191000000,
      "ocf": 388000000,
      "capex": -197000000,
      "gross_margin": null,
      "op_margin": null,
      "fcf_margin": 0.06387959866220735,
      "fcf_margin_change": 2.631447166229775
    },
    {
      "date": "2021-12-31T00:00:00",
      "quarter_label": "2021-12 (Q4)",
      "revenue": 3053000000,
      "gross_profit": null,
      "operating_income": null,
      "net_income": 697000000,
      "opex": null,
      "cogs": null,
      "rd": null,
      "sga": null,
      "fcf": 3972000000,
      "ocf": 4227000000,
      "capex": -255000000,
      "gross_margin": null,
      "op_margin": null,
      "fcf_margin": 1.301015394693744,
      "rev_growth_yoy": 0.046623243057936234,
      "fcf_margin_change": 1.2371357960315366
    },
    {
      "date": "2022-03-31T00:00:00",
      "quarter_label": "2022-03 (Q1)",
      "revenue": 3081000000,
      "gross_profit": null,
      "operating_income": null,
      "net_income": 604000000,
      "opex": null,
      "cogs": null,
      "rd": null,
      "sga": null,
      "fcf": 4448000000,
      "ocf": 4586000000,
      "capex": -138000000,
      "gross_margin": null,
      "op_margin": null,
      "fcf_margin": 1.4436871145731904,
      "rev_growth_yoy": 0.04440677966101695,
      "rev_growth_yoy_accel": -0.002216463396919284,
      "fcf_margin_change": 0.1426717198794465
    },
    {
      "date": "2022-06-30T00:00:00",
      "quarter_label": "2022-06 (Q2)",
      "revenue": 2953000000,
      "gross_profit": null,
      "operating_income": null,
      "net_income": 747000000,
      "opex": null,
      "cogs": null,
      "rd": null,
      "sga": null,
      "fcf": -4317000000,
      "ocf": -4135000000,
      "capex": -182000000,
      "gross_margin": null,
      "op_margin": null,
      "fcf_margin": -1.4619031493396546,
      "rev_growth_yoy": -0.026697429136453527,
      "rev_growth_yoy_accel": -0.07110420879747048,
      "fcf_margin_change": -2.905590263912845
    },
    {
      "date": "2022-09-30T00:00:00",
      "quarter_label": "2022-09 (Q3)",
      "revenue": 2959000000,
      "gross_profit": null,
      "operating_income": null,
      "net_income": 690000000,
      "opex": null,
      "cogs": null,
      "rd": null,
      "sga": null,
      "fcf": 4257000000,
      "ocf": 4467000000,
      "capex": -210000000,
      "gross_margin": null,
      "op_margin": null,
      "fcf_margin": 1.4386617100371748,
      "rev_growth_yoy": -0.01036789297658863,
      "rev_growth_yoy_accel": 0.016329536159864898,
      "fcf_margin_change": 2.9005648593768294
    },
    {
      "date": "2022-12-31T00:00:00",
      "quarter_label": "2022-12 (Q4)",
      "revenue": 3155000000,
      "gross_profit": null,
      "operating_income": null,
      "net_income": 733000000,
      "opex": null,
      "cogs": null,
      "rd": null,
      "sga": null,
      "fcf": 6832000000,
      "ocf": 7036000000,
      "capex": -204000000,
      "gross_margin": null,
      "op_margin": null,
      "fcf_margin": 2.1654516640253565,
      "rev_growth_yoy": 0.033409760890926954,
      "rev_growth_yoy_accel": 0.04377765386751559,
      "fcf_margin_change": 0.7267899539881817
    },
    {
      "date": "2023-03-31T00:00:00",
      "quarter_label": "2023-03 (Q1)",
      "revenue": 3101000000,
      "gross_profit": null,
      "operating_income": null,
      "net_income": 549000000,
      "opex": null,
      "cogs": null,
      "rd": null,
      "sga": null,
      "fcf": -3044000000,
      "ocf": -2862000000,
      "capex": -182000000,
      "gross_margin": null,
      "op_margin": null,
      "fcf_margin": -0.981618832634634,
      "rev_growth_yoy": 0.006491398896462187,
      "rev_growth_yoy_accel": -0.026918361994464766,
      "fcf_margin_change": -3.1470704966599907
    },
    {
      "date": "2023-06-30T00:00:00",
      "quarter_label": "2023-06 (Q2)",
      "revenue": 3110000000,
      "gross_profit": null,
      "operating_income": null,
      "net_income": 763000000,
      "opex": null,
      "cogs": null,
      "rd": null,
      "sga": null,
      "fcf": -1022000000,
      "ocf": -852000000,
      "capex": -170000000,
      "gross_margin": null,
      "op_margin": null,
      "fcf_margin": -0.32861736334405145,
      "rev_growth_yoy": 0.05316627158821537,
      "rev_growth_yoy_accel": 0.04667487269175319,
      "fcf_margin_change": 0.6530014692905826
    },
    {
      "date": "2023-09-30T00:00:00",
      "quarter_label": "2023-09 (Q3)",
      "revenue": 2691000000,
      "gross_profit": null,
      "operating_income": null,
      "net_income": 422000000,
      "opex": null,
      "cogs": null,
      "rd": null,
      "sga": null,
      "fcf": 87000000,
      "ocf": 222000000,
      "capex": -135000000,
      "gross_margin": null,
      "op_margin": null,
      "fcf_margin": 0.032329988851727984,
      "rev_growth_yoy": -0.09057113889827645,
      "rev_growth_yoy_accel": -0.14373741048649183,
      "fcf_margin_change": 0.36094735219577945
    },
    {
      "date": "2023-12-31T00:00:00",
      "quarter_label": "2023-12 (Q4)",
      "revenue": 3043000000,
      "gross_profit": null,
      "operating_income": null,
      "net_income": 210000000,
      "opex": null,
      "cogs": null,
      "rd": null,
      "sga": null,
      "fcf": 3853000000,
      "ocf": 4182000000,
      "capex": -329000000,
      "gross_margin": null,
      "op_margin": null,
      "fcf_margin": 1.2661846861649688,
      "rev_growth_yoy": -0.03549920760697306,
      "rev_growth_yoy_accel": 0.05507193129130339,
      "fcf_margin_change": 1.233854697313241
    },
    {
      "date": "2024-03-31T00:00:00",
      "quarter_label": "2024-03 (Q1)",
      "revenue": 3138000000,
      "gross_profit": null,
      "operating_income": null,
      "net_income": 463000000,
      "opex": null,
      "cogs": null,
      "rd": null,
      "sga": null,
      "fcf": -1074000000,
      "ocf": -844000000,
      "capex": -230000000,
      "gross_margin": null,
      "op_margin": null,
      "fcf_margin": -0.3422562141491396,
      "rev_growth_yoy": 0.011931634956465657,
      "rev_growth_yoy_accel": 0.04743084256343871,
      "fcf_margin_change": -1.6084409003141085
    },
    {
      "date": "2024-06-30T00:00:00",
      "quarter_label": "2024-06 (Q2)",
      "revenue": 3191000000,
      "gross_profit": null,
      "operating_income": null,
      "net_income": 711000000,
      "opex": null,
      "cogs": null,
      "rd": null,
      "sga": null,
      "fcf": -7857000000,
      "ocf": -7644000000,
      "capex": -213000000,
      "gross_margin": null,
      "op_margin": null,
      "fcf_margin": -2.4622375430899406,
      "rev_growth_yoy": 0.026045016077170417,
      "rev_growth_yoy_accel": 0.01411338112070476,
      "fcf_margin_change": -2.119981328940801
    },
    {
      "date": "2024-09-30T00:00:00",
      "quarter_label": "2024-09 (Q3)",
      "revenue": 3259000000,
      "gross_profit": null,
      "operating_income": null,
      "net_income": 730000000,
      "opex": null,
      "cogs": null,
      "rd": null,
      "sga": null,
      "fcf": 2474000000,
      "ocf": 2708000000,
      "capex": -234000000,
      "gross_margin": null,
      "op_margin": null,
      "fcf_margin": 0.7591285670451059,
      "rev_growth_yoy": 0.211073950204385,
      "rev_growth_yoy_accel": 0.18502893412721458,
      "fcf_margin_change": 3.2213661101350466
    },
    {
      "date": "2024-12-31T00:00:00",
      "quarter_label": "2024-12 (Q4)",
      "revenue": 3412000000,
      "gross_profit": null,
      "operating_income": null,
      "net_income": 783000000,
      "opex": null,
      "cogs": null,
      "rd": null,
      "sga": null,
      "fcf": -7679000000,
      "ocf": -7430000000,
      "capex": -249000000,
      "gross_margin": null,
      "op_margin": null,
      "fcf_margin": -2.250586166471278,
      "rev_growth_yoy": 0.12126191258626355,
      "rev_growth_yoy_accel": -0.08981203761812144,
      "fcf_margin_change": -3.009714733516384
    },
    {
      "date": "2025-03-31T00:00:00",
      "quarter_label": "2025-03 (Q1)",
      "revenue": 3284000000,
      "gross_profit": null,
      "operating_income": null,
      "net_income": 644000000,
      "opex": null,
      "cogs": null,
      "rd": null,
      "sga": null,
      "fcf": 2170000000,
      "ocf": 2396000000,
      "capex": -226000000,
      "gross_margin": null,
      "op_margin": null,
      "fcf_margin": 0.6607795371498173,
      "rev_growth_yoy": 0.04652644996813257,
      "rev_growth_yoy_accel": -0.07473546261813098,
      "fcf_margin_change": 2.911365703621095
    },
    {
      "date": "2025-06-30T00:00:00",
      "quarter_label": "2025-06 (Q2)",
      "revenue": 3448000000,
      "gross_profit": null,
      "operating_income": null,
      "net_income": 693000000,
      "opex": null,
      "cogs": null,
      "rd": null,
      "sga": null,
      "fcf": -8760000000,
      "ocf": -8441000000,
      "capex": -319000000,
      "gross_margin": null,
      "op_margin": null,
      "fcf_margin": -2.5406032482598606,
      "rev_growth_yoy": 0.08053901598245064,
      "rev_growth_yoy_accel": 0.03401256601431807,
      "fcf_margin_change": -3.201382785409678
    },
    {
      "date": "2025-09-30T00:00:00",
      "quarter_label": "2025-09 (Q3)",
      "revenue": 3545000000,
      "gross_profit": null,
      "operating_income": null,
      "net_income": 861000000,
      "opex": null,
      "cogs": null,
      "rd": null,
      "sga": null,
      "fcf": 7658000000,
      "ocf": 7901000000,
      "capex": -243000000,
      "gross_margin": null,
      "op_margin": null,
      "fcf_margin": 2.1602256699576867,
      "rev_growth_yoy": 0.08775698066891685,
      "rev_growth_yoy_accel": 0.007217964686466211,
      "fcf_margin_change": 4.700828918217548
    }
  ],
  "signals": [
    {
      "quarter": "2025-09 (Q3)",
      "signal": "FCF TURNED POSITIVE",
      "detail": "FCF margin: -254.1% -> +216.0%",
      "severity": "HIGH"
    },
    {
      "quarter": "2025-03 (Q1)",
      "signal": "FCF TURNED POSITIVE",
      "detail": "FCF margin: -225.1% -> +66.1%",
      "severity": "HIGH"
    },
    {
      "quarter": "2025-03 (Q1)",
      "signal": "YoY REVENUE GROWTH DECELERATION",
      "detail": "YoY growth: +4.7% vs prior quarter YoY: +12.1% (decel: -7.5%)",
      "severity": "WARNING"
    },
    {
      "quarter": "2024-12 (Q4)",
      "signal": "YoY REVENUE GROWTH DECELERATION",
      "detail": "YoY growth: +12.1% vs prior quarter YoY: +21.1% (decel: -9.0%)",
      "severity": "WARNING"
    },
    {
      "quarter": "2024-09 (Q3)",
      "signal": "FCF TURNED POSITIVE",
      "detail": "FCF margin: -246.2% -> +75.9%",
      "severity": "HIGH"
    },
    {
      "quarter": "2024-09 (Q3)",
      "signal": "YoY REVENUE GROWTH ACCELERATION",
      "detail": "YoY growth: +21.1% vs prior quarter YoY: +2.6% (accel: +18.5%)",
      "severity": "HIGH"
    },
    {
      "quarter": "2023-12 (Q4)",
      "signal": "FCF MARGIN EXPANSION",
      "detail": "FCF margin: +3.2% -> +126.6% (+123.4%)",
      "severity": "MEDIUM"
    },
    {
      "quarter": "2023-12 (Q4)",
      "signal": "YoY REVENUE GROWTH ACCELERATION",
      "detail": "YoY growth: -3.5% vs prior quarter YoY: -9.1% (accel: +5.5%)",
      "severity": "MEDIUM"
    },
    {
      "quarter": "2023-09 (Q3)",
      "signal": "FCF TURNED POSITIVE",
      "detail": "FCF margin: -32.9% -> +3.2%",
      "severity": "HIGH"
    },
    {
      "quarter": "2023-09 (Q3)",
      "signal": "YoY REVENUE GROWTH DECELERATION",
      "detail": "YoY growth: -9.1% vs prior quarter YoY: +5.3% (decel: -14.4%)",
      "severity": "WARNING"
    },
    {
      "quarter": "2023-06 (Q2)",
      "signal": "FCF MARGIN EXPANSION",
      "detail": "FCF margin: -98.2% -> -32.9% (+65.3%)",
      "severity": "MEDIUM"
    },
    {
      "quarter": "2022-12 (Q4)",
      "signal": "FCF MARGIN EXPANSION",
      "detail": "FCF margin: +143.9% -> +216.5% (+72.7%)",
      "severity": "MEDIUM"
    },
    {
      "quarter": "2022-09 (Q3)",
      "signal": "FCF TURNED POSITIVE",
      "detail": "FCF margin: -146.2% -> +143.9%",
      "severity": "HIGH"
    },
    {
      "quarter": "2022-06 (Q2)",
      "signal": "YoY REVENUE GROWTH DECELERATION",
      "detail": "YoY growth: -2.7% vs prior quarter YoY: +4.4% (decel: -7.1%)",
      "severity": "WARNING"
    },
    {
      "quarter": "2022-03 (Q1)",
      "signal": "FCF MARGIN EXPANSION",
      "detail": "FCF margin: +130.1% -> +144.4% (+14.3%)",
      "severity": "MEDIUM"
    },
    {
      "quarter": "2021-12 (Q4)",
      "signal": "FCF MARGIN EXPANSION",
      "detail": "FCF margin: +6.4% -> +130.1% (+123.7%)",
      "severity": "MEDIUM"
    },
    {
      "quarter": "2021-09 (Q3)",
      "signal": "FCF TURNED POSITIVE",
      "detail": "FCF margin: -256.8% -> +6.4%",
      "severity": "HIGH"
    }
  ],
  "data_quality": {
    "n_quarters": 20,
    "coverage": {
      "revenue": [
        20,
        20
      ],
      "gross_profit": [
        0,
        20
      ],
      "op_income": [
        0,
        20
      ],
      "fcf": [
        20,
        20
      ]
    },
    "gaps": [],
    "warnings": [
      "gross_profit: no data",
      "op_income: no data"
    ]
  },
  "market_cap": null,
  "source": "SEC EDGAR",
  "last_updated": "2026-02-02T20:06:08.157557"
}