{
  "ticker": "STWD",
  "name": "Starwood Property Trust,\u00a0Inc.",
  "quarters": [
    {
      "date": "2020-12-31T00:00:00",
      "quarter_label": "2020-12 (Q4)",
      "revenue": 290562000,
      "gross_profit": null,
      "operating_income": null,
      "net_income": 106968000,
      "opex": 231403000,
      "cogs": null,
      "rd": null,
      "sga": null,
      "fcf": 519399000,
      "ocf": 519399000,
      "capex": null,
      "gross_margin": null,
      "op_margin": null,
      "fcf_margin": 1.7875668532017264
    },
    {
      "date": "2021-03-31T00:00:00",
      "quarter_label": "2021-03 (Q1)",
      "revenue": 287230000,
      "gross_profit": null,
      "operating_income": null,
      "net_income": 111378000,
      "opex": 232879000,
      "cogs": null,
      "rd": null,
      "sga": null,
      "fcf": 270766000,
      "ocf": 270766000,
      "capex": null,
      "gross_margin": null,
      "op_margin": null,
      "fcf_margin": 0.9426800821641194,
      "fcf_margin_change": -0.844886771037607
    },
    {
      "date": "2021-06-30T00:00:00",
      "quarter_label": "2021-06 (Q2)",
      "revenue": 290867000,
      "gross_profit": null,
      "operating_income": null,
      "net_income": 116310000,
      "opex": 225939000,
      "cogs": null,
      "rd": null,
      "sga": null,
      "fcf": 17221000,
      "ocf": 17221000,
      "capex": null,
      "gross_margin": null,
      "op_margin": null,
      "fcf_margin": 0.05920575383250764,
      "op_leverage_ratio": Infinity,
      "fcf_margin_change": -0.8834743283316118
    },
    {
      "date": "2021-09-30T00:00:00",
      "quarter_label": "2021-09 (Q3)",
      "revenue": 302286000,
      "gross_profit": null,
      "operating_income": null,
      "net_income": 128602000,
      "opex": 231353000,
      "cogs": null,
      "rd": null,
      "sga": null,
      "fcf": -749740000,
      "ocf": -749740000,
      "capex": null,
      "gross_margin": null,
      "op_margin": null,
      "fcf_margin": -2.480233950629536,
      "op_leverage_ratio": 1.638349572426978,
      "fcf_margin_change": -2.5394397044620436
    },
    {
      "date": "2021-12-31T00:00:00",
      "quarter_label": "2021-12 (Q4)",
      "revenue": 289705000,
      "gross_profit": null,
      "operating_income": null,
      "net_income": 91449000,
      "opex": 298886000,
      "cogs": null,
      "rd": null,
      "sga": null,
      "fcf": -528222000,
      "ocf": -528222000,
      "capex": null,
      "gross_margin": null,
      "op_margin": null,
      "fcf_margin": -1.8233099187104123,
      "rev_growth_yoy": -0.0029494565703705234,
      "fcf_margin_change": 0.6569240319191239
    },
    {
      "date": "2022-03-31T00:00:00",
      "quarter_label": "2022-03 (Q1)",
      "revenue": 293992000,
      "gross_profit": null,
      "operating_income": null,
      "net_income": 324599000,
      "opex": 243823000,
      "cogs": null,
      "rd": null,
      "sga": null,
      "fcf": 154374000,
      "ocf": 154374000,
      "capex": null,
      "gross_margin": null,
      "op_margin": null,
      "fcf_margin": 0.5250959209774415,
      "rev_growth_yoy": 0.023542109111165267,
      "rev_growth_yoy_accel": 0.02649156568153579,
      "op_leverage_ratio": Infinity,
      "fcf_margin_change": 2.348405839687854
    },
    {
      "date": "2022-06-30T00:00:00",
      "quarter_label": "2022-06 (Q2)",
      "revenue": 325586000,
      "gross_profit": null,
      "operating_income": null,
      "net_income": 212287000,
      "opex": 262298000,
      "cogs": null,
      "rd": null,
      "sga": null,
      "fcf": 530869000,
      "ocf": 530869000,
      "capex": null,
      "gross_margin": null,
      "op_margin": null,
      "fcf_margin": 1.630503154312532,
      "rev_growth_yoy": 0.11936383295458061,
      "rev_growth_yoy_accel": 0.09582172384341535,
      "op_leverage_ratio": 1.41827133237652,
      "fcf_margin_change": 1.1054072333350904
    },
    {
      "date": "2022-09-30T00:00:00",
      "quarter_label": "2022-09 (Q3)",
      "revenue": 390541000,
      "gross_profit": null,
      "operating_income": null,
      "net_income": 194562000,
      "opex": 336647000,
      "cogs": null,
      "rd": null,
      "sga": null,
      "fcf": 159491000,
      "ocf": 159491000,
      "capex": null,
      "gross_margin": null,
      "op_margin": null,
      "fcf_margin": 0.40838477906288967,
      "rev_growth_yoy": 0.29195860873477436,
      "rev_growth_yoy_accel": 0.17259477578019375,
      "op_leverage_ratio": 0.7038282792180038,
      "fcf_margin_change": -1.2221183752496423
    },
    {
      "date": "2022-12-31T00:00:00",
      "quarter_label": "2022-12 (Q4)",
      "revenue": 454597000,
      "gross_profit": null,
      "operating_income": null,
      "net_income": 140027000,
      "opex": 430183000,
      "cogs": null,
      "rd": null,
      "sga": null,
      "fcf": -630993000,
      "ocf": -630993000,
      "capex": null,
      "gross_margin": null,
      "op_margin": null,
      "fcf_margin": -1.388027197715779,
      "rev_growth_yoy": 0.5691720888490016,
      "rev_growth_yoy_accel": 0.27721348011422725,
      "op_leverage_ratio": 0.5903222280646908,
      "fcf_margin_change": -1.7964119767786686
    },
    {
      "date": "2023-03-31T00:00:00",
      "quarter_label": "2023-03 (Q1)",
      "revenue": 490414000,
      "gross_profit": null,
      "operating_income": null,
      "net_income": 51974000,
      "opex": 485342000,
      "cogs": null,
      "rd": null,
      "sga": null,
      "fcf": -28558000,
      "ocf": -28558000,
      "capex": null,
      "gross_margin": null,
      "op_margin": null,
      "fcf_margin": -0.058232432189945636,
      "rev_growth_yoy": 0.6681202209583934,
      "rev_growth_yoy_accel": 0.0989481321093918,
      "op_leverage_ratio": 0.6144683262208662,
      "fcf_margin_change": 1.3297947655258333
    },
    {
      "date": "2023-06-30T00:00:00",
      "quarter_label": "2023-06 (Q2)",
      "revenue": 515669000,
      "gross_profit": null,
      "operating_income": null,
      "net_income": 168843000,
      "opex": 583452000,
      "cogs": null,
      "rd": null,
      "sga": null,
      "fcf": 188914000,
      "ocf": 188914000,
      "capex": null,
      "gross_margin": null,
      "op_margin": null,
      "fcf_margin": 0.36634740502143814,
      "rev_growth_yoy": 0.5838181002868674,
      "rev_growth_yoy_accel": -0.08430212067152598,
      "op_leverage_ratio": 0.2547528861701644,
      "fcf_margin_change": 0.42457983721138376
    },
    {
      "date": "2023-09-30T00:00:00",
      "quarter_label": "2023-09 (Q3)",
      "revenue": 521547000,
      "gross_profit": null,
      "operating_income": null,
      "net_income": 47435000,
      "opex": 519600000,
      "cogs": null,
      "rd": null,
      "sga": null,
      "fcf": 356387000,
      "ocf": 356387000,
      "capex": null,
      "gross_margin": null,
      "op_margin": null,
      "fcf_margin": 0.6833267183973831,
      "rev_growth_yoy": 0.33544749462924506,
      "rev_growth_yoy_accel": -0.24837060565762237,
      "op_leverage_ratio": Infinity,
      "fcf_margin_change": 0.316979313375945
    },
    {
      "date": "2023-12-31T00:00:00",
      "quarter_label": "2023-12 (Q4)",
      "revenue": 522278000,
      "gross_profit": null,
      "operating_income": null,
      "net_income": 70961000,
      "opex": 509924000,
      "cogs": null,
      "rd": null,
      "sga": null,
      "fcf": 11854000,
      "ocf": 11854000,
      "capex": null,
      "gross_margin": null,
      "op_margin": null,
      "fcf_margin": 0.022696724732805134,
      "rev_growth_yoy": 0.14888131685866823,
      "rev_growth_yoy_accel": -0.18656617777057682,
      "fcf_margin_change": -0.660629993664578
    },
    {
      "date": "2024-03-31T00:00:00",
      "quarter_label": "2024-03 (Q1)",
      "revenue": 523088000,
      "gross_profit": null,
      "operating_income": null,
      "net_income": 154332000,
      "opex": 509308000,
      "cogs": null,
      "rd": null,
      "sga": null,
      "fcf": 55949000,
      "ocf": 55949000,
      "capex": null,
      "gross_margin": null,
      "op_margin": null,
      "fcf_margin": 0.106959058514055,
      "rev_growth_yoy": 0.06662534103838798,
      "rev_growth_yoy_accel": -0.08225597582028026,
      "fcf_margin_change": 0.08426233378124987
    },
    {
      "date": "2024-06-30T00:00:00",
      "quarter_label": "2024-06 (Q2)",
      "revenue": 489826000,
      "gross_profit": null,
      "operating_income": null,
      "net_income": 77890000,
      "opex": 491176000,
      "cogs": null,
      "rd": null,
      "sga": null,
      "fcf": 53258000,
      "ocf": 53258000,
      "capex": null,
      "gross_margin": null,
      "op_margin": null,
      "fcf_margin": 0.10872840559708957,
      "rev_growth_yoy": -0.050115481054707575,
      "rev_growth_yoy_accel": -0.11674082209309555,
      "fcf_margin_change": 0.0017693470830345698
    },
    {
      "date": "2024-09-30T00:00:00",
      "quarter_label": "2024-09 (Q3)",
      "revenue": 479540000,
      "gross_profit": null,
      "operating_income": null,
      "net_income": 76068000,
      "opex": 502575000,
      "cogs": null,
      "rd": null,
      "sga": null,
      "fcf": 241799000,
      "ocf": 241799000,
      "capex": null,
      "gross_margin": null,
      "op_margin": null,
      "fcf_margin": 0.5042311381740835,
      "rev_growth_yoy": -0.08054307665464475,
      "rev_growth_yoy_accel": -0.03042759559993717,
      "fcf_margin_change": 0.3955027325769939
    },
    {
      "date": "2024-12-31T00:00:00",
      "quarter_label": "2024-12 (Q4)",
      "revenue": 454389000,
      "gross_profit": null,
      "operating_income": null,
      "net_income": 51643000,
      "opex": 479013000,
      "cogs": null,
      "rd": null,
      "sga": null,
      "fcf": 295580000,
      "ocf": 295580000,
      "capex": null,
      "gross_margin": null,
      "op_margin": null,
      "fcf_margin": 0.6504999020662913,
      "rev_growth_yoy": -0.12998632911974084,
      "rev_growth_yoy_accel": -0.049443252465096094,
      "fcf_margin_change": 0.14626876389220778
    },
    {
      "date": "2025-03-31T00:00:00",
      "quarter_label": "2025-03 (Q1)",
      "revenue": 418180000,
      "gross_profit": null,
      "operating_income": null,
      "net_income": 112255000,
      "opex": 384224000,
      "cogs": null,
      "rd": null,
      "sga": null,
      "fcf": 238865000,
      "ocf": 238865000,
      "capex": null,
      "gross_margin": null,
      "op_margin": null,
      "fcf_margin": 0.571201396527811,
      "rev_growth_yoy": -0.200555164714159,
      "rev_growth_yoy_accel": -0.07056883559441815,
      "fcf_margin_change": -0.07929850553848028
    },
    {
      "date": "2025-06-30T00:00:00",
      "quarter_label": "2025-06 (Q2)",
      "revenue": 444283000,
      "gross_profit": null,
      "operating_income": null,
      "net_income": 129814000,
      "opex": 430479000,
      "cogs": null,
      "rd": null,
      "sga": null,
      "fcf": -87354000,
      "ocf": -87354000,
      "capex": null,
      "gross_margin": null,
      "op_margin": null,
      "fcf_margin": -0.19661792145997034,
      "rev_growth_yoy": -0.09297791460641125,
      "rev_growth_yoy_accel": 0.10757725010774774,
      "op_leverage_ratio": 0.5185050239503962,
      "fcf_margin_change": -0.7678193179877814
    },
    {
      "date": "2025-09-30T00:00:00",
      "quarter_label": "2025-09 (Q3)",
      "revenue": 488878000,
      "gross_profit": null,
      "operating_income": null,
      "net_income": 72560000,
      "opex": 489444000,
      "cogs": null,
      "rd": null,
      "sga": null,
      "fcf": 337591000,
      "ocf": 337591000,
      "capex": null,
      "gross_margin": null,
      "op_margin": null,
      "fcf_margin": 0.6905424257176637,
      "rev_growth_yoy": 0.019472828126955,
      "rev_growth_yoy_accel": 0.11245074273336625,
      "op_leverage_ratio": 0.7327977712757886,
      "fcf_margin_change": 0.887160347177634
    }
  ],
  "signals": [
    {
      "quarter": "2025-09 (Q3)",
      "signal": "FCF TURNED POSITIVE",
      "detail": "FCF margin: -19.7% -> +69.1%",
      "severity": "HIGH"
    },
    {
      "quarter": "2025-09 (Q3)",
      "signal": "YoY REVENUE GROWTH ACCELERATION",
      "detail": "YoY growth: +1.9% vs prior quarter YoY: -9.3% (accel: +11.2%)",
      "severity": "MEDIUM"
    },
    {
      "quarter": "2025-06 (Q2)",
      "signal": "YoY REVENUE GROWTH ACCELERATION",
      "detail": "YoY growth: -9.3% vs prior quarter YoY: -20.1% (accel: +10.8%)",
      "severity": "MEDIUM"
    },
    {
      "quarter": "2025-03 (Q1)",
      "signal": "YoY REVENUE GROWTH DECELERATION",
      "detail": "YoY growth: -20.1% vs prior quarter YoY: -13.0% (decel: -7.1%)",
      "severity": "WARNING"
    },
    {
      "quarter": "2024-12 (Q4)",
      "signal": "FCF MARGIN EXPANSION",
      "detail": "FCF margin: +50.4% -> +65.0% (+14.6%)",
      "severity": "MEDIUM"
    },
    {
      "quarter": "2024-09 (Q3)",
      "signal": "FCF MARGIN EXPANSION",
      "detail": "FCF margin: +10.9% -> +50.4% (+39.6%)",
      "severity": "MEDIUM"
    },
    {
      "quarter": "2024-06 (Q2)",
      "signal": "YoY REVENUE GROWTH DECELERATION",
      "detail": "YoY growth: -5.0% vs prior quarter YoY: +6.7% (decel: -11.7%)",
      "severity": "WARNING"
    },
    {
      "quarter": "2024-03 (Q1)",
      "signal": "FCF MARGIN EXPANSION",
      "detail": "FCF margin: +2.3% -> +10.7% (+8.4%)",
      "severity": "MEDIUM"
    },
    {
      "quarter": "2024-03 (Q1)",
      "signal": "YoY REVENUE GROWTH DECELERATION",
      "detail": "YoY growth: +6.7% vs prior quarter YoY: +14.9% (decel: -8.2%)",
      "severity": "WARNING"
    },
    {
      "quarter": "2023-12 (Q4)",
      "signal": "YoY REVENUE GROWTH DECELERATION",
      "detail": "YoY growth: +14.9% vs prior quarter YoY: +33.5% (decel: -18.7%)",
      "severity": "WARNING"
    },
    {
      "quarter": "2023-09 (Q3)",
      "signal": "FCF MARGIN EXPANSION",
      "detail": "FCF margin: +36.6% -> +68.3% (+31.7%)",
      "severity": "MEDIUM"
    },
    {
      "quarter": "2023-09 (Q3)",
      "signal": "YoY REVENUE GROWTH DECELERATION",
      "detail": "YoY growth: +33.5% vs prior quarter YoY: +58.4% (decel: -24.8%)",
      "severity": "WARNING"
    },
    {
      "quarter": "2023-06 (Q2)",
      "signal": "FCF TURNED POSITIVE",
      "detail": "FCF margin: -5.8% -> +36.6%",
      "severity": "HIGH"
    },
    {
      "quarter": "2023-06 (Q2)",
      "signal": "YoY REVENUE GROWTH DECELERATION",
      "detail": "YoY growth: +58.4% vs prior quarter YoY: +66.8% (decel: -8.4%)",
      "severity": "WARNING"
    },
    {
      "quarter": "2023-03 (Q1)",
      "signal": "FCF MARGIN EXPANSION",
      "detail": "FCF margin: -138.8% -> -5.8% (+133.0%)",
      "severity": "MEDIUM"
    },
    {
      "quarter": "2023-03 (Q1)",
      "signal": "YoY REVENUE GROWTH ACCELERATION",
      "detail": "YoY growth: +66.8% vs prior quarter YoY: +56.9% (accel: +9.9%)",
      "severity": "MEDIUM"
    },
    {
      "quarter": "2022-12 (Q4)",
      "signal": "YoY REVENUE GROWTH ACCELERATION",
      "detail": "YoY growth: +56.9% vs prior quarter YoY: +29.2% (accel: +27.7%)",
      "severity": "HIGH"
    },
    {
      "quarter": "2022-09 (Q3)",
      "signal": "YoY REVENUE GROWTH ACCELERATION",
      "detail": "YoY growth: +29.2% vs prior quarter YoY: +11.9% (accel: +17.3%)",
      "severity": "HIGH"
    },
    {
      "quarter": "2022-06 (Q2)",
      "signal": "FCF MARGIN EXPANSION",
      "detail": "FCF margin: +52.5% -> +163.1% (+110.5%)",
      "severity": "MEDIUM"
    },
    {
      "quarter": "2022-06 (Q2)",
      "signal": "YoY REVENUE GROWTH ACCELERATION",
      "detail": "YoY growth: +11.9% vs prior quarter YoY: +2.4% (accel: +9.6%)",
      "severity": "MEDIUM"
    },
    {
      "quarter": "2022-03 (Q1)",
      "signal": "FCF TURNED POSITIVE",
      "detail": "FCF margin: -182.3% -> +52.5%",
      "severity": "HIGH"
    },
    {
      "quarter": "2021-12 (Q4)",
      "signal": "FCF MARGIN EXPANSION",
      "detail": "FCF margin: -248.0% -> -182.3% (+65.7%)",
      "severity": "MEDIUM"
    },
    {
      "quarter": "2021-09 (Q3)",
      "signal": "OPERATING LEVERAGE",
      "detail": "Rev growth +3.9% vs OpEx growth +2.4% (leverage: 1.6x)",
      "severity": "MEDIUM"
    }
  ],
  "data_quality": {
    "n_quarters": 20,
    "coverage": {
      "revenue": [
        20,
        20
      ],
      "gross_profit": [
        0,
        20
      ],
      "op_income": [
        0,
        20
      ],
      "fcf": [
        20,
        20
      ]
    },
    "gaps": [],
    "warnings": [
      "gross_profit: no data",
      "op_income: no data"
    ]
  },
  "market_cap": null,
  "source": "SEC EDGAR",
  "last_updated": "2026-02-02T20:51:34.279847"
}